2618 3640
511 430 630 452 'XXVIII
1107 423 1653 448 CHARTULAR1UM.UN1VERS.
1690 421 1820 443 PARIS.

618 519 632 537 «
649 503 1079 551 CelebrisThcologoruin
1094 503 1286 540 recursus»
1301 529 1309 545 ,
1323 503 1360 535 ut
1371 495 1787 535 memoratlnnocentius
1799 496 1848 530 IlI
1863 505 1955 530 anno
1970 494 2077 536 1207,
2087 493 2163 540 jam
2173 495 2256 534 ante
2267 491 2393 536 initam

519 575 759 612 Universitatis
784 575 990 611 societatem
1009 572 1151 621 vigebat
1171 576 1203 608 et
1225 571 1445 619 splendebat.
1476 569 1627 606 Saeculo
1652 569 1716 603 XII
1740 570 1886 614 apparet
1909 564 2120 612 magistrum
2147 563 2209 611 qui
2233 563 2392 607 scholam

516 648 659 696 regebat
672 646 846 694 discipulo
866 646 1033 693 provecto
1048 644 1229 680 docendos
1252 642 1433 678 scholares
1453 640 1666 683 credidisse;
1691 639 1721 674 is
1734 650 1815 674 vero
1829 642 1915 673 tunc
1928 635 2123 676 vocabatur
2143 634 2394 683 «praepositus

515 719 720 755 scholarum
743 733 779 762 »‚
802 721 839 753 ut
859 721 955 764 patet
977 728 1019 751 ex
1042 715 1256 762 quibusdam
1282 711 1553 760 scriptoribus¹‚
1577 716 1611 747 et
1631 721 1781 746 munere
1802 709 1873 745 fere
1890 708 2020 744 eodem
2038 706 2254 754 fungebatur
2274 718 2346 754 quo
2362 705 2394 750 *isi

515 789 712 826 baccalarei
732 788 769 824 in
786 787 979 824 Ordinibus
1000 785 1174 833 religiosis
1192 785 1254 832 qui
1274 784 1416 820 saeculo
1429 785 1513 820 X111
1533 782 1674 818 Parisiis
1689 781 1756 817 sub
1778 779 1958 828 magistris
1977 777 2184 826 regentibus
2202 776 2389 814 docebant.

514 860 673 896 Honorio
691 861 740 895 llI
761 862 794 895 et
818 857 983 906 Gregorio
1010 859 1058 892 IX
1087 855 1308 899 auctoribus,
1332 854 1456 891 Parisii
1477 853 1707 889 scientiarum
1734 852 1854 888 civitas
1873 863 1945 899 qua
1970 849 2166 897 Theologia
2190 848 2259 884 κατ’
2284 847 2392 896 ἐξοχὴν

515 932 714 967 traderetur
733 930 852 978 agnita
871 933 935 972 est,
958 932 993 964 et
1012 927 1108 976 prior
1130 930 1299 963 exornata
1320 926 1436 974 figura
1456 929 1558 961 utens
1576 924 1661 960 dicit
1680 936 1687 959 z
1713 938 1728 956 «
1747 925 1846 959 Auro
1866 922 1968 958 locus
1990 921 2027 957 in
2053 932 2124 968 quo
2145 921 2322 956 confletur
2338 923 2391 963 est

507 1003 723 1050 jamdudum
745 1000 886 1036 Parisiis
901 1001 1090 1047 deputatus
1110 1014 1124 1031 »
1156 997 1254 1040 (Vz'cl.
1274 1004 1309 1032 n⁰
1326 999 1386 1038 32,
1407 1009 1443 1044 p.
1471 995 1550 1043 92).
1580 994 1932 1032 Praeconiasaeculo
1945 994 2027 1028 XIII
2050 992 2236 1028 Parisiensi
2261 992 2391 1034 civitati

510 1074 643 1109 tributa
655 1075 697 1120 (v.
716 1072 876 1108 Iudicem
891 1071 957 1106 sub
972 1077 1002 1104 v⁰
1018 1071 1238 1105 PARISIORUM
1260 1080 1411 1111 clvrrAs,
1432 1068 1593 1103 STUDIUM
1615 1065 1839 1112 PAmsmNsss)
1857 1064 2066 1112 praesertim
2090 1064 2135 1100 ad
2156 1063 2390 1112 Theologiam

509 1145 557 1181 ibi
581 1144 745 1180 traditam
763 1142 979 1190 spectabant.
1000 1141 1113 1188 Hujus
1133 1138 1618 1187 Theologicae.institutionis
1641 1149 1763 1181 causa,
1795 1137 1940 1173 saeculo
1958 1137 2041 1171 XIII
2061 1135 2211 1172 Ordines
2236 1135 2390 1184 religiosi

505 1215 658 1251 Parisios
681 1213 956 1253 confluxerunt,
980 1211 1206 1258 hospitiaque
1235 1210 1350 1246 multa
1373 1209 1624 1252 condiderunt,
1639 1209 1756 1257 primo
1777 1210 1918 1245 Fratres
1943 1207 2228 1249 Praedicatores,
2259 1207 2390 1244 deinde

505 1286 671 1328 Minores,
688 1284 797 1321 Vallis
816 1283 1056 1325 Scholarium,
1073 1281 1339 1324 Cistercienses,
1357 1283 1738 1324 Praemonstratenses,
1757 1279 1982 1327 Carmelitae,
2001 1279 2178 1315 Eremitae
2197 1280 2232 1315 S.
2251 1280 2391 1327 Augus—

503 1357 583 1399 tini,
618 1356 882 1402 Cluniacenses.
910 1354 1001 1390 Huic
1030 1354 1138 1390 etiam
1166 1353 1319 1390 debetur
1342 1353 1472 1389 domus
1499 1352 1682 1389 Sorbonae
1707 1351 1825 1399 origo,
1854 1351 1988 1399 quippe
2014 1362 2105 1398 quae
2135 1350 2387 1398 magistrorum

503 1440 702 1476 pauperum
722 1427 863 1462 Artium
882 1425 993 1474 gratia
1008 1425 1045 1461 in
1071 1425 1268 1473 Theologia
1287 1424 1508 1460 studentium
1530 1424 1679 1459 fundata
1700 1423 1756 1459 sit.

601 1499 834 1535 Notissimum
850 1501 902 1533 est
919 1509 990 1544 qua
1004 1496 1208 1533 celebritate
1224 1508 1316 1532 saec.
1334 1497 1399 1531 XII
1415 1499 1450 1532 et
1464 1497 1547 1531 XIII
1564 1507 1647 1531 usae
1673 1495 1744 1530 sint
1759 1494 1902 1532 scholae
1915 1493 2071 1538 Artium,
2091 1505 2181 1541 quae
2200 1496 2238 1529 ut
2255 1493 2387 1530 funda-

503 1574 665 1607 mentum
687 1571 839 1606 aliarum
860 1569 1092 1605 scientiarum
1110 1567 1347 1604 habebantur.
1367 1568 1570 1603 Alexandro
1588 1568 1635 1603 lv
1656 1570 1758 1611 teste,
1779 1566 1949 1602 «Artium
1968 1565 2053 1602 urbs
2070 1565 2209 1601 famosa
2226 1580 2241 1598 »
2263 1564 2387 1604 Parisii

502 1646 689 1679 evaserunt
716 1641 818 1689 (Vz‘d.
849 1653 885 1688 p.
917 1640 1019 1688 343).
1051 1640 1189 1675 Nullius
1214 1639 1406 1675 Facultatis
1438 1638 1629 1682 institutio,
1659 1637 1862 1685 disciplina,
1896 1637 2070 1685 regimen,
2104 1640 2143 1672 ut
2172 1640 2317 1685 apparet
2336 1648 2387 1676 ‚ex

502 1717 622 1750 nostro
636 1712 871 1754 Chartulario,
884 1711 1011 1747 melius
1022 1710 1253 1747 constituitur
1265 1714 1301 1746 et
1314 1710 1528 1746 certioribus
1545 1709 1678 1758 regulis
1692 1709 1881 1757 subjicitur
1895 1720 2003 1756 quam
2021 1708 2213 1744 Facultatis
2226 1708 2383 1747 Artium.

600 1787 691 1820 Ante
706 1795 839 1820 annum
858 1785 965 1825 1219,
983 1794 1053 1818 non
1075 1782 1183 1818 modo
1196 1783 1257 1830 jus
1274 1781 1501 1824 canonicum,
1522 1781 1586 1817 sed
1601 1781 1709 1817 etiam
1723 1780 1824 1829 leges
1840 1779 1983 1816 Parisiis
1999 1779 2232 1816 docebantur.
2251 1780 2386 1819 Faten-

503 1857 588 1892 dum
609 1859 728 1891 tamen
747 1855 866 1902 legum
889 1853 1073 1890 scientiam
1093 1864 1276 1901 nunquam
1301 1852 1351 1889 ibi
1373 1852 1553 1889 floruisse.
1575 1854 1679 1888 Anno
1703 1863 1812 1900 quem
1835 1851 2114 1889 memoravimus
2135 1850 2316 1889 Honorius
2333 1852 2384 1889 111

502 1926 716 1975 prohibebat
739 1925 932 1973 quominus
951 1924 1093 1960 Parisiis
1113 1929 1148 1960 et
1173 1924 1208 1959 in
1233 1924 1322 1961 locis
1343 1924 1468 1960 vicinis
1490 1924 1588 1972 leges
1613 1924 1836 1960 traderentur
1859 1922 1957 1971 (Vz'a'.
1975 1922 2069 1959 infra
2089 1935 2126 1970 p.
2148 1921 2222 1969 92).
2245 1924 2386 1962 Memo-

502 2002 578 2034 ratu
599 1998 748 2046 dignum
772 2000 825 2032 est
844 1996 950 2032 etiam
966 2008 1058 2032 anno
1081 1999 1168 2032 1251
1190 1995 1364 2032 nominari
1391 2010 1406 2028 «
1425 1995 1641 2032 baccalarios
1660 1995 1756 2043 leges
1771 1995 1931 2043 legentes
1947 2009 1961 2028 n
1987 1993 2086 2040 (Vid.
2110 1994 2204 2030 infra
2223 2006 2259 2042 p..
2283 1995 2381 2040 223).

502 2069 612 2105 Multo
642 2068 813 2104 valentior
839 2080 981 2115 semper
1010 2067 1100 2115 juris
1132 2067 1294 2103 canonici
1320 2067 1462 2103 traditio
1488 2066 1642 2115 vigebat,
1673 2067 1739 2102 etsi
1765 2067 1856 2114 juris
1888 2066 1999 2103 civilis
2025 2065 2165 2102 cultura
2194 2065 2383 2102 interdicto

499 2140 650 2176 -Honorii
669 2141 716 2175 III
732 2143 963 2187 permanente
984 2150 1055 2174 non
1074 2138 1322 2186 respuebatur,
1343 2150 1426 2174 nam
1443 2138 1539 2174 circa
1555 2139 1665 2174 finem
1683 2149 1775 2174 saec.
1796 2139 1880 2173 XIII
1897 2137 1933 2173 in
1949 2137 2131 2173 Facultate
2148 2138 2382 2175 Deeretorum

503 2211 690 2248 Parisiensi
704 2214 875 2246 statutum
891 2214 957 2253 est,
978 2224 991 2241 «
1006 2211 1103 2258 quod
1117 2210 1238 2246 nullus
1255 2210 1299 2246 ad
1314 2210 1491 2246 lecturam
1508 2209 1642 2246 decreti
1661 2212 1722 2245 aut
1735 2209 1824 2245 alios
1838 2212 1938 2246 actus
1953 2212 2142 2256 sequentes
2157 2208 2379 2252 admittatur,

502 2283 569 2318 nisi
584 2295 649 2330 per
667 2281 860 2318 triennium
876 2281 973 2329 leges
989 2281 1163 2316 audiverit
1178 2282 1213 2316 in
1229 2281 1350 2328 aliquo
1366 2281 1484 2317 studio
1504 2279 1684 2329 generali²
1697 2296 1711 2314 ν»
1726 2309 1733 2316 .

599 2354 734 2390 Minore
754 2353 846 2388 sama
862 2352 1004 2388 saeculo
1018 2354 1081 2387 XII
1101 2356 1135 2388 et
1155 2353 1262 2388 etiam
1279 2352 1424 2389 saeculo
1444 2354 1526 2388 XIII
1541 2351 1739 2388 Medicinae
1754 2351 1916 2388 Facultas
1930 2351 2124 2388 fruebatur.
2141 2350 2383 2390 Nihilominus

502 2425 670 2472 Aegidius
692 2425 736 2460 de
759 2424 923 2461 Corbolio
949 2436 1012 2459 seu
1036 2423 1245 2459 Parisiensis
1274 2424 1423 2460 nomina
1444 2424 1692 2471 magistrorum
1722 2423 1758 2459 in
1781 2422 1960 2460 medicina
1989 2434 2082 2459 saec.
2105 2424 2170 2458 XIl
2199 2421 2380 2466 tradidit³‚

504 2500 608 2543 atque
621 2496 737 2543 priora
747 2495 857 2531 nostri
873 2495 1084 2531 Chartularii
1096 2495 1335 2530 instrumenta
1352 2495 1542 2531 Facultatis
1558 2495 1755 2531 Medicinae
1772 2494 1983 2531 Parisiensis
1998 2494 2220 2530 mentionem
2233 2493 2380 2530 faciunt.

597 2651 619 2674 l.
637 2650 778 2674 Gualterus
799 2649 830 2674 de
852 2650 878 2674 S.
901 2650 1007 2674 Victore
1031 2650 1056 2673 in
1079 2649 1145 2674 libro
1171 2652 1259 2674 contra
1284 2650 1471 2678 Abaclardum,
1498 2650 1606 2674 Petrum
1630 2649 1814 2678 Lombardum,
1838 2650 1944 2674 Petrum
1968 2649 2157 2676 Pictavensem,
2184 2648 2383 2681 Gilbertumque

502 2695 684 2724 Porretanuin,
707 2694 782 2719 verba
805 2694 899 2718 Adami
917 2693 1058 2718 Wallensis
1076 2694 1153 2718 affert
1171 2696 1229 2726 post
1246 2694 1388 2719 Concilium
1411 2694 1560 2723 Romanum
1578 2694 1761 2725 (Lateranense
1781 2694 1829 2723 111,
1847 2701 1914 2725 anno
1935 2693 2009 2723 1179)
2021 2692 2122 2725 prolata
2140 2701 2146 2717 :
2163 2702 2176 2714 ει
2194 2693 2290 2722 Domue
2307 2701 2380 2725 papa,

502 2747 548 2771 ego
564 2740 591 2763 et
607 2739 714 2763 clericus
730 2740 756 2762 et
777 2738 923 2770 prepositus
941 2738 999 2762 olIrn
1018 2738 1148 2762 scolarum
1166 2738 1221 2770 ejus
1239 2738 1400 2769 (Lombardi)
1422 2738 1560 2762 defendam
1583 2739 1724 2762 sententias
1745 2738 1871 2769 magistri.
1891 2747 1904 2759 n
1923 2737 1998 2767 (Bibl.
2018 2737 2240 2767 Arsenal.,Paris.
2258 2745 2307 2766 ms.
2326 2736 2381 2767 379,

502 2783 522 2807 f0
538 2784 581 2813 373
600 2784 701 2813 MANSI,
721 2783 824 2808 concil.
845 2783 906 2807 coll.
923 2783 1006 2812 XXII,
1027 2782 1093 2812 247.)
1113 2783 1166 2806 Odo
1184 2782 1337 2814 Ursicampi,
1356 2783 1465 2814 loquens
1481 2783 1559 2807 etiam
1576 2782 1607 2806 de
1624 2782 1732 2814 quodam
1748 2781 1875 2814 discipulo
1892 2789 1948 2811 suo,
1966 2782 2022 2806 ait:
2042 2791 2056 2811 ,α
2074 2781 2124 2811 Qui
2142 2782 2289 2814 prepositus
2307 2789 2382 2806 meus

502 2828 527 2852 in
546 2828 621 2853 scolis
637 2828 728 2856 suerat,
748 2827 864 2859 mihique
879 2826 1004 2851 successit
1022 2827 1047 2850 in
1067 2826 1152 2850 scolis.
1167 2836 1180 2847 n
1201 2827 1307 2857 (PITRA,
1326 2827 1466 2851 Analecta
1483 2827 1646 2855 novissima,
1663 2827 1695 2855 11,
1711 2834 1736 2858 p.
1755 2826 1807 2858 39.)
1841 2855 1844 2856 .
2196 2853 2198 2855 ,
2262 2851 2266 2855 ‚

595 2873 617 2896 2.
636 2872 689 2896 Hoc
713 2873 844 2896 statutum
866 2882 879 2894 «
899 2871 1050 2903 juramento
1074 2871 1200 2895 vallatum
1226 2872 1253 2894 et
1274 2879 1288 2895 a
1312 2871 1405 2895 multis
1427 2871 1562 2895 retroactis
1586 2870 1748 2902 temporibus
1775 2870 1943 2895 observatum
1962 2880 1976 2892 »
1997 2870 2023 2894 in
2045 2870 2143 2895 litteris
2167 2870 2297 2899 Benedicti
2321 2871 2380 2900 XII,

503 2916 533 2941 13
550 2916 703 2941 Novembris
725 2916 785 2940 anni
800 2916 870 2945 1341,
889 2916 1061 2939 memoratum
1075 2915 1151 2947 (Reg.
1168 2915 1231 2939 Vat.
1250 2915 1350 2940 Comm.
1368 2919 1396 2939 n⁰
1413 2915 1466 2946 129,
1487 2923 1526 2947 ep.
1543 2915 1607 2945 484).
1624 2915 1717 2944 similis
1727 2915 1822 2941 statuti
1837 2915 1897 2939 anni
1909 2915 1969 2939 1323
1985 2914 2102 2939 Gaufridi
2118 2915 2148 2940 de
2164 2915 2276 2942 Ptesseio
2286 2914 2380 2939 funda-

503 2962 619 2984 mentum
635 2960 693 2984 t'uit.
707 2960 745 2983 Cf.
761 2960 885 2989 Felibicn,
901 2960 922 2989 Ι,
938 2960 993 2983 375.
1711 2951 1713 2953 Ι

595 3004 617 3027 3.
637 3004 704 3028 Vide
722 3012 745 3036 p.
765 3004 796 3028 68
814 3005 900 3028 notam
918 3003 949 3028 ad
968 3008 1019 3027 num
1036 3004 1051 3027 8
1069 3005 1096 3027 et
1111 3012 1136 3036 p.
1152 3003 1198 3027 517
1213 3004 1300 3033 notam
1316 3004 1331 3027 5
1345 3003 1377 3028 ad
1390 3008 1441 3027 num
1453 3003 1508 3027 453.
