2580 3528
292 424 390 465 1217]
638 432 685 454 ΑΒ
718 432 824 454 anuo
859 431 936 454 lucc
970 431 1103 460 USQUE
1138 431 1186 453 ΑΒ
1221 431 1452 453 PHILIPPUM
1487 431 1526 453 tv
1561 430 1649 453 asc..
1687 431 1824 453 ruane.
2123 421 2168 455 83

244 550 249 555 Ι
289 507 429 542 liceret.
450 506 552 540 Licet
577 506 690 552 igitur
714 505 759 539 de
781 506 865 551 jure
893 505 1076 539 communi
1101 504 1170 539 hoc
1194 505 1314 538 facere
1333 504 1497 546 valeatis,
1518 504 1734 537 instituendi
1756 511 1874 537 tamen
1895 511 2166 550 procuratorem

290 586 402 621 super
420 573 479 607 his
498 573 710 607 auctoritate
730 572 955 618 presentium
975 571 1082 606 vobis
1102 571 1339 606 concedimus
1359 571 1575 605 facultatem.

385 667 563 699 compa-IV,
573 667 605 691 de
620 666 848 698 procuratoribus,
863 675 886 690 c.
903 667 917 690 2
933 667 966 696 (1,
983 667 1032 696 16),
1048 669 1074 690 et
1089 666 1109 690 X
1125 674 1146 690 s.
1162 666 1188 690 h.
1206 669 1224 690 t.
1241 666 1264 695 1,
1280 667 1319 695 38,
1335 667 1358 690 7.
1368 666 1531 694 —Bulaeus,
1543 666 1589 693 111,
1599 666 1638 694 23,
1649 665 1717 689 sicut
1727 673 1810 697 paene
1825 673 1915 689 omnes
1931 665 1964 688 ad
1974 673 2016 688 an.
2032 666 2101 689 1203.
2117 665 2168 689 Sed

291 713 410 744 Gompil.
426 712 478 741 IV,
493 712 521 736 in
535 719 587 744 qua
607 711 672 735 haec
691 711 835 735 Deos-etatis
851 714 945 739 exstat,
961 711 1077 734 continet
1095 711 1187 743 paucis
1207 711 1323 743 exceptis
1339 711 1487 734 Dccrctales
1503 710 1647 734 Innocentii
1662 718 1792 733 annorum
1808 710 1955 733 1210-1216.
1972 710 2037 733 Vide
2052 710 2167 738 Schulte,

289 757 342 782 Dte
363 756 524 782 aeschtchte
542 757 594 781 der
615 755 733 783 Quetlen
751 756 815 780 und
833 755 995 780 Litteratur
1013 756 1060 780 des
1083 762 1187 781 canon.
1208 755 1309 780 Rectus
1327 756 1347 783 1,
1369 756 1407 779 89.
1428 755 1532 783 viollet,
1553 755 1651 780 Prdcis
1669 756 1703 779 de
1721 754 1855 779 l'histoire
1873 755 1914 779 du
1935 755 2012 779 droit
2029 754 2166 785 pram-ais.

291 801 421 827 sources.
436 801 518 826 Droit
531 800 620 832 privd,
637 809 663 832 p.
685 801 724 824 59.
744 800 801 824 Non
821 803 894 824 caret.
912 799 1111 832 probabilitate,
1133 800 1282 824 Decretales
1305 799 1421 831 Compil.
1439 804 1560 831 quartae
1579 807 1638 823 esse
1657 799 1726 823 sicut
1745 799 1806 823 illas
1823 799 1942 830 Compil.
1963 799 2061 824 tertiae
2074 799 2168 823 saltem

290 853 339 878 pro
360 853 459 877 magna
476 847 553 877 parte
572 845 728 876 desumptas
747 853 779 868 ex
801 844 924 877 registris
948 844 1094 868 innocentii
1115 845 1161 869 Ill.
1179 845 1250 868 Haec
1272 853 1335 868 vero
1358 844 1501 868 Decretalis
1523 853 1575 868 non
1597 844 1746 868 continetur
1766 844 1793 867 in
1814 843 1944 875 Registris
1970 852 2100 867 annorum
2121 844 2168 872 1-2‚

289 890 352 914 5-16
365 889 536 922 pontificatus
552 889 707 918 InnocentiL
723 897 771 913 nec
785 889 812 913 in
827 889 986 914 Rubi-iconis
1001 898 1131 913 annorum
1147 890 1161 912 3
1175 893 1202 913 et
1215 890 1239 913 4.
1255 889 1357 913 Forsan
1373 889 1514 921 desumpta
1529 893 1569 913 est
1583 898 1615 913 ex
1628 889 1758 921 Registris
1777 897 1907 912 annorum
1923 889 2002 917 17-19,
2019 897 2086 920 quae
2101 897 2169 912 nuuc

290 934 475 958 desiderantur
489 937 515 958 et
529 942 643 966 quorum
659 933 825 958 Rubi-iconae
840 934 1010 966 imperfectae
1025 934 1059 957 ad
1074 942 1122 957 nos
1138 937 1324 966 pervenerunt.
1341 934 1396 957 Hoc
1411 941 1475 957 casu
1491 933 1635 957 Decretalis
1651 934 1756 957 caderet
1770 933 1840 957 intra
1855 941 1938 956 annos
1954 933 2102 957 1214-1216.
2119 933 2170 957 Pro

290 982 362 1003 oeno
375 978 444 1003 nihil
457 978 588 1003 affirmari
604 981 700 1010 potest..
716 987 776 1002 cum
792 979 905 1011 Regesta
919 979 1046 1003 Vaticana
1065 979 1211 1003 Innocentii
1231 979 1267 1002 111
1287 986 1339 1002 non
1359 978 1413 1002 sint
1430 978 1573 1010 originalia
1591 982 1618 1002 et
1635 978 1663 1002 in
1681 978 1748 1010 ipsis
1768 978 1872 1010 aliquae
1887 978 2035 1002 Decretales
2052 977 2168 1009 Compt‘l.

291 1023 391 1048 tertiae
404 1023 596 1051 desiderentur,
613 1031 680 1055 quas
695 1026 784 1047 tamen
799 1023 967 1047 Innocentius
982 1023 1019 1047 Ill
1034 1031 1066 1047 ex
1081 1022 1210 1054 Registris
1225 1023 1349 1055 sumpsit,
1367 1026 1396 1046 ut
1409 1023 1467 1055 ipse
1482 1023 1547 1046 dicit.
1561 1023 1587 1046 in
1601 1023 1715 1054 epistola
1729 1023 1856 1054 praefixa.

291 1199 371 1237 25.
393 1208 538 1235 Honorius
552 1210 602 1235 III
611 1208 766 1244 magistros
781 1212 808 1235 et
822 1208 971 1235 scholares
992 1209 1175 1235 Parisienses
1197 1209 1338 1244 hortatur,
1357 1212 1387 1235 ut
1402 1209 1497 1245 aliqui
1518 1218 1555 1235 ex
1570 1209 1642 1245 ipsis
1657 1208 1698 1234 ad
1715 1212 1817 1245 partes
1837 1208 1995 1235 Tolosanas
2017 1208 2167 1243 accedant,

380 1261 412 1284 ut
425 1257 531 1284 ibidem
546 1257 667 1284 lectione
682 1261 710 1284 et
720 1257 943 1294 praedicatione
958 1261 986 1284 et
1001 1258 1202 1284 exhortatione
1214 1257 1353 1295 populum
1369 1258 1576 1295 acceptabilem
1592 1258 1711 1284 Domino
1726 1257 1859 1284 reddant.

1485 1361 1556 1391 1217,
1571 1361 1689 1387 «Ianuarii
1705 1361 1742 1391 19,
1758 1361 1884 1387 Latonam:

380 1443 566 1477 Honorius
587 1443 785 1489 episcopus
806 1455 936 1477 servus
957 1455 1148 1477 servorum
1170 1444 1236 1477 Dei
1253 1444 1397 1477 dilectis
1418 1443 1504 1477 filiis
1525 1444 1710 1490 magistris
1731 1451 1767 1477 et
1786 1444 1990 1478 scolaribus
2011 1445 2172 1478 Parisius

291 1509 602 1544 commorantibus
619 1509 772 1544 salutem
785 1516 821 1544 et
837 1509 1075 1556 apostolicam
1092 1510 1399 1544 benedictionem.
1411 1510 1507 1544 Olim
1524 1511 1561 1543 in
1577 1510 1742 1556 partibus
1753 1510 1947 1544 Tolosanis
1964 1518 2058 1544 terra
2073 1511 2174 1545 velut

292 1577 436 1611 deserta
457 1583 494 1611 et
512 1577 610 1611 invia
626 1577 718 1611 luxit
737 1583 773 1611 et
792 1577 935 1623 languit
953 1577 1071 1623 spinis
1093 1590 1171 1611 eam
1190 1577 1419 1623 replentibus
1440 1584 1476 1611 et
1495 1578 1636 1619 urticis,
1653 1578 1817 1623 factaque
1837 1577 1958 1611 cubile
1975 1578 2171 1612 draconum

291 1651 328 1678 et
356 1656 490 1690 pascua
521 1644 742 1678 strutionum
773 1644 811 1677 in
841 1644 1004 1678 tenebris
1032 1651 1068 1678 et
1099 1644 1226 1678 umbra
1256 1645 1383 1678 mortis
1413 1645 1489 1678 fere
1520 1644 1679 1678 totaliter
1705 1644 1930 1687 versabatur,
1963 1645 2047 1678 dum
2079 1657 2173 1690 pene

292 1722 420 1745 omnes
441 1710 566 1745 divino
586 1710 729 1757 abjecto
750 1711 881 1745 timore
903 1717 987 1757 post
1006 1711 1325 1758 concupiscentias
1345 1723 1430 1746 suas
1450 1711 1551 1745 ibant
1570 1717 1617 1753 et,
1639 1711 1730 1745 sacta
1751 1711 1789 1744 in
1810 1711 1995 1746 oblivione
2016 1712 2171 1757 justitia,

291 1778 354 1823 qui
381 1778 537 1812 recessit
561 1789 581 1811 a
607 1777 716 1820 malo,
742 1778 856 1824 prede
882 1779 997 1824 patuit
1021 1790 1293 1824 perversorum,
1322 1778 1384 1824 qui
1415 1778 1620 1812 letabuntur
1645 1791 1727 1812 cum
1755 1778 1847 1812 male
1874 1779 2048 1812 fecissent
2075 1785 2111 1812 et
2137 1779 2173 1812 in

291 1844 403 1878 rebus
429 1843 601 1891 pessimis
629 1844 837 1878 exultabant
863 1845 1046 1891 variisque
1074 1845 1228 1880 involuti
1256 1845 1444 1879 erroribus
1471 1845 1634 1879 veritatis
1661 1845 1784 1879 lumen
1812 1845 2020 1879 nullatenus
2053 1846 2174 1891 requi-

292 1910 431 1945 rebant.
460 1912 564 1945 Nunc
590 1918 710 1945 autem
738 1912 931 1954 Dominus,
960 1913 1065 1958 cujus
1092 1913 1348 1946 miserationes
1376 1925 1488 1958 super
1514 1913 1634 1946 omnia
1662 1925 1772 1958 opera
1799 1919 1885 1946 sunt
1905 1913 2082 1958 ejusdem,
2110 1925 2175 1958 per

291 1978 534 2012 ministerium
556 1990 747 2012 servorum
770 1991 934 2021 suorum,
958 1979 1020 2025 qui
1044 1979 1130 2013 fidei
1150 1979 1230 2013 celo
1252 1979 1421 2013 succensi
1446 1979 1491 2013 ad
1512 1979 1778 2013 emundandam
1801 1987 1930 2013 terram
1953 1979 2048 2013 illam
2075 1980 2173 2013 inde-

291 2045 387 2079 fessa
417 2044 669 2079 sollicitudine
697 2045 921 2088 laborarunt,
949 2046 1094 2080 videtur
1127 2047 1164 2080 in
1192 2047 1339 2080 deserto
1369 2047 1461 2081 viam
1486 2053 1522 2080 et
1546 2047 1582 2080 in
1613 2047 1712 2081 invio
1742 2047 1891 2081 ssumina
1921 2047 2103 2093 posuisse,
2136 2054 2175 2081 ut

292 2123 374 2145 eum
399 2111 479 2158 agri
504 2111 622 2146 bestia
649 2113 872 2147 structiones
898 2113 1108 2159 glorificent
1132 2120 1168 2147 et
1192 2114 1383 2156 dracones,
1411 2114 1495 2160 quia
1519 2120 1650 2160 gentes
1676 2114 1840 2160 regionis
1865 2114 1965 2147 illius
1989 2114 2108 2148 redire
2129 2115 2173 2148 ad

293 2178 487 2212 Dominum
508 2179 700 2226 cupientes
720 2191 739 2213 a
759 2180 829 2214 viis
854 2180 932 2214 suis
953 2180 1125 2226 pessimis
1151 2187 1415 2215 convertuntur
1435 2187 1471 2215 et
1490 2181 1693 2227 profugatis
1718 2181 1890 2215 hereticis
1917 2181 1975 2215 vel
1995 2182 2173 2228 correptis

293 2244 421 2279 salutis
448 2245 583 2279 monita
610 2246 887 2292 concupiscunt.
915 2249 1051 2281 Verum
1079 2259 1125 2281 ne
1147 2248 1178 2282 si
1205 2254 1299 2282 terra
1326 2247 1386 2282 illa
1413 2248 1517 2294 quasi
1543 2248 1672 2282 novale
1698 2254 1825 2282 novata
1850 2248 1945 2282 culta
1971 2260 2043 2282 non
2065 2248 2175 2282 suerit

293 2311 397 2345 novis
427 2311 632 2346 cultoribus
659 2319 694 2346 et
724 2312 867 2347 colonis
896 2314 1038 2348 radices
1067 2314 1104 2348 in
1133 2327 1174 2348 ea
1201 2314 1384 2360 pullulent
1409 2315 1584 2361 extirpate
1605 2315 1766 2360 illucque
1793 2315 2005 2360 confugiant
2030 2314 2171 2360 reptilia

290 2384 480 2420 venenata,
502 2385 538 2412 et
563 2378 617 2412 sic
642 2378 730 2413 flant
753 2380 951 2414 novissima
977 2381 1058 2426 ejus
1083 2381 1270 2427 prioribus
1297 2382 1477 2428 graviora,
1506 2394 1574 2415 nos
1600 2381 1830 2415 attendentes
1856 2381 1989 2415 multos
2015 2394 2080 2427 per
2105 2382 2171 2415 Dei

290 2445 441 2491 g'ratiam
467 2445 563 2479 inter
587 2457 654 2479 vos
681 2457 777 2488 esse,
800 2446 934 2492 quibus
961 2447 999 2481 in
1023 2447 1106 2494 lege
1131 2448 1277 2482 Domini
1303 2455 1359 2482 est
1382 2448 1550 2482 voluntas
1574 2448 1690 2494 etqui
1712 2455 1879 2494 tanquam
1901 2447 2041 2494 lignum
2063 2460 2170 2482 secus

291 2511 471 2546 decursus
501 2524 675 2558 aquarum
709 2512 906 2559 plantatum
934 2515 1007 2559 jam
1041 2514 1104 2548 diu
1136 2526 1244 2548 secus
1275 2515 1454 2549 frumenta
1488 2515 1654 2548 doctrine
1682 2514 1854 2548 sedentes
1881 2514 2013 2548 melius
2039 2515 2169 2549 amodo

289 2578 507 2613 fructificare
538 2579 682 2613 valeant
713 2579 976 2626 transplantati,
1011 2581 1284 2615 universitatem
1315 2588 1470 2616 vestram
1505 2594 1676 2628 rogamus
1708 2582 1880 2616 attentius
1911 2588 1947 2615 et
1978 2594 2169 2616 monemus

291 2657 356 2691 per
381 2645 581 2692 apostolica
608 2646 742 2693 scripta
768 2647 993 2690 mandantes,
1016 2648 1188 2694 quatinus
1213 2648 1299 2682 illuc
1320 2648 1431 2694 aliqui
1455 2661 1498 2682 ex
1517 2648 1623 2683 vobis
1647 2649 1831 2690 accedant,
1854 2649 1916 2695 qui
1937 2661 2079 2683 causam
2103 2650 2167 2683 Dei

289 2718 441 2759 agentes
467 2724 510 2746 ex
535 2713 656 2747 animo
683 2713 845 2756 lectioni,
874 2714 1113 2761 predicationi
1139 2722 1175 2749 et
1201 2715 1444 2750 exhortationi
1471 2715 1666 2762 vigilanter
1692 2715 1874 2759 insistant,
1901 2722 1938 2750 et
1962 2716 2057 2750 sicut
2081 2716 2167 2750 boni

290 2778 565 2824 dispensatores
597 2780 840 2815 multiformes
867 2782 982 2827 gratie
1011 2782 1076 2815 Dei
1104 2782 1200 2816 illam
1228 2782 1264 2816 in
1291 2782 1503 2816 alterutrum
1532 2782 1812 2825 amministrent,
1845 2783 1891 2816 ita
1921 2783 2019 2829 quod
2051 2790 2168 2817 exter-

290 2845 424 2879 minato
450 2846 582 2881 exinde
606 2847 720 2881 veteri
740 2847 906 2894 gebuseo
939 2849 1113 2895 populum
1140 2849 1397 2896 acceptabilem
1419 2850 1576 2883 Domino
1603 2849 1766 2883 reddant.
1793 2851 1868 2883 Nos
1895 2850 1990 2884 enim
2018 2850 2169 2884 cuilibet

289 2911 376 2946 illuc
403 2912 518 2948 divini
546 2914 683 2948 amoris
712 2915 844 2949 intuitu
874 2916 1062 2950 accedenti
1089 2917 1291 2951 secundum
1319 2917 1498 2951 servorem
1528 2916 1735 2951 devotionis
1761 2924 1989 2963 peccatorum
2016 2930 2164 2951 suorum

289 2978 431 3013 veniam
463 2979 508 3014 de
540 2979 662 3015 divina
693 2981 823 3016 confisi
859 2982 1109 3017 misericordia
1145 2983 1374 3030 pollicemur,
1406 2996 1511 3029 quam
1548 2982 1796 3017 indubitanter
1829 2984 1985 3029 quisque
2019 2996 2165 3029 sperare
