2580 3528
256 400 353 446 1252]
595 411 638 433 AB
671 411 777 433 Anno
811 411 888 434 mcc
923 412 1057 440 usous
1091 413 1140 434 An
1175 412 1407 435 PuiLirruu
1444 414 1483 435 iv
1518 414 1608 436 asc.
1646 415 1782 438 rame.
2059 409 2124 441 239

254 482 417 528 partibus
450 484 613 530 predicte
646 484 790 526 domus,
826 491 866 518 ut
898 484 1053 518 dicebat.
1089 486 1203 529 Quam
1238 486 1400 527 domum,
1440 494 1549 532 prout
1585 499 1666 521 cum
1702 489 1780 521 suis
1820 490 2050 534 pertinentiis
2084 504 2123 524 so

252 556 453 596 comportat
471 555 553 584 ante
574 557 610 584 et
630 557 740 593 retro,
763 558 798 584 et
822 551 859 584 in
884 551 997 597 longo
1023 558 1059 585 et
1082 551 1168 593 lato,
1194 552 1272 598 ipsa
1293 552 1374 586 Gila
1402 559 1551 598 propter
1570 553 1638 587 hoc
1659 566 1779 587 coram
1801 555 1908 588 nobis
1929 558 2122 590 constituta

251 617 428 659 vendidit,
454 617 606 663 quitavit
628 624 664 651 et
688 618 872 651 concessit
897 630 939 651 ex
964 631 1061 652 nunc
1087 625 1278 664 perpetuo,
1304 631 1418 665 seque
1442 620 1654 654 vendidisse
1680 627 1715 654 et
1735 622 1882 654 nomine
1902 623 2124 656 venditionis

251 696 294 717 ex
318 695 415 717 nunc
439 690 616 730 perpetuo
645 685 844 730 quitavisse
874 691 910 718 et
935 686 1167 719 concessisse
1193 686 1407 732 recognovit
1431 687 1521 720 viris
1549 687 1736 733 religiosis
1759 687 1914 721 Johanni
1940 688 2058 723 abbati
2090 698 2121 724 et

250 750 445 784 conventui
473 751 816 793 Premonstratensi,
850 763 914 797 pro
949 752 1066 797 pretio
1095 759 1239 786 centum
1273 759 1309 786 et
1340 753 1471 798 viginti
1504 753 1679 787 librarum
1721 755 1913 800 parisiens.
1943 756 2016 800 jam
2053 757 2121 790 sibi

250 816 371 850 soluto
396 817 433 850 in
458 817 612 863 pecunia
637 824 836 859 numerata,
865 824 904 851 ut
928 818 1096 852 consessa
1121 819 1189 852 suit
1215 831 1334 852 coram
1363 819 1482 853 nobis.
1516 821 1568 853 De
1594 832 1666 866 quo
1692 821 1809 866 pretio
1835 821 1986 866 quitavit
2006 822 2123 856 dictos

249 890 447 929 emptores,
467 884 671 930 exceptioni
692 896 765 918 non
786 891 972 918 numerate
996 892 1031 918 et
1051 898 1124 918 11011
1145 893 1289 931 recepte
1316 886 1470 932 pecunie
1495 887 1737 920 renuntiando
1759 899 1823 933 per
1843 887 1966 930 fidem,
1987 889 2123 922 cedens

249 950 356 984 dictis
386 950 613 996 emptoribus
647 957 683 984 et
711 963 836 985 eorum
868 951 1159 994 successoribus,
1191 965 1230 986 ac
1260 953 1406 998 penitus
1436 954 1660 987 transferens
1690 954 1726 987 in
1757 966 1821 988 eos
1855 967 1962 989 omne
1991 957 2054 1001 jus
2089 964 2121 989 et

249 1016 464 1059 dominium,
484 1029 628 1051 omnem
649 1018 924 1063 possessionem
950 1025 986 1051 et.
1010 1019 1281 1064 proprietatem,
1309 1026 1345 1053 et
1369 1031 1497 1053 omnes
1517 1020 1680 1053 actiones
1701 1020 1819 1054 reales
1839 1028 1874 1055 et
1894 1022 2119 1067 personales,

249 1083 358 1117 utiles
387 1090 423 1117 et
450 1083 620 1126 directas,
655 1091 691 1118 et
724 1097 971 1130 quascumque
1001 1085 1102 1127 alias,
1133 1098 1203 1131 que
1233 1086 1352 1119 eidem
1382 1086 1465 1120 Gile
1494 1086 1531 1119 in
1561 1087 1655 1120 dicta
1685 1087 1793 1120 domo
1822 1094 1857 1121 et
1890 1089 2121 1134 pertinentiis

247 1150 411 1195 ejusdem
446 1150 712 1196 competebant,
748 1158 783 1184 et
815 1158 1023 1197 competere
1058 1159 1223 1198 poterant
1257 1153 1364 1186 modo
1399 1153 1584 1198 quolibet;
1621 1153 1711 1187 nihil
1740 1154 1836 1199 juris
1866 1154 1923 1188 vel
1953 1156 2119 1195 actionis,

247 1215 413 1259 dominii,
448 1217 697 1262 possessionis
734 1217 793 1251 vel
827 1218 1059 1263 proprietatis
1094 1219 1164 1252 sibi
1197 1219 1256 1253 vel
1294 1220 1372 1253 suis
1405 1219 1605 1253 heredibus
1649 1220 1818 1254 decetero
1858 1222 2049 1255 retinendo
2083 1223 2118 1256 in

246 1282 398 1316 eisdem.
429 1284 471 1316 Et
500 1284 667 1329 promisit
695 1284 772 1330 ipsa
803 1284 899 1326 Gila,
927 1285 998 1318 fide
1027 1285 1064 1318 in
1091 1298 1197 1318 manu
1228 1293 1351 1319 nostra
1381 1287 1531 1332 prestita
1560 1287 1740 1332 corporali
1770 1295 1913 1333 sponte,
1943 1289 2119 1323 adversus

246 1349 492 1383 venditionem
518 1356 554 1383 et
579 1350 815 1395 quitationem
842 1351 1067 1396 hujusmodi,
1095 1352 1153 1385 vel
1181 1352 1443 1397 premissorum
1472 1351 1620 1398 aliquod
1648 1366 1721 1386 non
1750 1355 1875 1387 venire
1902 1367 1968 1400 per
1995 1368 2034 1389 se
2062 1357 2116 1390 vel

247 1427 310 1460 per
329 1415 438 1450 alium
453 1417 538 1461 jure
557 1416 679 1462 aliquo
700 1417 737 1450 in
760 1417 934 1451 futurum.
963 1419 1077 1451 Immo
1103 1418 1233 1452 dictam
1260 1419 1421 1461 domum,
1448 1426 1556 1464 prout
1576 1420 1653 1465 ipsa
1679 1432 1760 1453 cum
1786 1421 1867 1454 aliis
1888 1422 2117 1467 pertinentiis

244 1482 334 1523 suis,
357 1488 396 1516 ut
420 1482 555 1516 dictum
581 1490 651 1525 est,
676 1495 716 1517 se
741 1490 942 1529 comportat
966 1485 1010 1517 ad
1036 1484 1154 1518 dictos
1179 1485 1372 1518 duodecim
1399 1485 1540 1519 solidos
1564 1486 1728 1531 capitalis
1748 1499 1895 1529 censuS,
1918 1495 1953 1522 et
1972 1496 2115 1522 centum

244 1548 384 1582 solidos
413 1549 585 1595 parisien.
617 1550 832 1584 incrementi
861 1562 1010 1592 census,
1041 1557 1077 1584 et
1103 1557 1258 1597 quatuor
1284 1551 1397 1585 libras
1426 1552 1597 1597 parisien.
1626 1553 1737 1586 annui
1763 1565 1911 1594 census,
1940 1555 2019 1587 sine
2047 1555 2117 1588 alio

243 1627 367 1657 onere,
403 1615 677 1662 impedimento,
711 1617 769 1651 vel
803 1616 1027 1663 obligatione
1066 1617 1315 1664 garantizabit,
1357 1618 1526 1652 liberabit
1564 1625 1600 1653 et
1637 1619 1809 1653 desendet
1842 1621 1920 1654 suis
1959 1622 2117 1667 propriis

242 1681 462 1728 sumptibus,
484 1683 648 1728 periculo
669 1690 704 1717 et
723 1684 909 1729 expensis,
935 1684 972 1717 in
992 1684 1134 1729 judicio
1160 1691 1196 1718 et
1220 1691 1318 1718 extra
1338 1685 1532 1730 judicium,
1561 1685 1669 1719 dictis
1689 1686 1917 1732 emptoribus
1937 1694 1973 1721 et
1991 1700 2115 1722 eorum

242 1748 534 1792 successoribus,
565 1750 868 1796 quandocumque
896 1763 990 1797 opus
1019 1752 1129 1785 suerit
1157 1758 1192 1785 et
1221 1764 1333 1797 super
1362 1751 1430 1786 hoc
1460 1752 1634 1798 requisita
1663 1753 1785 1795 fuerit,
1821 1761 1944 1788 contra
1975 1767 2115 1788 omnes.

242 1815 413 1849 Promisit
435 1816 541 1850 etiam
566 1816 636 1850 sub
660 1817 810 1862 prestita
835 1817 906 1851 fide
932 1824 967 1851 et
992 1830 1035 1851 ex
1060 1824 1164 1864 pacto
1190 1825 1399 1852 contractus
1424 1818 1648 1864 hujusmodi,
1675 1831 1714 1853 se
1741 1819 1889 1865 pacifice
1916 1821 2114 1855 soluturam

241 1882 348 1916 dictis
372 1883 599 1929 emptoribus
624 1884 788 1929 quintum
817 1884 1005 1918 denarium
1032 1885 1119 1919 dicti
1146 1885 1253 1931 pretii
1279 1886 1426 1918 nomine
1454 1897 1547 1931 pene
1575 1898 1640 1920 seu
1668 1886 1862 1927 interesse,
1889 1900 1971 1921 cum
1999 1889 2115 1922 misiis

240 1954 276 1982 et
308 1948 479 1983 omnibus
512 1950 622 1983 rectis
655 1951 904 1993 costamentis,
939 1951 1080 1985 damnis
1115 1958 1151 1985 et
1184 1952 1369 1997 expensis,
1405 1964 1469 1997 per
1503 1952 1621 1985 solum
1653 1954 1900 1998 procuratoris
1935 1954 2112 1988 dictorum

240 2022 443 2062 emptorum
471 2017 716 2066 juramentum
753 2018 832 2051 sine
866 2018 935 2052 alia
969 2018 1184 2064 probatione
1218 2019 1416 2060 credendo,
1453 2019 1724 2061 declarandum,
1758 2021 1789 2053 si
1824 2020 1917 2054 dicta
1951 2022 2113 2055 venditio

240 2081 277 2115 in
310 2087 385 2116 toto
418 2082 476 2117 vel
509 2083 547 2116 in
581 2090 680 2129 parte
715 2090 867 2118 retracta
899 2085 1020 2121 suerit.
1046 2085 1104 2118 vel
1134 2085 1260 2118 evicta.
1298 2086 1341 2119 Et
1376 2098 1440 2130 pro
1477 2092 1571 2119 recta
1605 2086 1776 2131 garandia
1807 2087 1915 2120 modo
1950 2088 2113 2133 predicto

239 2147 387 2181 serenda
407 2160 519 2195 super
533 2150 606 2194 jam
628 2150 721 2184 dicta
741 2150 965 2193 venditione,
988 2158 1025 2184 et
1044 2151 1137 2185 dicta
1158 2163 1250 2197 pena
1274 2164 1339 2185 seu
1360 2152 1554 2193 interesse,
1577 2152 1607 2185 si
1628 2153 1883 2194 committatur,
1911 2153 2112 2195 solvendis,

239 2226 319 2247 cum
342 2214 472 2257 misiis,
493 2217 741 2258 costamentiS,
762 2217 903 2250 damnis
924 2224 959 2250 et
983 2218 1156 2263 expensis
1182 2218 1259 2263 ipsa
1285 2217 1366 2251 Gila
1392 2230 1431 2251 se
1456 2225 1492 2251 et
1516 2217 1672 2251 heredes
1693 2230 1781 2251 suos
1809 2226 1844 2252 et
1869 2220 1988 2252 omnia
2019 2219 2111 2254 bona

239 2292 302 2314 sua
336 2287 372 2314 et
404 2280 578 2315 heredum
615 2295 763 2316 suorum
799 2283 945 2317 mobilia
976 2291 1012 2317 et
1040 2283 1254 2326 immobilia,
1290 2285 1473 2330 presentia
1503 2291 1535 2317 et
1567 2285 1697 2326 sutura,
1735 2285 1912 2330 tituloque
1942 2286 2111 2331 specialis

239 2346 439 2393 hypothece
469 2347 614 2381 domum
645 2349 823 2394 quandam
859 2350 894 2383 in
929 2362 998 2395 qua
1028 2350 1105 2396 ipsa
1135 2350 1178 2384 ad
1214 2363 1368 2396 presens
1399 2358 1560 2384 moratur
1589 2363 1703 2391 suam,
1740 2358 1775 2384 ut
1813 2351 1967 2393 dicebat,
2006 2353 2108 2386 sitam

238 2414 398 2447 Parisinus
432 2414 467 2447 in
501 2415 644 2449 civitate
682 2416 718 2448 in
752 2416 942 2461 quadrivio
981 2417 1026 2450 de
1064 2416 1331 2458 Marche-Palu,
1370 2417 1578 2463 contiguam
1613 2417 1736 2450 domui
1772 2418 1952 2463 quenulam
1990 2419 2108 2464 Egidii

238 2481 375 2523 Miette,
398 2481 434 2514 in
455 2493 568 2515 censu
589 2482 798 2516 monialium
828 2483 1194 2529 Montis-Martyrum,
1221 2489 1404 2516 oneratam
1433 2483 1468 2516 in
1495 2495 1558 2516 sex
1584 2483 1695 2517 libras
1721 2496 1868 2525 census,
1895 2491 1934 2518 ut
1954 2485 2108 2525 dicebat,

237 2547 344 2581 dictis
365 2547 592 2594 emptoribus
612 2548 799 2594 obligavit,
826 2555 861 2583 et
886 2549 1080 2595 obligatam
1108 2549 1268 2595 reliquit,
1294 2550 1337 2583 ad
1364 2562 1614 2595 quoscumque
1642 2550 1831 2584 devenerit
1851 2563 2107 2597 possessores:

237 2626 277 2647 se
304 2621 475 2659 quantum
496 2614 540 2648 ad
565 2614 631 2648 hec
653 2616 901 2660 jurisdictioni
927 2617 1028 2649 curie
1053 2616 1275 2650 parisiensis
1301 2616 1555 2662 supponendo.
1586 2618 1624 2649 ln
1650 2618 1756 2662 cujus
1782 2618 1833 2651 rei
1860 2618 2105 2652 testimonium

236 2680 397 2726 sigillum
419 2681 519 2714 curie
540 2682 757 2715 parisiensis
778 2682 948 2716 duximus
974 2682 1208 2728 presentibus
1233 2682 1366 2716 litteris
1390 2683 1659 2728 apponendum.
1687 2684 1814 2717 Datum
1841 2697 1935 2718 311110
1962 2686 2106 2719 Domini

237 2746 431 2781 millesimo
451 2747 702 2782 ducentesimo
723 2749 1028 2794 quinquagesimo
1049 2749 1226 2791 secundo,
1248 2749 1354 2783 tertio
1376 2749 1435 2782 die
1456 2748 1595 2783 sabbati
1618 2756 1700 2795 post
1719 2750 1943 2784 Trinitatem.

330 2862 364 2887 Lo
378 2862 466 2895 raige.
483 2863 651 2889 Bibliotheca
666 2865 903 2895 praemonstrat„
918 2874 947 2897 ,1.
964 2866 1017 2889 582.
1035 2865 1072 2889 Ex
1087 2865 1132 2888 illo
1144 2865 1269 2893 Fetibien,
1286 2865 1358 2890 Hise.
1374 2866 1407 2890 de
1417 2865 1445 2890 la
1456 2865 1522 2890 ville
1535 2866 1568 2890 de
1578 2865 1673 2894 Paris.
1689 2866 1734 2894 ΙΙΙ,
1750 2867 1805 2890 208.
1820 2867 1849 2890 ln
1865 2867 1940 2890 ltu—h.
1954 2870 2006 2891 nni.
2024 2868 2105 2891 Ιίινίιι.

235 2905 379 2939 etquidem
391 2907 418 2931 8.
433 2908 504 2936 ¹1:³42,
520 2911 550 2931 n‘
563 2909 586 2936 ³,
602 2909 784 2933 tantummodo
798 2909 983 2942 apographum
1000 2909 1061 2933 nnni
1078 2907 1148 2938 1⁸69,
1164 2909 1225 2933 licet
1244 2909 1330 2939 Tuiee,
1354 2909 1532 2940 Primontrd,
1547 2910 1567 2939 1,
1583 2911 1622 2938 96.
1641 2909 1712 2934 dicat
1726 2918 1732 2934 z
1751 2919 1762 2934 11
1778 2910 1826 2935 Len
1842 2911 1916 2935 titre»
1932 2920 1962 2935 on
1979 2915 2038 2935 sont
2057 2921 2104 2936 nux

237 2950 361 2976 Amluivon
376 2951 522 2976 nationale!
538 2961 559 2976 η.
577 2953 605 2977 111
620 2953 696 2977 Arcti.
713 2954 749 2977 du
762 2954 822 2986 dep.
839 2954 871 2978 (10
885 2954 982 2978 1Ἂίιιιο
998 2955 1097 2986 (Leon),
1116 2954 1161 2978 ubi
1176 2957 1366 2978 conservantur
1381 2954 1487 2979 chun-me
1502 2954 1625 2978 ubbutine
1640 2955 1856 2983 humamanam,
1872 2964 1922 2979 nun
1939 2956 2106 2980 inveniuntur
