2618 3640
1006 427 1299 448 lNTRODUCTIO.
2040 426 2104 447 Xttl

219 505 375 542 Officiali
403 504 592 541 Parisiensi
625 503 804 539 submisit.
835 505 928 538 Tum
958 502 1204 538 Cancellarius
1232 500 1520 549 jurisdictionem
1553 500 1772 536 ordinariam
1807 512 1890 548 erga
1922 501 2105 548 magistros

218 582 254 614 et
281 577 462 613 scholares
493 575 667 612 exercuit.
703 577 809 611 Anno
841 577 933 610 1208
961 578 1147 622 praeterea
1183 573 1299 609 Guala
1333 572 1533 616 ssichierus,
1568 572 1708 619 legatus
1745 572 1963 619 apostolicae
1995 573 2102 616 sedis,

219 649 341 685 statuit
363 652 402 684 ut
421 647 579 692 magistri
608 651 643 683 et
669 647 853 683 scholares
879 646 1050 682 adversus
1075 657 1176 681 suam
1209 644 1502 680 constitutionem
1531 643 1678 679 rebelles
1709 659 1725 675 «
1748 655 1814 690 per
1841 644 2104 679 Cancellarium

216 719 519 757 excommunicati
553 718 818 755 denuncientur
836 733 847 748 n
882 717 979 760 (Vicl.
1000 723 1036 752 n⁰
1058 720 1104 758 7).
1134 717 1249 752 Facile
1269 716 1448 763 intelligas
1474 715 1741 751 Cancellarium
1767 715 1901 762 primas
1927 719 2046 762 partes
2070 715 2106 750 in

220 792 453 828 Universitate
468 790 711 838 occupavisse.
735 792 828 833 Mox,
848 793 886 825 ut
911 801 1015 836 saepe
1039 789 1073 823 in
1097 788 1227 824 talibus
1253 787 1394 823 casibus
1419 786 1548 831 evenit,
1572 786 1742 822 intumuit
1770 789 1803 822 et
1828 786 1863 821 in
1890 786 2105 833 quibusdam

218 864 367 900 modum
390 862 552 899 excessit.
572 863 700 910 Itaque
722 861 766 897 lis
788 862 880 897 inter
904 860 1167 897 Cancellarium
1189 864 1223 896 et
1244 859 1518 895 Universitatem
1537 858 1705 906 utrinque
1727 858 1969 894 ineluctabilis
1986 858 2107 893 immi—

218 935 339 972 nebat.
366 935 530 971 Fortasse
553 934 616 970 illo
635 937 797 981 tempore
819 933 932 981 (circa
951 945 1064 968 annos
1095 933 1317 979 1210-1212)
1341 932 1522 968 scholares
1537 930 1582 966 ab
1608 930 1815 966 Innocentio
1835 934 2106 977 procuratorem

226 1007 302 1043 «ad
327 1007 509 1055 agendum
534 1010 569 1041 et
594 1005 915 1053 respondendum»
949 1004 1155 1040 instituendi
1174 1005 1234 1051 jus
1258 1003 1425 1051 petebant
1449 1003 1551 1051 (Vz'cl.
1576 1007 1615 1037 n⁰
1638 1005 1711 1045 24).
1733 1002 1836 1038 Circa
1856 1014 1990 1037 annum
2016 1005 2101 1037 1211

217 1078 379 1127 querelas
404 1081 527 1114 contra
549 1077 814 1113 Cancellarium
839 1088 983 1112 summo
1008 1076 1168 1112 Pontifici
1195 1075 1416 1119 deserebant,
1440 1087 1524 1111 eum
1557 1086 1604 1110 «a
1620 1074 1818 1110 volentibus
1838 1074 1952 1110 scolas
1974 1085 2106 1120 regere,

218 1162 308 1198 quos
336 1150 444 1186 etiam
470 1149 724 1197 magistrorum
754 1148 902 1185 assertio
928 1148 1081 1184 idoneos
1106 1148 1231 1183 asserit
1257 1148 1302 1183 ad
1332 1147 1542 1195 regendum,
1569 1148 1817 1194 juramentum
1847 1146 2027 1181 fidelitatis
2054 1146 2107 1181 vel

217 1222 423 1258 obedientie
444 1233 485 1258 ac
504 1221 686 1257 interdum
707 1221 859 1268 pecunie
881 1221 1074 1267 precium»
1099 1223 1314 1266 extorquere
1330 1219 1408 1263 niti,
1428 1230 1584 1266 eumque
1604 1222 1703 1254 motu
1721 1218 1864 1266 proprio
1884 1218 2107 1254 incarcerare

217 1293 485 1340 delinquentes,
514 1293 658 1328 etiamsi
681 1292 788 1339 culpa
810 1292 896 1327 levis
921 1292 1023 1334 soret⁷
1049 1303 1089 1326 ac
1113 1291 1305 1338 pecuniam
1331 1303 1372 1326 ex
1396 1291 1532 1326 eisdem
1556 1290 1696 1337 exigere
1714 1301 1820 1337 quam
1842 1290 1878 1324 in
1905 1302 1990 1325 usus
2019 1301 2108 1337 pro—

217 1365 314 1413 prios
328 1367 560 1400 converteret.
581 1366 632 1399 Ex
647 1364 817 1400 mandato
832 1363 1011 1411 pontificis
1027 1374 1122 1398 anno
1143 1365 1235 1397 1212
1253 1362 1478 1398 scholaribus
1493 1362 1698 1406 annuentis,
1719 1362 1962 1397 Cancellarius
1979 1373 2106 1397 emen-

216 1436 293 1472 dari
315 1436 438 1472 debuit
462 1439 523 1472 aut
539 1447 695 1472 censura
711 1435 958 1471 ecclesiastica
973 1434 1155 1482 compesci
1179 1434 1274 1476 (Vicl.
1294 1440 1332 1469 n⁰
1352 1435 1427 1480 14).

318 1508 588 1544 Universitatem
605 1508 716 1555 igitur
728 1507 883 1543 vidimus
901 1506 1113 1543 Cancellarii
1130 1518 1202 1541 non
1215 1507 1311 1553 jura,
1332 1505 1393 1541 sed
1408 1517 1586 1549 excessus,
1605 1505 1731 1553 primis
1748 1505 1903 1552 querelis
1916 1506 2103 1552 impetere,>

216 1591 332 1627 neque
357 1580 542 1627 insurgere
567 1580 603 1615 in
629 1583 801 1615 statutum
824 1578 921 1626 quod
944 1582 1081 1626 postea,
1107 1578 1254 1614 fortasse
1280 1578 1382 1622 falso,
1402 1577 1588 1613 dicebatur
1611 1577 1655 1613 ab
1678 1577 1868 1613 Octaviano
1892 1577 2106 1624 apostolicae

216 1651 309 1687 sedis
328 1651 445 1699 legato
461 1654 495 1687 et
511 1651 636 1687 Odone
656 1651 824 1698 episeopo
841 1650 1030 1686 Parisiensi
1051 1650 1138 1686 olim
1161 1650 1308 1693 sactum,
1328 1661 1391 1696 per
1407 1650 1505 1697 quod
1525 1649 1706 1684 scholares
1730 1652 1763 1684 et
1780 1649 1939 1694 magistri
1957 1661 2107 1684 excom-

215 1723 490 1759 municarentur
511 1723 540 1758 si
563 1723 640 1759 sine
662 1734 838 1759 consensu
862 1726 897 1758 et
918 1722 1129 1772 auctoritate
1148 1722 1306 1769 episcopi
1326 1721 1380 1757 vel
1409 1721 1622 1757 Cancellarii
1648 1721 1701 1756 vel
1726 1721 1872 1768 capituli
1900 1721 2106 1756 Parisiensis

223 1811 234 1825 ·
252 1795 412 1843 aliquam
433 1795 737 1842 conspirationem
766 1806 827 1830 seu
844 1794 1136 1830 constitutionem
1162 1797 1222 1829 aut
1245 1793 1500 1839 obligationem
1526 1793 1945 1840 quamlibetjuramento
1960 1793 2013 1828 vel
2036 1793 2106 1829 fide

215 1878 276 1902 seu
293 1867 361 1902 alia
382 1878 613 1914 quacumque
635 1879 731 1914 pena
746 1867 913 1902 vallatam
931 1865 1107 1902 facerent¹
1126 1881 1140 1898 n
1170 1865 1269 1913 (Vid.
1290 1866 1334 1900 nis
1358 1867 1403 1901 30
1419 1869 1453 1901 et
1471 1865 1550 1913 31).

311 1940 417 1974 Anno
445 1941 537 1974 1213
563 1939 758 1975 concordia
777 1939 870 1974 inter
890 1938 979 1974 duas
1003 1942 1120 1986 partes
1148 1938 1238 1973 facta
1259 1942 1312 1973 est
1328 1941 1361 1973 et
1377 1939 1460 1985 jura
1485 1938 1671 1984 utriusque
1693 1937 1822 1972 melius
1842 1937 1989 1972 delinita
2005 1941 2100 1972 sunt.

210 2011 463 2058 Praeterquam
485 2010 582 2057 quod
596 2011 752 2058 querelis
768 2011 990 2046 scholarium
1005 2010 1219 2057 supradictis
1240 2009 1447 2053 satisfiebat⁷
1470 2010 1577 2045 etiam
1595 2010 1724 2044 modus
1740 2009 1849 2045 dandi
1868 2009 2049 2044 licentiam
2067 2009 2103 2044 in

214 2093 443 2130 quacumque
475 2082 658 2118 Facultate
682 2082 930 2119 ordinabatur.
958 2082 1200 2118 Cancellarius
1223 2082 1370 2129 quidem
1397 2082 1578 2117 licentiam
1605 2083 1688 2117 dare
1714 2082 1830 2128 potuit
1855 2082 1911 2117 eui
1937 2081 2103 2117 censebat

213 2165 290 2189 esse
312 2153 482 2198 dandam,
508 2166 582 2190 non
606 2154 728 2190 habito
752 2154 957 2203 aliquorum
979 2155 1231 2202 magistrorum
1253 2154 1305 2189 vel
1326 2154 1477 2201 alicujus
1495 2154 1652 2201 magistri
1678 2154 1897 2196 testimonio,
1924 2153 2101 2200 denegare

213 2228 335 2261 tamen
351 2237 424 2261 non
439 2226 555 2274 potuit
572 2226 716 2273 quando
733 2227 847 2274 major
860 2238 941 2274 pars
957 2226 1209 2274 magistrorum
1225 2226 1488 2273 cujuscumque
1507 2226 1700 2261 Facultatis
1713 2229 1787 2261 erat
1803 2237 1867 2273 pro
1883 2225 2101 2261 licentiaudo

217 2297 319 2344 (Vid.
331 2303 368 2332 11ο
381 2298 458 2345 16).
478 2299 577 2339 Quae
593 2298 831 2334 nihilominus
848 2298 968 2334 locum
984 2298 1168 2334 habebant
1181 2298 1410 2334 solummodo
1424 2309 1488 2345 pro
1504 2301 1665 2345 tempore
1679 2297 1854 2333 Johannis
1871 2297 2098 2333 Cancellarii.

213 2368 391 2405 Robertus
414 2369 458 2405 de
479 2370 647 2414 Coureon
669 2370 889 2417 apostolicae
911 2370 1004 2406 sedis
1024 2370 1162 2417 legatus
1186 2381 1281 2406 anno
1310 2371 1403 2406 1215
1426 2370 1521 2405 hanc
1544 2369 1774 2405 concordiam
1801 2369 2039 2412 confirmavit,
2067 2373 2100 2404 et

212 2440 418 2488 specialiter
440 2440 594 2477 formam
616 2441 757 2477 dandae
779 2442 960 2478 licentiae.
988 2443 1150 2478 Aetatem
1173 2453 1257 2477 vero
1281 2441 1531 2489 incipientium
1555 2441 1592 2476 in
1617 2440 1765 2476 Artibus
1790 2439 1876 2488 (non
1897 2444 1980 2476 ante
2005 2441 2100 2476 vice-

211 2512 343 2547 simum
363 2512 522 2560 primum
544 2516 692 2557 annum)
715 2513 800 2549 etin
820 2513 1017 2561 Theologia
1032 2514 1119 2561 (non
1142 2517 1223 2549 ante
1247 2513 1469 2549 tricesimum
1494 2513 1661 2559 quintum
1684 2511 1833 2560 annum)
1852 2512 2095 2559 praescripsit,

210 2583 411 2632 adjungens
434 2585 609 2631 quasdam
635 2584 866 2621 condiciones
890 2584 1022 2632 quibus
1045 2584 1194 2620 arbitrio
1221 2584 1436 2632 libidinique
1459 2584 1496 2619 in
1521 2584 1665 2620 licentia
1688 2583 1806 2619 danda
1835 2583 1951 2619 aditus
1980 2587 2097 2620 seclu-

210 2655 368 2691 deretur.
389 2657 531 2692 Praeter
544 2656 613 2692 alia
629 2657 805 2693 concessit
820 2657 998 2704 magistris
1013 2660 1047 2692 et
1060 2656 1284 2693 scholaribus
1301 2655 1505 2692 facultatem
1531 2670 1545 2687 «
1561 2659 1631 2691 tam
1649 2667 1712 2703 per
1731 2668 1768 2691 se
1790 2667 1898 2703 quam
1917 2667 1998 2691 eum
2017 2655 2097 2691 aliis

306 2761 327 2785 1.
351 2761 485 2786 Professor
504 2762 668 2787 KAUFMANN
687 2763 714 2787 in
730 2762 804 2793 libre,
828 2764 881 2788 Die
904 2764 1063 2788 Geschichce
1083 2765 1133 2788 der
1149 2764 1302 2788 deutschen
1331 2762 1545 2793 Universica'ten,
1570 2762 1591 2792 Ι,
1613 2762 1833 2793 Voryeschichee‚
1858 2762 2000 2794 Stuttgart,
2025 2761 2095 2791 1888,

208 2813 233 2838 p.
255 2805 309 2836 250,
330 2807 393 2830 nota
409 2806 432 2837 l,
447 2806 543 2832 abhinc
562 2815 628 2832 anno
651 2807 712 2832 1208
733 2808 865 2840 quandam
890 2809 1018 2840 synodum
1039 2808 1121 2840 hujus
1142 2808 1238 2832 statuti
1259 2808 1370 2839 rigorem
1386 2810 1543 2839 temperasse
1562 2806 1705 2831 contendit.
1722 2807 1767 2835 At,
1781 2814 1841 2839 pace
1861 2806 1927 2838 ejus,
1943 2806 1987 2838 qui
2009 2806 2096 2830 multa

207 2850 275 2875 falsa
289 2850 320 2875 de
334 2850 516 2876 Universitatze
536 2852 679 2877 Parisieusi
701 2853 727 2877 in
743 2861 791 2877 suo
806 2853 872 2878 libro
887 2854 1028 2885 congessit,
1045 2853 1190 2877 dixerimus
1210 2852 1296 2885 ipsum
1319 2852 1418 2884 fugisse
1436 2852 1506 2884 quod
1524 2852 1600 2876 verba
1614 2862 1626 2873 «
1644 2851 1756 2883 rigorem
1778 2853 1880 2875 nostrae
1897 2850 2094 2875 constitutionis

208 2894 333 2919 duximus
348 2895 545 2928 temperandum
560 2906 573 2919 n
589 2905 654 2929 quae
667 2897 842 2922 inveniuntur
865 2898 893 2922 in
918 2905 996 2930 supra
1015 2898 1099 2922 citata
1122 2897 1311 2922 constitutione
1332 2897 1440 2927 Gnatae,
1461 2896 1540 2928 legati
1558 2896 1714 2928 apostolicae
1731 2896 1810 2923 sedis,
1834 2895 1941 2919 minime
1959 2895 2091 2919 Octaviani

207 2938 356 2972 O'douisque
377 2941 510 2965 statutum
531 2941 685 2974 respiciant,
707 2941 755 2966 sed
775 2950 806 2966 ea
829 2950 896 2975 quae
918 2942 945 2966 in
969 2942 1157 2967 constitutione
1179 2942 1278 2966 Gualae
1299 2942 1414 2974 proxime
1434 2941 1600 2974 praecedunt,
1624 2941 1738 2965 Bulaeus
1759 2942 1845 2965 tamen
1868 2940 1921 2970 (111.
1943 2940 1992 2969 44),
2011 2947 2090 2971 quem

206 2983 366 3015 Kaufmann,
379 2985 564 3017 praetermisso
576 2986 670 3017 Mansi,
682 2987 756 3011 unice
771 2987 912 3018 consuluit,
929 2987 1020 3012 afferre
1028 2987 1127 3017 omisit,
1138 2994 1287 3020 quanquam
1295 2986 1326 3011 ad
1339 2994 1445 3011 sensum
1460 2985 1661 3018 intelligendum
1677 2987 1752 3010 erant
1765 2984 1908 3009 necessaria
1920 2985 2000 3013 (Vide
2012 2983 2090 3013 infra,

207 3033 237 3052 n⁰
250 3028 275 3059 7,
289 3030 364 3060 not..)-
