2580 3528
239 403 336 444 1270]
550 411 598 434 An
630 411 737 434 ,nmo
772 409 852 432 mcc
885 409 1021 438 uscue
1056 408 1107 431 sn
1142 408 1378 431 PHlLIPPUM
1415 408 1456 430 iv
1490 408 1580 430 nnc.
1617 408 1754 430 fiuxc.
2048 399 2113 432 485

236 486 471 533 provincialis
497 485 661 526 Francia,
687 495 832 518 necnon
861 483 996 529 prioris
1025 489 1061 516 et
1086 482 1236 516 lectoris
1265 481 1483 527 antiquioris
1513 481 1645 515 domus
1675 475 1894 514 Parisiensis
1924 489 2113 516 sexcentas

235 553 389 587 libras...
418 553 507 586 Item
535 551 659 585 domui
687 551 807 585 Sancti
834 550 1004 584 Maturini
1030 549 1249 583 Parisiensis
1271 548 1422 583 Ordinis
1451 549 1579 582 Sancte
1606 548 1794 582 Trinitatis
1825 555 1860 581 et
1889 549 2112 593 captivorum

235 619 422 666 sexaginta
445 618 601 653 libras...
628 619 716 652 Item
741 617 908 663 legamus
928 617 1052 650 domui
1071 616 1187 650 Vallis
1209 615 1408 650 Scolarium
1436 615 1696 648 parisiensium
1723 614 1961 660 quadraginta
1987 614 2111 648 libras.

235 687 280 720 Et
303 685 384 720 aliis
405 685 575 720 domibus
595 684 760 730 ejusdem
782 684 934 718 Ordinis
955 690 1099 717 centum
1120 682 1233 716 libras
1254 682 1528 716 distribuendas
1549 682 1603 715 eis
1625 682 1827 715 secundum
1853 681 2112 714 discretionem

235 759 271 787 et
303 753 575 786 ordinacionem
610 758 844 785 executorum
879 757 1132 784 nostrorum...
1168 751 1257 783 Item
1292 749 1458 794 legamus
1492 748 1715 795 pauperibus
1750 747 1954 782 scolaribus
1994 748 2113 781 Sancti

234 819 372 854 Thome
397 819 443 853 de
469 820 610 865 Lupera
635 818 853 852 Parisiensis
874 817 1085 863 quindecim
1105 817 1230 850 libras.
1254 818 1297 850 Et
1316 815 1539 862 pauperibus
1560 815 1765 850 scolaribus
1791 815 1911 849 Sancti
1939 815 2114 848 Honorati

235 886 453 920 Parisiensis
480 886 605 920 decem
633 885 758 919 libras.
790 885 903 918 Bonis
932 884 1057 930 pueris
1085 883 1355 917 Parisiensibus
1382 883 1570 929 sexaginta
1596 882 1720 916 libras.
1751 883 1795 915 Et
1820 882 1969 915 minutis
1997 881 2114 915 scola-

235 953 338 987 ribus
369 952 662 987 Parisiensibus’
694 958 839 986 centum
869 951 1134 997 quinquaginta
1164 950 1277 984 libras
1306 962 1371 996 per
1401 950 1559 996 priorem
1590 950 1738 983 fratrum
1774 949 2045 983 Predicatorum
2079 956 2115 982 et

235 1020 448 1066 gardianum
473 1020 622 1053 fratrum
648 1019 829 1052 Minorum
856 1018 1116 1052 Parisiensium
1140 1016 1455 1051 distribuendas...
1480 1017 1595 1062 Hujus
1620 1023 1738 1050 autem
1765 1016 1970 1050 testamenti
1997 1016 2113 1050 nostri

235 1093 450 1120 executores
478 1086 735 1120 constituimus
764 1085 919 1119 dilectos
949 1091 985 1118 et
1013 1084 1142 1118 fideles
1172 1091 1320 1118 nostros
1356 1083 1576 1129 Stephanum
1607 1083 1821 1129 episcopum
1853 1083 2112 1125 Parisiensem,

236 1153 440 1199 Philippum
477 1152 746 1199 Ebroycensem
781 1152 949 1193 electum,
982 1152 1102 1186 Sancti
1137 1151 1302 1197 Dyonisii
1337 1157 1374 1184 et
1407 1150 1554 1196 Regalis
1588 1150 1724 1184 Montis
1755 1149 1917 1191 abbates,
1950 1150 2011 1195 qui
2047 1161 2112 1195 pro

235 1227 400 1266 tempore
419 1219 566 1262 suerint,
585 1226 620 1253 et
640 1219 834 1264 magistros
852 1218 1054 1252 Johannem
1076 1218 1121 1251 de
1141 1218 1268 1251 Trecis
1288 1224 1324 1251 et
1344 1217 1540 1250 Henricum
1563 1217 1607 1250 de
1623 1217 1752 1251 Verzel
1773 1217 1928 1250 clericos
1950 1223 2111 1259 nostros,

235 1286 572 1320 archidiaconos‘in
597 1285 752 1319 ecclesia
773 1285 1007 1330 Bajocensi...
1031 1285 1072 1317 In
1093 1285 1198 1330 cujus
1219 1284 1272 1318 rei
1295 1284 1542 1318 testimonium
1570 1290 1776 1329 presentem
1802 1284 1968 1330 paginam
1998 1283 2112 1330 sigilli

234 1353 350 1387 nostri
377 1353 530 1386 fecimus
557 1352 801 1398 impressione
827 1351 975 1385 muniri.
1001 1352 1133 1385 Actum
1159 1351 1322 1384 Parisius
1346 1363 1440 1384 anno
1466 1342 1612 1384 Domini
1638 1350 1833 1384 millesimo
1859 1351 2112 1384 ducentesimo

235 1419 464 1466 sexagesimo
484 1431 596 1461 nono,
617 1430 744 1452 mense
765 1417 980 1453 Februario.

327 1522 463 1554 Originate
482 1522 508 1546 in
528 1521 605 1546 Aseh.
620 1524 674 1546 nat.
691 1521 776 1546 Paris.
790 1521 815 1545 J.
830 1522 886 1551 403,
902 1525 932 1544 n⁰
947 1523 969 1545 5.
986 1521 1114 1552 Superest
1127 1520 1233 1544 taeniol.
1252 1519 1362 1544 membr.
1379 1533 1410 1538 -
1423 1519 1492 1543 Bibl.
1510 1523 1563 1544 nat.
1580 1519 1674 1549 Paris„
1691 1520 1742 1543 vol.
1763 1520 1806 1543 140
1823 1520 1855 1543 de
1870 1519 1990 1549 Brienne,
2008 1520 2052 1544 fol.
2073 1520 2111 1543 21.

233 1566 358 1596 Bulaeus,
373 1566 420 1596 111,
435 1567 490 1590 392.

328 1651 350 1675 1.
369 1651 481 1675 arienne
495 1643 657 1683 perperam}
676 1659 687 1674 α
703 1650 880 1683 quadraginta
896 1658 918 1674 a.
929 1663 957 1668 —
971 1651 993 1674 2.
1010 1650 1057 1674 uis
1070 1653 1096 1674 et
1110 1649 1170 1673 aliis
1182 1649 1325 1673 nominatis
1337 1649 1504 1673 scholaribus
1516 1649 1542 1673 in
1555 1649 1719 1673 testamentis
1733 1649 1812 1673 etiam
1825 1658 1918 1681 regum
1933 1650 2111 1681 posteriorum

233 1698 320 1720 certae
334 1695 460 1728 pecuniae
475 1703 594 1719 summae
608 1695 740 1727 legantur.
756 1695 821 1719 Vide
833 1703 858 1719 v.
875 1703 900 1727 g.
918 1694 994 1719 Arch.
1011 1697 1065 1719 nat.
1079 1694 1163 1718 Paris.
1179 1694 1203 1718 J.
1219 1695 1275 1723 40³,
1291 1693 1325 1718 nl·
1339 1694 1378 1723 10,
1395 1694 1422 1717 11
1440 1693 1566 1726 (Philippi
1582 1694 1645 1724 111);
1662 1694 1700 1722 12,
1716 1694 1754 1723 13,
1770 1698 1821 1719 etc.
1839 1694 1966 1726 (Philippi
1980 1695 2031 1727 1v).

232 1902 347 1941 431.
373 1913 583 1939 Testamentum
597 1911 715 1939 Roberti
730 1911 766 1938 de
782 1911 912 1938 Sor-bona
927 1911 964 1938 de
977 1911 1039 1938 suis
1055 1910 1136 1938 bonis
1151 1910 1353 1938 immobilibus.

1345 2008 1421 2038 7270,
1438 2007 1597 2041 Septembrt's
1609 2008 1654 2038 29,
1669 2007 1823 2043 [PviaeliaeJ.

325 2083 516 2117 Universis
537 2089 728 2129 presentes
747 2082 886 2117 litteras
907 2083 1129 2129 inspecturis
1150 2082 1316 2116 officialis
1336 2083 1436 2116 curie
1458 2083 1676 2116 Parisiensis
1697 2083 1850 2116 salutem
1877 2083 1914 2116 in
1940 2084 2109 2117 Domino.

235 2150 367 2183 Notum
392 2149 544 2183 facimus
568 2149 666 2196 quod
691 2150 728 2183 in
755 2156 879 2184 nostra
905 2149 1088 2196 presentia
1114 2156 1263 2196 propter
1287 2149 1355 2183 hoc
1377 2150 1597 2183 constitutus
1618 2150 1672 2184 vir
1692 2149 1913 2184 venerabilis
1939 2151 2112 2196 magister

237 2215 418 2250 nobertus
444 2215 490 2250 de
517 2215 694 2258 Sorbona,
714 2217 913 2250 canonicus
934 2216 1164 2258 Parisiensis,
1187 2217 1224 2250 in
1251 2216 1357 2262 plena
1378 2228 1442 2250 sua
1464 2217 1615 2250 sanitate
1643 2223 1678 2250 et
1705 2228 1856 2262 compos
1884 2229 1949 2250 suc
1978 2217 2110 2250 mentis

236 2288 344 2329 prout
370 2282 484 2328 prima
508 2282 598 2316 facie
618 2282 812 2328 apparebat
830 2282 959 2317 volens
986 2282 1058 2317 sibi
1082 2294 1277 2329 precavere
1299 2283 1335 2316 in
1361 2283 1520 2317 futurum
1549 2283 1594 2316 de
1620 2282 1728 2316 bonis
1756 2283 1834 2316 suis
1861 2282 2110 2317 immobilibus

236 2349 418 2383 ordinavit
444 2349 482 2382 in
511 2348 608 2383 hunc
637 2349 798 2382 modum.
829 2349 949 2383 Primo
979 2349 1074 2382 enim
1106 2349 1227 2383 omnia
1258 2349 1352 2382 bona
1382 2361 1446 2383 sua
1477 2349 1675 2382 immobilia
1705 2361 1775 2395 que
1806 2356 1902 2382 tenet
1933 2349 1969 2382 in
2003 2362 2109 2384 manu

238 2421 389 2458 mortua,
406 2415 579 2450 videlicet
597 2415 734 2458 vineas,
751 2415 895 2458 domos,
911 2427 1044 2450 census
1064 2427 1145 2450 cum
1162 2427 1287 2450 eorum
1309 2415 1547 2462 pertinenciis
1567 2427 1637 2462 que
1657 2416 1849 2461 acquisivit
1865 2416 2026 2450 Parisius
2046 2428 2112 2451 seu

235 2482 396 2516 confinio
420 2483 512 2528 ejus.
534 2481 591 2516 vel
617 2482 779 2528 acquiret
804 2482 841 2516 in
866 2494 973 2516 manu
1000 2489 1139 2516 mortua
1164 2493 1283 2527 usque
1308 2482 1351 2516 ad
1377 2482 1472 2516 diem
1500 2483 1628 2516 mortis
1655 2484 1756 2522 sue',
1785 2482 1885 2516 dedit
1913 2483 2108 2517 donatione

235 2549 331 2583 inter
356 2549 459 2583 vivos
485 2549 762 2595 congregationi
788 2561 988 2595 pauperum
1014 2549 1271 2595 magistrorum
1292 2549 1453 2583 Parisius
1474 2549 1511 2582 in
1533 2548 1737 2595 theologica
1762 2549 1929 2583 facultate
1957 2550 2108 2584 studen-

236 2615 338 2658 tium,
364 2627 518 2661 quorum
546 2615 607 2649 diu
641 2616 808 2662 provisor
833 2615 960 2657 extitit,
984 2622 1019 2649 et
1039 2627 1134 2650 nunc
1157 2615 1356 2649 dominium
1378 2622 1414 2649 et
1434 2616 1690 2662 proprietatem
1719 2616 1898 2650 dictorum
1926 2616 2105 2651 bonorum

236 2682 273 2716 in
299 2682 401 2728 ipsos
429 2694 607 2729 pauperes
629 2683 823 2729 magistros
844 2682 1109 2716 transferendo.
1132 2683 1221 2716 Item
1242 2681 1414 2716 dilectum
1436 2694 1541 2716 suum
1562 2683 1678 2717 virum
1705 2682 1950 2717 venerabilem
1978 2684 2110 2729 magis-

235 2749 450 2783 Gaul'ridum
478 2749 523 2783 de
551 2750 662 2783 Barro
674 2749 700 2791 ²,
727 2749 941 2783 canonicum
970 2749 1227 2790 Parisiensem,
1257 2755 1338 2795 post
1364 2749 1556 2783 decessum
1588 2749 1704 2796 ipsius
1735 2750 1897 2796 magistri
1928 2751 1967 2784 R.
1997 2763 2101 2784 suum

235 2815 425 2850 constituit
442 2814 614 2850 heredem
636 2816 796 2850 omnium
817 2816 971 2850 aliorum
992 2815 1171 2849 bonorum
1193 2827 1342 2850 suorum
1364 2815 1618 2858 immobilium,
1636 2828 1706 2862 que
1728 2829 1801 2851 non
1821 2823 1919 2851 tenet
1940 2817 1976 2851 in
1998 2830 2104 2851 manu

237 2888 390 2924 mortua,
410 2882 581 2916 videlicet
599 2882 799 2924 vinearum,
821 2883 1027 2924 domorum,
1048 2894 1238 2924 censuum,
1261 2882 1358 2916 feodi
1379 2894 1459 2916 cum
1481 2894 1607 2917 eorum
1629 2883 1860 2929 pertinentiis
1880 2896 1945 2917 scu
1971 2896 2106 2929 appen-

237 2947 357 2991 diciis,
382 2960 453 2995 que
478 2949 670 2996 acquisivit
694 2949 855 2983 Parisius
874 2949 932 2984 vel
953 2950 990 2984 in
1011 2949 1170 2984 confinio
1193 2950 1273 2995 ejus
1293 2949 1351 2984 vel
1371 2961 1442 2996 que
1463 2950 1624 2996 acquiret
1645 2962 1762 2996 usque
1788 2950 1831 2983 ad
1858 2950 1953 2983 diem
1981 2950 2106 2983 mortis
