2580 3528
258 438 355 479 1257]
597 435 645 470 ,ἡ
678 447 786 470 Almo
819 446 898 469 uec
931 446 1064 475 usqua
1097 442 1146 468 An
1181 446 1410 468 munerun
1446 446 1485 468 ιν
1519 446 1609 468 asc.
1645 447 1781 468 rimae.
2066 438 2129 470 371

256 521 469 556 scolasteris
493 520 627 554 habere
652 520 840 567 proprium
865 520 1010 554 stallum
1036 520 1074 553 in
1098 519 1211 553 choro
1231 519 1469 553 Noviomensi
1493 532 1512 552 a
1537 519 1674 552 dextris
1699 520 1870 564 superius
1890 521 1991 564 juxta
2017 520 2134 553 archi-

256 587 462 630 diaconum,
480 587 579 633 quod
598 599 618 621 a
638 593 814 633 tempore,
836 587 942 632 cujus
961 598 1035 620 non
1056 592 1114 620 est
1131 586 1318 623 memoria,
1336 585 1520 619 scolastici
1541 586 1657 619 nostri
1679 586 1853 631 temporis
1875 586 2134 631 possederunt,

256 654 343 688 licet
366 654 567 700 antiquitus
594 654 632 687 in
657 653 783 688 eadem
811 653 967 687 ecclesia
994 652 1211 686 scolasticus
1241 652 1386 686 stallum
1416 651 1585 685 habuerit
1616 652 1660 685 ad
1691 652 1858 697 pilarium
1891 652 2072 693 dextrum,
2100 659 2137 685 ct

258 727 453 755 succentor
471 720 516 755 ad
536 720 739 755 sinistrum.

352 820 430 844 Arch-
443 819 547 852 aspare.
563 819 596 843 de
614 819 695 844 l‘Oise
711 818 871 849 (Beauvais),
888 818 997 844 cartul.
1013 819 1053 843 du
1067 818 1197 849 chapitre
1206 819 1241 843 de
1254 818 1363 849 Noyon,
1377 817 1408 842 G.
1425 818 1495 846 1⁹84,
1508 818 1553 841 sol.
1565 817 1636 842 35812.
1654 818 1806 849 Sequuntur
1817 817 1861 841 fol.
1874 818 1982 841 359·360
1996 825 2042 840 sex
2056 817 2139 840 docu-

260 867 356 892 menta,
381 871 449 896 quae
469 863 615 896 respiciunt
629 863 663 887 ad
682 863 752 887 idem
764 862 882 887 officium
895 862 1055 886 scholastici.
1067 876 1099 880 —
1113 863 1304 886 Documentum
1318 862 1426 885 chartae
1441 869 1523 894 supra
1537 861 1688 894 publicatae
1706 861 1841 893 praecedit
1854 869 1896 884 an.
1914 861 1988 884 Dum.
2002 861 2138 885 MCCLvn

261 916 379 932 mensem
393 908 542 933 Octobrem.

262 1035 375 1073 323.
398 1043 578 1079 Reginaldus
599 1043 750 1080 episcopus
771 1043 867 1069 Paris.
891 1042 1022 1069 concedit
1040 1041 1222 1079 pauperibus
1245 1041 1438 1077 scholaribus,
1456 1042 1507 1078 qui
1526 1042 1600 1068 Boni
1616 1041 1702 1078 pueri
1720 1045 1932 1078 nuncupantur,
1955 1045 1986 1067 ut
2006 1041 2034 1067 in
2059 1040 2142 1067 domo

351 1101 447 1120 eorum
462 1101 534 1119 nova
547 1092 674 1119 Parisiis
689 1091 847 1118 oratorium
858 1092 974 1128 possint
987 1086 1160 1118 construere.

1538 1140 1616 1170 1257.
1631 1139 1759 1175 [Pae-kin
1758 1139 1784 1175 J.

355 1216 581 1263 Reginaldus
626 1215 861 1250 miseratione
905 1215 1026 1248 divina
1065 1214 1285 1248 parisiensis
1328 1214 1484 1248 ecclesie
1527 1214 1695 1248 minister
1739 1214 1915 1260 indignus
1961 1213 2146 1247 universis

267 1290 459 1330 presentes
487 1282 627 1317 litteras
656 1281 878 1327 inspecturis
908 1281 1061 1315 salutem
1096 1281 1134 1314 in
1168 1281 1336 1314 Domino.
1375 1282 1506 1314 Notum
1537 1282 1689 1314 facimus
1719 1281 1817 1326 quod
1847 1293 1915 1314 nos
1943 1281 1987 1314 ad
2018 1292 2148 1326 preces

266 1357 303 1384 et
322 1349 530 1384 instantiam
549 1348 731 1383 bonorum
752 1347 798 1382 de
817 1347 1030 1382 auctoritate
1051 1347 1234 1381 ordinaria
1254 1347 1646 1393 concessimii‘smsque
1666 1347 1711 1380 ad
1732 1354 1856 1381 nostre
1877 1347 2146 1393 beneplacitum

265 1416 462 1452 voluntatis
488 1415 711 1462 pauperibus
731 1413 950 1456 scolaribus,
972 1414 1034 1460 qui
1055 1414 1147 1447 Boni
1168 1414 1272 1460 pueri
1292 1413 1493 1459 vulgariter
1514 1421 1782 1460 nuncupantur,
1806 1421 1845 1447 ut
1869 1415 1905 1447 in
1932 1415 2040 1448 domo
2067 1426 2147 1455 sua,

266 1490 373 1525 quam
407 1477 453 1512 de
483 1489 578 1512 novo
609 1476 780 1511 edificare
812 1476 974 1510 Parisius
1004 1476 1236 1522 inceperunt,
1267 1476 1412 1521 possint
1439 1483 1655 1510 construere
1686 1476 1899 1510 oratorium¹
1937 1476 2036 1510 salvo
2064 1477 2149 1521 jure

267 1543 472 1591 presbyteri
498 1543 736 1590 parrochialis
763 1543 884 1578 Sancti
912 1542 1050 1577 Nicolai
1078 1543 1124 1576 de
1151 1542 1363 1584 Cardineto,
1389 1543 1481 1576 infra
1507 1543 1612 1588 cujus
1639 1549 1753 1576 metas
1782 1542 1970 1588 parrochie
1999 1543 2067 1576 sita
2094 1550 2150 1576 est

268 1611 362 1646 dicta
388 1611 534 1653 domus,
565 1610 612 1644 ita
639 1609 738 1656 quod
765 1621 894 1643 omnes
918 1608 1137 1651 oblationes,
1164 1621 1254 1655 quas
1286 1609 1337 1642 ibi
1363 1609 1533 1643 decetero
1564 1609 1643 1643 fieri
1671 1609 1881 1655 contigerit,
1909 1621 1973 1655 per
2000 1609 2149 1642 eosdem

269 1677 347 1712 sive
373 1689 439 1724 per
464 1676 569 1719 alios,
591 1676 650 1711 vel
669 1676 707 1710 in
728 1676 881 1723 pecunia
900 1675 959 1710 vel
979 1676 1017 1710 in
1036 1688 1132 1718 cera,
1154 1676 1232 1710 sive
1253 1676 1321 1710 alia
1342 1676 1479 1722 specie,
1501 1676 1644 1722 integre
1670 1676 1909 1709 restituantur
1936 1675 2151 1722 presbytero

269 1744 390 1779 Sancti
415 1743 554 1778 Nicolai
574 1742 793 1789 supradicti;
822 1754 889 1776 nec
915 1742 1103 1776 habebunt
1126 1728 1353 1776 cimeterium
1379 1742 1437 1776 vel
1461 1754 1587 1788 aquam
1614 1741 1857 1784 benedictam,
1886 1754 1953 1776 nec
1981 1743 2152 1776 anniver-

270 1810 419 1852 sarium,
448 1821 515 1844 nec
541 1808 711 1852 annuale,
731 1821 798 1843 nec
819 1821 948 1855 panem
969 1808 1216 1852 benedictum,
1239 1821 1306 1843 nec
1327 1809 1435 1843 alicui
1461 1809 1708 1843 ecclesiastica
1734 1815 1969 1850 sacramenta,
2001 1809 2077 1842 sive
2105 1809 2153 1842 sit

270 1876 316 1911 de
343 1876 452 1910 domo
482 1876 559 1910 sive
589 1875 634 1910 de
663 1882 775 1919 extra,
806 1875 1031 1910 exhibebunt
1057 1876 1136 1909 sine
1166 1875 1312 1910 licentia
1338 1875 1543 1922 presbyteri
1569 1875 1690 1909 Sancti
1716 1875 1853 1909 Nicolai
1884 1875 2053 1921 speciali3
2085 1888 2152 1910 nec

271 1942 427 1989 aliquam
454 1942 500 1976 ad
524 1941 812 1988 purificationem
840 1942 917 1976 sive
943 1942 987 1976 ad
1011 1941 1080 1976 alia
1106 1942 1353 1976 ecclesiastica
1374 1948 1597 1975 sacramenta
1618 1942 1821 1984 admittent,
1850 1954 1916 1976 nec
1944 1954 2152 1988 campanam

270 2008 470 2051 habebunt,
501 2021 571 2054 que
601 2009 720 2055 possit
747 2015 846 2042 extra
875 2009 992 2042 audiri
1028 2015 1164 2055 aperte,
1196 2021 1262 2042 nec
1293 2008 1541 2055 procurabunt
1569 2008 1682 2043 verbo
1712 2009 1770 2043 vel
1799 2010 1892 2042 facto
1922 2009 1959 2042 in
1988 2009 2152 2042 fraudem

273 2074 477 2122 presbyteri
497 2075 669 2109 antedicti
689 2075 747 2109 vel
767 2087 875 2109 causa
895 2075 1060 2109 utilitatis
1082 2076 1245 2122 ipsorum
1266 2075 1324 2110 vel
1345 2075 1477 2109 domus
1498 2087 1578 2118 suc,
1600 2076 1688 2121 quin
1710 2076 1747 2109 in
1768 2075 1865 2109 (licto
1887 2076 2045 2109 oratorio
2068 2076 2154 2109 fiant

273 2141 478 2176 oblationes
516 2141 561 2175 ad
599 2153 693 2188 opus
731 2141 818 2176 dicti
853 2141 1076 2188 presbyteri,
1112 2142 1170 2176 vel
1203 2143 1336 2176 sacient
1374 2142 1419 2175 ab
1457 2142 1538 2175 aliis
1578 2143 1778 2188 procurari.
1821 2143 1865 2176 Et
1898 2142 1942 2176 dc
1982 2142 2154 2175 omnibus

274 2207 467 2255 premissis
494 2207 676 2251 tenendis,
704 2207 856 2242 firmiter
876 2209 1130 2243 custodiendis
1150 2215 1186 2243 et
1205 2208 1374 2243 similiter
1395 2208 1492 2242 dicto
1519 2208 1734 2255 presbytero
1763 2209 2001 2242 restituendis
2028 2215 2154 2242 custos

274 2273 333 2308 vel
359 2280 573 2320 procurator
597 2273 656 2308 vel
681 2274 855 2320 magister
882 2286 977 2308 unus
1001 2275 1060 2309 vel
1087 2275 1226 2321 plures,
1253 2275 1284 2309 si
1309 2274 1360 2308 ibi
1380 2275 1530 2317 suerint,
1556 2274 1614 2309 vel
1641 2275 1832 2320 presbyter
1858 2275 1915 2308 vel
1943 2275 2153 2320 capellanus

274 2340 369 2374 dicte
396 2339 541 2382 domus,
569 2340 631 2386 qui
661 2351 727 2386 pro
756 2346 919 2386 tempore
944 2341 1092 2383 suerint,
1125 2341 1217 2375 infra
1242 2341 1415 2383 triduum,
1444 2348 1633 2386 postquam
1660 2341 1795 2374 ibidem
1822 2341 1955 2374 suerint
1983 2341 2152 2383 instituti,

275 2405 490 2453 presbytero
516 2406 637 2458 Sancti
661 2406 799 2440 Nicolai
818 2406 1034 2452 prestabant
1053 2407 1292 2453 corporaliter
1306 2408 1567 2453 juramentum.
1590 2408 1630 2440 ln
1650 2408 1755 2452 cujus
1776 2407 1827 2441 rei
1850 2408 2096 2441 testimonium
2118 2414 2154 2441 et

275 2473 484 2507 memoriam
526 2472 689 2519 sigillum
730 2479 895 2507 nostrum
931 2473 1165 2519 presentibus
1200 2473 1332 2507 litteris
1366 2473 1536 2507 duximus
1576 2474 1845 2519 apponendum.
1888 2475 2014 2507 Datum
2057 2486 2152 2508 anno

277 2539 422 2573 Domini
443 2538 640 2573 Millesimo
661 2539 799 2575 CC⁰L=²⁰
819 2540 987 2586 septimo.

369 2636 511 2670 Mannum
528 2638 622 2663 Gharae.
638 2638 733 2663 eccles.
748 2638 846 2664 Paris.
861 2638 887 2662 in
902 2638 979 2663 Arch.
996 2641 1050 2663 nat.
1065 2637 1149 2663 Porio.
1166 2638 1215 2663 LL.
1233 2638 1286 2667 1³³.
1304 2638 1348 2663 sol.
1365 2639 1420 2662 330.
1435 2651 1467 2656 —
1482 2638 1607 2667 Bulaeus,
1624 2638 1670 2668 tn,
1686 2639 1742 2663 217.

370 2721 392 2745 1.
409 2721 460 2746 Pro
473 2721 561 2752 domo,
576 2730 655 2755 quam
670 2722 746 2755 prius
761 2722 926 2752 habitabant,
943 2722 1051 2755 vigebat
1061 2722 1118 2755 jam
1134 2722 1254 2747 facultas.
1272 2723 1311 2747 ct.
1329 2730 1411 2754 supra
1427 2726 1456 2746 n⁰
1471 2722 1525 2746 184.
