2580 3528
431 359 492 390 142
1012 366 1337 388 CHARTULARIUM
1372 365 1563 388 umvlzns.
1600 366 1730 388 mnis.
2212 356 2310 399 [1231

427 485 506 522 84.
535 494 687 528 Gregorius
714 494 758 518 IX
773 491 895 518 mandat
919 492 1067 526 magistris
1088 492 1238 518 Warnacio
1257 492 1400 518 Tervisino
1425 495 1452 517 et
1475 492 1584 518 Simoni
1604 491 1640 518 de
1663 491 1757 518 Alteis
1781 491 1971 518 Ambianensi
1993 492 2149 527 canonicis,
2177 495 2208 518 ut
2226 499 2314 528 super

513 543 639 578 flagitio,
671 541 748 578 quod
772 541 900 568 decanus
925 545 953 567 et
968 540 1023 567 alii
1047 540 1082 567 de
1107 540 1174 567 villa
1198 542 1225 567 S.
1253 540 1387 567 Marcelli
1410 541 1505 567 Paris.
1535 541 1564 566 in
1588 541 1730 567 occisione
1753 540 1930 567 scholarium
1950 545 2138 577 perpetrasse
2166 540 2310 575 dicantur,

516 591 640 618 sollicite
657 591 803 617 veritatem
819 591 976 626 inquirant.

1647 639 1720 669 1231,
1736 639 1827 672 Aprilis
1844 639 1882 669 18,
1897 639 2025 666 Laterani.

519 715 705 761 Magistris
726 715 924 751 Warnacio
946 714 1158 747 Tervisino’
1181 713 1342 746 Parisius
1363 713 1602 746 commoranti
1624 720 1660 746 et
1680 714 1829 758 Symoni
1850 713 1894 746 de
1915 713 2053 747 Alteis¹
2073 713 2314 747 Ambianensi

428 783 628 816 canonicis.
655 782 745 816 Cum
773 781 918 815 intersit
942 780 1158 826 reipublice,
1181 792 1227 813 ne
1248 780 1399 813 crimina
1425 786 1636 830 remaneant
1655 780 1832 825 impunita
1853 792 1896 813 eo
1918 780 2016 825 quod
2036 780 2189 813 facilitas
2206 780 2313 814 venie

428 849 651 883 incentivum
683 848 810 882 tribuit
839 847 1092 893 delinquendi,
1123 847 1279 879 immane
1310 846 1501 891 flagitium,
1525 846 1660 891 quod..
1679 846 1839 880 decanus
1861 853 1897 880 et
1916 847 2062 892 quidam
2082 846 2143 880 alii
2164 846 2209 880 de
2229 846 2314 880 villa

429 916 549 950 Sancti
576 916 739 948 Marcelli
767 915 986 948 Parisiensis
1012 914 1049 946 in
1076 914 1262 946 occisione
1293 913 1488 946 scolarium
1517 919 1750 958 perpetrasse
1777 913 1980 954 dicuntur³,
2008 913 2177 947 nolentes
2202 913 2316 946 relin-

429 995 542 1028 quere
573 983 836 1022 indiscussum,
871 981 1085 1014 discretioni
1114 987 1236 1013 vestre
1266 992 1331 1025 per
1356 979 1554 1026 apostolica
1581 980 1715 1025 scripta
1741 980 1967 1021 mandamus,
1995 980 2166 1025 quatinus
2195 979 2317 1025 inqui-

430 1056 553 1082 rentes
584 1061 695 1093 super
723 1048 792 1081 hoc
823 1047 978 1080 sollicite
1008 1047 1210 1088 veritatem,
1242 1059 1313 1092 que
1342 1046 1558 1080 inveneritis
1588 1046 1696 1079 nobis
1727 1058 1792 1092 per
1820 1053 1962 1080 vestras
1991 1046 2133 1080 litteras
2158 1046 2318 1080 fideliter

430 1115 620 1152 intimetis,
643 1121 682 1147 ut
701 1127 743 1147 cx
769 1121 889 1147 vestra
910 1114 1086 1147 relatione
1108 1113 1333 1146 sufficienter
1356 1113 1540 1154 instructi,
1562 1113 1804 1158 procedamus
1832 1113 1963 1146 exinde
1984 1119 2094 1158 prout
2113 1113 2316 1146 secundum

526 1281 588 1311 Reg.
602 1280 659 1303 Vnt.
672 1279 793 1311 Gregorii
810 1280 842 1302 lx
860 1287 901 1302 an.
915 1281 937 1307 5,
956 1287 997 1310 ep.
1015 1280 1053 1307 39,
1071 1279 1114 1302 sol.
1127 1279 1157 1302 82
1164 1278 1184 1302 b.
1197 1292 1227 1296 —-
1239 1278 1301 1302 Cod.
1321 1279 1378 1301 Vnt.
1398 1279 1458 1309 Reg.
1477 1279 1532 1306 406,
1550 1278 1594 1301 sol.
1609 1277 1662 1301 10¹³.
1677 1278 1745 1301 Bibl.
1763 1278 1895 1310 Phillipps
1911 1278 1937 1301 in
1949 1278 2130 1306 Cheltenham,
2142 1286 2191 1301 ms.
2203 1278 2258 1306 876,
2271 1277 2316 1301 fol.

431 1325 486 1348 11¹².
506 1325 629 1352 Bulaeus,
647 1325 692 1352 ΙΙΙ,
710 1325 763 1347 144.
781 1324 884 1355 Ubique
900 1332 1041 1355 perperam
1056 1323 1101 1355 xiij
1117 1324 1169 1346 kal.
1187 1323 1248 1346 Maii
1265 1323 1417 1346 ascribitur.
1435 1323 1555 1354 Epistola
1571 1322 1597 1346 in
1609 1323 1684 1346 codd.
1701 1323 1760 1346 Vnt.
1777 1326 1802 1346 ct
1818 1323 1954 1346 Chcltenh.
1966 1322 2067 1354 scripta
2077 1325 2117 1346 est
2127 1322 2177 1345 sub
2189 1322 2315 1346 rubrica:

432 1378 443 1393 «
460 1370 558 1393 Littera
574 1377 699 1392 concessa
715 1372 836 1400 tempore
851 1368 992 1391 occisionis
1010 1368 1154 1391 scolarium
1169 1368 1202 1391 ab
1218 1367 1273 1391 illis
1289 1368 1320 1391 de
1336 1368 1432 1391 Sancto
1449 1368 1574 1390 Marcello
1590 1375 1612 1391 )).

526 1454 547 1477 1.
568 1454 630 1477 Cod.
649 1453 785 1476 Cheltenh.
805 1462 816 1476 (t
832 1453 971 1476 Warnario
986 1453 1125 1476 Tot-visino
1141 1461 1163 1476 )).
1180 1453 1296 1476 Bulaeus
1313 1461 1318 1475 z
1339 1464 1346 1473 ι
1363 1452 1499 1476 Wernerio
1517 1463 1538 1479 n,
1553 1452 1691 1480 Jourdain,
1708 1456 1746 1475 η’)ς
1762 1453 1801 1480 37,
1817 1453 1848 1475 140
1864 1459 1869 1475 ·.
1889 1462 1897 1472 ι
1915 1451 2048 1475 Warvatio
2067 1462 2087 1479 ι,
2103 1451 2234 1483 amboque
2249 1451 2320 1475 sicut

430 1502 455 1522 et
470 1498 599 1526 Potthast,
616 1502 644 1521 ιιο
659 1498 730 1526 8715,
747 1498 867 1521 scribunt
885 1508 893 1518 ι
911 1498 1043 1521 Tenusino
1064 1506 1085 1520 )ι.
1107 1498 1145 1521 Ad
1165 1497 1333 1520 Warnacium
1355 1498 1397 1520 vel
1419 1497 1598 1521 Guarnacium
1619 1496 1787 1520 Tervisinum
1807 1496 1963 1519 canonicum
1984 1496 2094 1520 Parisiis
2110 1499 2319 1520 commorantem

432 1542 576 1574 Gregorius
600 1543 633 1566 lx
655 1551 734 1574 saepe
756 1542 849 1574 dirigit
868 1551 930 1565 suas
951 1542 1087 1574 epistolas.
1105 1542 1143 1565 Cf.
1168 1542 1231 1573 Reg.
1253 1542 1310 1565 Vat.
1335 1542 1454 1573 ejusdem
1474 1541 1607 1573 pontificis
1628 1550 1670 1565 an.
1691 1543 1714 1569 5,
1730 1550 1791 1573 epp.
1812 1541 1914 1570 11,115;
1935 1549 1977 1564 an.
1998 1542 2022 1569 4,
2044 1549 2104 1572 epp.
2126 1541 2149 1569 8,
2170 1541 2214 1569 38;
2235 1544 2277 1564 nn.
2294 1541 2319 1569 6,

431 1596 492 1619 epp.
515 1588 568 1615 118,
590 1588 643 1615 223,
665 1588 719 1615 298,
740 1588 800 1615 32Ο;
822 1596 863 1610 an.
887 1588 909 1615 7,
932 1595 992 1618 epp.
1015 1587 1053 1615 13,
1074 1588 1113 1614 93,
1135 1587 1189 1615 217,
1211 1587 1265 1615 222,
1286 1587 1340 1615 225,
1360 1587 1416 1615 453,
1433 1590 1481 1611 etc.
1504 1594 1587 1618 usque
1609 1586 1641 1609 ad
1658 1594 1699 1609 nn.
1717 1586 1754 1609 12.
1772 1586 1805 1609 Et
1823 1586 1873 1608 sub
1889 1585 2040 1609 Innocentio
2058 1585 2100 1613 IV,
2122 1593 2163 1608 an.
2181 1585 2193 1608 1
2210 1588 2236 1609 et
2250 1587 2272 1608 5.
2289 1585 2320 1609 In

433 1633 548 1664 quadam
564 1632 637 1655 bulla
653 1632 777 1663 originali
798 1632 919 1663 Gregorii
935 1632 987 1660 IX.,
1005 1632 1081 1655 Arch.
1098 1634 1152 1654 nat.
1169 1631 1253 1655 Paris.
1271 1632 1298 1655 L.
1316 1632 1370 1660 242,
1387 1639 1479 1654 revera
1495 1631 1621 1654 scribitur
1639 1641 1647 1651 ι
1664 1630 1814 1654 Wernerins
1831 1638 1852 1653 )).
1870 1644 1901 1647 -
1916 1631 1938 1653 2.
1955 1630 1991 1653 De
2012 1630 2062 1653 isto
2077 1629 2137 1653 vide
2152 1629 2222 1653 infra
2236 1633 2266 1652 n⁰
2279 1630 2319 1654 87.

431 1691 461 1694 —
482 1678 504 1700 3.
528 1677 581 1699 Hoc
601 1676 688 1700 evcnit.
709 1685 797 1699 mense
817 1676 960 1700 Februario
980 1677 1049 1699 1229.
1072 1676 1136 1699 Vide
1151 1684 1233 1708 supra
1249 1676 1282 1699 ad
1298 1680 1326 1699 n⁰
1345 1677 1383 1699 62.
1403 1677 1508 1701 Chron.
1527 1676 1720 1700 Lemovicense
1735 1675 1761 1698 in
1777 1675 1841 1700 Rec.
1860 1675 1906 1699 des
1919 1675 1992 1699 Hist.
2009 1676 2056 1699 des
2072 1674 2168 1703 Gaul„
2183 1674 2248 1702 XXI,
2265 1675 2320 1703 764,

433 1722 481 1744 hoc
498 1723 596 1745 sactum
611 1729 752 1753 perperam
768 1721 801 1744 ad
816 1730 858 1745 un.
876 1721 937 1744 1230
952 1722 1041 1744 refert.

434 1889 513 1926 85.
541 1898 692 1932 Gregorius
717 1899 761 1923 IX
790 1898 912 1924 Heni-ico
943 1897 1160 1934 archiepiscopo
1193 1897 1335 1932 Remensi,
1371 1896 1512 1931 Gaus'rido
1549 1897 1682 1933 episcopo
1710 1896 1909 1931 Ambianensi,
1942 1896 2058 1930 Hugoni
2090 1895 2126 1922 de
2153 1894 2321 1930 Burgundio

525 1946 646 1973 mandat
662 1950 692 1972 ut
707 1947 861 1982 magistros
877 1950 905 1973 et
918 1946 1066 1973 scholares
1081 1947 1264 1972 Parisienses
1279 1947 1309 1972 in
1323 1946 1385 1972 suis
1400 1945 1586 1972 libertatibus
1601 1949 1701 1972 contra
1717 1945 1880 1972 turbatores
1895 1948 2066 1971 conservent.

1654 2035 1725 2065 1231,
1741 2035 1832 2067 Aprilis
1849 2035 1886 2064 18,
1903 2034 2030 2061 Laterani.

530 2137 550 2143 ..
565 2110 853 2156 Archiepiscopo
872 2111 1043 2144 Rcmensi
1059 2117 1095 2144 et
1113 2137 1134 2143 ..
1156 2111 1330 2156 episcopo
1351 2109 1591 2143 Ambianensi
1612 2116 1648 2143 ct
1663 2109 1810 2155 Hugoni
1831 2109 1876 2143 de
1898 2109 2114 2155 Burgundio
2135 2108 2318 2154 quondam

438 2177 693 2210 archidiacono
725 2177 907 2210 Rcmensi.
936 2177 1097 2210 Dilectos
1119 2177 1215 2210 filios
1240 2177 1436 2222 magistros
1467 2183 1502 2210 et
1531 2176 1693 2209 scolares
1720 2175 1948 2209 Parisienses
1976 2175 2126 2221 speciali
2151 2174 2319 2209 volentes

438 2244 560 2277 favore
595 2244 733 2286 fovere,
764 2256 870 2289 quem
907 2244 1015 2276 iidem
1052 2244 1184 2276 mereri
1218 2244 1402 2285 videntur,
1442 2243 1656 2276 discretioni
1694 2249 1815 2276 vestre
1850 2254 1915 2288 per
1948 2241 2147 2287 apostolica
2185 2241 2319 2287 scripta

439 2310 665 2351 mandamus,
688 2310 858 2355 quatinus
879 2310 981 2355 ipsos
1002 2310 1039 2342 in
1066 2309 1309 2351 libertatibus,
1332 2321 1422 2355 quas
1443 2309 1496 2342 eis
1522 2309 1757 2350 indulsimus,
1780 2315 2054 2350 conservantes,
2075 2319 2150 2341 non
2170 2307 2319 2353 permit-

441 2377 522 2410 tatis
553 2389 617 2410 eos
646 2384 771 2410 contra
797 2377 1045 2423 indulgentias
1073 2383 1217 2410 nostras
1246 2383 1382 2410 temere
1410 2375 1630 2422 perturbari,
1658 2375 1864 2409 turbatores
1892 2387 1957 2421 per
1983 2386 2175 2408 censuram
2203 2373 2322 2407 eccle-

441 2444 621 2476 siasticam
652 2443 894 2489 appellatione
925 2444 1127 2489 postposita
1161 2443 1443 2489 compescendo,
1475 2441 1713 2476 Presentibus
1745 2441 1877 2475 litteris
1912 2447 1995 2487 post
2028 2440 2320 2486 quinquennium

443 2588 537 2610 anno
559 2577 698 2622 quinto.

536 2664 598 2706 Iieg.
615 2675 672 2698 vat.
690 2675 810 2706 Gregorii
826 2676 859 2699 lx
872 2684 913 2699 an.
931 2678 953 2704 5,
970 2684 1011 2707 ep.
1027 2676 1066 2704 41,
1084 2676 1127 2699 sol.
1143 2676 1181 2699 83.
