2618 3640
673 425 721 446 AB
755 424 1001 446 ALEXANDRO
1035 424 1085 445 111
1120 424 1254 452 USQUE
1290 424 1339 445 An
1373 424 1514 446 ANNUM
1549 425 1639 447 mcc.
2055 419 2098 451 23

213 499 334 532 tacuit.
356 500 470 532 Immo
491 498 738 544 duplicitatem
774 499 854 543 ejus
889 504 1054 543 patenter
1084 509 1257 543 arguens,
1289 509 1332 530 ex
1362 510 1490 543 magna
1525 505 1639 543 parte,
1672 511 1777 544 quam
1813 500 1915 544 prius
1946 501 2095 543 leserat,

213 565 368 598 redemit
386 565 514 598 famam
536 576 650 606 suam,
673 576 906 609 conquerens
934 564 1032 609 quod
1059 564 1150 597 adeo
1176 570 1303 609 captus
1328 564 1445 597 fuerat
1465 564 1561 597 dolis
1582 565 1674 598 eius.
1693 566 1800 608 Quod
1823 567 1968 610 quidem
1990 567 2095 601 vobis

212 631 295 665 ideo
317 631 539 673 intimamus,
560 638 600 665 ut
620 631 651 664 si
672 631 716 664 ad
737 630 929 664 ecclesiam
951 632 1147 664 Romanam
1168 631 1317 664 rediens
1345 638 1466 676 partes
1487 631 1652 664 illusoris
1679 632 1802 665 fovere
1831 635 2097 678 presumpserit

211 705 273 732 aut
304 698 451 732 fraudes
485 698 668 740 occulere,
689 698 743 731 rei
777 698 964 732 veritatem
1000 697 1148 730 domino
1183 709 1274 743 pape
1310 704 1346 731 et
1374 698 1622 731 cardinalibus
1651 705 1771 732 vestra
1802 699 1949 733 dilectio
1980 701 2098 745 possit

212 764 358 798 fidelius
378 765 556 798 intimare.
575 766 662 798 Nam
684 765 779 798 sicut
798 771 888 797 nutu
909 764 1034 798 divino
1055 764 1223 810 contigit,
1245 771 1284 798 ut
1303 776 1342 798 re
1364 771 1512 798 strenue
1534 771 1636 810 gesta
1656 765 1794 799 rediret
1814 766 1984 800 dominus
2006 768 2096 800 Gra-

212 831 344 873 tianus,
366 838 402 865 et
427 838 465 865 ut
483 843 564 874 vos,
585 843 694 877 quem
715 831 807 865 deus
828 831 1074 864 firmissimam
1095 831 1315 873 columnam,
1337 838 1377 865 ut
1396 844 1552 877 persepe
1573 832 1772 877 loquimur,
1794 833 1831 866 in
1855 833 2009 867 ecclesia
2031 846 2095 868 sua

210 898 352 944 posuit,
380 905 417 932 et
445 898 507 943 qui
534 910 655 932 mores
685 897 845 932 hominis
872 898 1018 943 plenius
1047 898 1179 940 nostis,
1201 898 1246 931 ad
1274 898 1399 931 sedem
1430 899 1666 944 apostolicam
1696 890 1908 945 arriperetis
1937 901 2019 942 iter,
2042 902 2095 935 sic

211 965 375 1010 ejusdem
397 971 487 998 nutu
508 965 670 998 creditur
689 965 883 1007 accidisse,
905 971 944 998 ut
963 965 1154 1007 Vivianus,
1177 965 1356 1010 quidquid
1381 965 1532 999 haberet
1557 966 1594 999 in
1619 966 1739 999 animo
1769 967 1814 1000 ad
1842 967 2093 1001 illustrandam

205 1031 384 1077 justitiam
405 1031 561 1065 ecclesie
582 1038 618 1065 et
642 1031 859 1065 dilatandam
885 1031 1039 1077 gloriam
1061 1031 1224 1065 Gratiani
1250 1032 1467 1066 remanserit
1486 1018 1523 1065 in
1552 1033 1714 1075 Francia,
1738 1041 1778 1067 ut
1803 1046 1867 1067 rex
1888 1034 2093 1080 Anglorum

211 1110 276 1144 per
304 1099 480 1132 fautorem
511 1110 617 1132 suum
647 1098 879 1140 hominibus,
911 1110 1004 1143 quos
1034 1098 1204 1143 decipere
1234 1099 1438 1142 consuevit,
1469 1099 1626 1145 amplius
1656 1100 1872 1143 innotescat,
1895 1107 1930 1134 et
1955 1101 2094 1135 fallacia

209 1165 406 1199 verborum
428 1165 615 1198 dominum
636 1177 762 1211 papam
785 1172 820 1198 et
835 1165 986 1207 curiam,
1003 1165 1036 1198 ei
1056 1165 1126 1198 huc
1148 1177 1265 1210 usque
1287 1166 1396 1199 nimis
1417 1166 1615 1209 credulam,
1633 1167 1678 1200 de
1699 1174 1821 1200 cetero
1843 1168 1964 1201 minus
1984 1168 2092 1202 solito

209 1231 496 1265 circumscribat.
528 1232 619 1266 Cum
648 1244 735 1266 vero
766 1232 926 1277 prefatus
953 1231 1157 1277 Anglorum
1179 1244 1242 1265 rex
1262 1245 1280 1265 a
1309 1233 1343 1266 S.
1376 1233 1552 1278 Dionysio
1581 1234 1759 1267 recedens
1789 1246 1902 1280 prope
1933 1242 2092 1269 montem

210 1299 406 1344 Martyrum
437 1298 627 1331 transitum
655 1299 802 1340 faceret,
831 1298 917 1331 illuc
948 1298 1189 1340 occurrimus,
1212 1305 1340 1344 petens
1367 1299 1411 1332 ab
1440 1299 1521 1344 ipso
1552 1311 1617 1345 per
1643 1300 1873 1334 venerabiles
1900 1302 1999 1335 viros
2029 1302 2094 1335 do-

210 1365 347 1398 minum
367 1364 699 1410 Rothomagensem
717 1366 730 1383 ²
752 1372 788 1398 et
808 1365 1020 1410 episcopum
1043 1365 1256 1410 Sagiensem
1270 1366 1281 1383 ³
1302 1373 1338 1399 et
1357 1366 1448 1399 alios
1470 1367 1661 1411 quosdam,
1684 1367 1745 1412 qui
1773 1379 1812 1400 se
1833 1368 1946 1401 verbo
1968 1369 2093 1415 inges-

209 1438 343 1473 serant,
365 1432 535 1477 quatinus
562 1431 669 1465 nobis
697 1444 762 1477 pro
788 1444 910 1465 amore
936 1432 1003 1465 Dei
1029 1439 1065 1465 et
1093 1432 1232 1465 domini
1261 1445 1366 1478 pape,
1388 1439 1424 1466 et
1450 1434 1601 1475 nostris,
1627 1434 1777 1479 gratiam
1809 1447 1923 1477 suam,
1953 1448 2091 1481 pacem,

208 1499 458 1541 securitatem,
486 1499 746 1544 possessiones
772 1506 808 1532 et
832 1498 948 1532 ablata
974 1499 1204 1540 restitueret,
1234 1499 1430 1532 offerentes
1458 1512 1526 1533 nos
1554 1507 1697 1545 paratos
1726 1513 1808 1535 esse
1837 1501 2008 1535 exhibere
2038 1503 2109 1536 illi,

208 1565 386 1611 quidquid
407 1565 706 1611 archiepiscopus
731 1565 888 1611 principi
909 1565 1030 1599 debet.
1054 1565 1119 1598 Ille
1141 1572 1260 1599 autem
1287 1566 1491 1611 respondit,
1514 1578 1553 1599 se
1575 1579 1618 1599 ex
1645 1567 1764 1600 animo
1786 1567 1943 1601 libenter
1969 1570 2092 1602 remit-

207 1639 284 1666 tere
307 1644 351 1666 ex
377 1639 478 1678 parte
499 1644 563 1666 sua
584 1633 743 1666 offensas
764 1639 800 1666 et
820 1632 1003 1678 querelas,
1026 1633 1056 1666 si
1078 1645 1168 1678 quas
1189 1639 1314 1666 contra
1335 1645 1403 1666 nos
1430 1633 1624 1675 habuerat,
1647 1641 1683 1667 et
1703 1635 1747 1667 de
1769 1634 1839 1677 his,
1862 1647 1932 1680 que
1958 1649 2092 1682 propo—

207 1711 294 1732 nere
314 1699 494 1733 vellemus
513 1700 690 1733 adversus
711 1711 807 1741 eum,
830 1706 992 1745 paratum
1014 1711 1096 1733 esse
1118 1706 1213 1733 stare
1228 1700 1370 1745 judicio
1392 1700 1492 1733 curie
1509 1701 1647 1734 domini
1665 1701 1722 1734 sui
1739 1702 1838 1747 regis
1856 1703 2090 1746 Francorum,

206 1765 264 1800 vel
279 1766 420 1811 judicio
442 1766 597 1800 ecclesie
619 1766 819 1806 Gallicane,
845 1773 906 1799 aut
929 1766 1124 1800 scolarium
1146 1767 1408 1800 Parisiensium
1426 1767 1448 1800 ⁴.
1479 1768 1559 1811 Quo
1586 1768 1709 1801 audito
1736 1767 1995 1814 respondimus
2022 1783 2091 1804 nos

205 1832 306 1866 curie
334 1833 472 1866 domini
501 1833 615 1879 regis,
645 1833 677 1866 si
705 1833 738 1866 ei
766 1833 945 1879 placeret,
976 1840 1037 1867 aut
1065 1833 1222 1866 ecclesie
1252 1833 1439 1867 Gallicane
1467 1846 1540 1867 non
1571 1835 1727 1868 refutare
1753 1836 1951 1880 judicium,
1983 1837 2089 1870 malle

206 1905 338 1941 tamen,
360 1899 392 1932 si
412 1899 512 1933 illius
533 1899 680 1933 sederet
699 1900 833 1942 animo,
855 1912 936 1933 cum
958 1899 1022 1933 illo
1043 1899 1282 1933 amicabiliter
1302 1913 1537 1946 componere,
1555 1913 1661 1946 quam
1682 1902 1837 1947 litigare.
1862 1904 1906 1936 Et
1926 1903 1957 1936 si
1978 1904 2090 1937 eccle-

206 1966 294 2000 siam
316 1973 351 1999 et
371 1966 630 2012 possessiones
650 1966 758 2000 nobis
779 1973 815 2000 et
833 1967 971 2000 nostris
991 1966 1102 2000 vellet
1126 1967 1334 2009 restituere,
1357 1974 1392 2000 et
1411 1968 1562 2013 gratiam
1589 1975 1625 2001 et.
1651 1981 1774 2014 pacem
1796 1976 1832 2002 et
1858 1970 2089 2004 securitatem

205 2039 368 2078 prestare
389 2032 510 2075 nobis,
532 2033 569 2066 in
590 2033 717 2066 osculo
739 2034 838 2079 pacis
859 2033 971 2079 parati
993 2045 1137 2067 eramus
1158 2033 1224 2067 hec
1247 2034 1431 2080 recipere,
1454 2035 1682 2080 postulantes
1709 2043 1748 2069 ut
1775 2036 1963 2069 mobilium
1992 2037 2090 2071 abla-

205 2106 323 2134 torum
345 2099 574 2134 medietatem
596 2100 751 2134 ecclesie
773 2101 944 2134 redderet
968 2101 1012 2134 ad
1034 2101 1209 2134 solvenda
1234 2108 1358 2134 nostra
1382 2108 1418 2134 et
1442 2109 1649 2135 nostrorum
1673 2102 1812 2145 dehita,
1834 2104 1878 2136 ad
1900 2111 2088 2138 sartatecta

205 2166 415 2209 reficienda,
432 2167 477 2200 ad
497 2167 711 2201 instruenda
731 2167 856 2213 predia
873 2174 909 2201 et
929 2167 1148 2213 reparandas
1168 2168 1286 2202 varias
1307 2168 1463 2202 ecclesie
1480 2169 1733 2211 necessitates,
1751 2182 1821 2215 que
1841 2171 1885 2204 ad
1906 2183 2087 2204 summum

204 2232 416 2267 calamitatis
444 2233 651 2267 officialium
679 2246 829 2268 suorum
860 2234 1143 2280 depopulatione
1174 2241 1209 2268 et
1235 2235 1361 2268 fraude
1394 2236 1567 2281 perducta
1595 2243 1662 2269 est.
1699 2238 1742 2269 Et
1770 2249 1815 2269 ne
1848 2244 1928 2271 vota
1964 2245 2087 2271 nostra

204 2299 350 2333 modum
371 2300 584 2333 viderentur
599 2301 790 2342 excedere,
808 2307 843 2334 et
859 2307 898 2334 ut
913 2308 1014 2346 pacta
1030 2301 1074 2334 ad
1096 2301 1348 2335 declinandam
1370 2301 1612 2335 lubricitatem
1634 2302 1793 2336 hominis
1815 2304 1851 2336 in
1869 2304 2084 2349 scripturam

203 2366 345 2399 redacta
373 2365 518 2399 fidelius
545 2373 771 2407 tenerentur,
793 2367 825 2400 ei
853 2367 1088 2412 petitionem,
1111 2379 1216 2412 quam
1245 2367 1350 2401 vobis
1378 2368 1548 2414 scriptam
1579 2369 1775 2411 mittimus,
1802 2370 1845 2402 ad
1874 2370 2082 2403 nuntiorum

203 2444 353 2466 suorum
374 2432 562 2466 arbitrium
588 2433 796 2479 castigatam
825 2440 861 2466 et
882 2440 1115 2479 temperatam
1142 2434 1296 2467 fecimus
1318 2435 1460 2476 offerri,
1482 2441 1520 2468 ut
1548 2434 1719 2468 omnibus
1740 2435 1989 2470 innotesceret
2015 2448 2083 2470 nos

202 2499 337 2533 nullam
359 2499 471 2545 pacis,
493 2511 563 2544 que
584 2499 739 2532 ecclesie
761 2499 827 2532 Dei
849 2499 1051 2533 tolerabilis
1071 2500 1132 2542 sit,
1155 2500 1357 2534 detrectare
1378 2501 1626 2534 conditionem
1634 2528 1698 2534 .....

294 2597 411 2622 Recueil
424 2598 471 2622 des
486 2597 645 2622 Historiens
657 2599 703 2622 des
719 2597 823 2622 Gaules
839 2598 903 2626 XVI,
921 2598 974 2621 398.
991 2611 1021 2615 -
1036 2597 1132 2629 Μίςηε,
1148 2597 1259 2622 Patrol.
1279 2598 1338 2627 lat„
1354 2602 1417 2622 tom.
1434 2598 1506 2627 CXC,
1523 2607 1564 2631 ep.
1583 2600 1635 2628 109,
1652 2608 1679 2632 p.
1697 2601 1750 2623 584.

295 2682 317 2705 1.
334 2681 379 2705 Die
394 2682 416 2705 8.
433 2685 495 2713 post
509 2682 604 2705 festum
620 2682 646 2705 S.
663 2681 778 2710 Martini,
794 2681 820 2705 id
835 2684 876 2705 est
892 2682 928 2705 18.
941 2681 1106 2710 Novembris,
1123 2682 1264 2706 celebrato.
1281 2696 1311 2700 —
1323 2683 1344 2705 2.
1362 2683 1514 2706 Rotrodum.
1527 2697 1558 2701 —
1572 2685 1594 2707 3.
1611 2684 1774 2716 Frugerium.
1791 2699 1822 2703 —
1837 2687 1859 2709 4.
1877 2686 2032 2718 Radulphus
2049 2687 2080 2711 de

201 2725 289 2750 niceto
303 2726 344 2750 ed.
361 2725 460 2750 stubbs
480 2726 500 2755 I,
517 2727 572 2755 337,
587 2729 613 2750 et
626 2726 718 2750 Manli.
735 2726 810 2750 Paris
825 2726 866 2749 ed.
884 2726 970 2750 Luard
986 2727 1019 2755 11,
1037 2727 1092 2755 263,
1113 2728 1231 2750 referunt
1251 2726 1302 2750 ista
1322 2727 1404 2750 verba
1419 2727 1468 2751 hoc
1484 2728 1561 2751 modo
1578 2736 1583 2751 ·.
1602 2737 1613 2751 ι(
1629 2729 1766 2753 Gallicana
1781 2730 1892 2753 ccclesia
1907 2734 1996 2762 partes
2017 2740 2079 2755 suus

199 2770 381 2802 interponente
400 2779 446 2794 seu
466 2770 632 2794 scholaribus
653 2770 819 2795 diversarum
838 2771 1038 2803 provinciarum
1063 2779 1147 2803 aequa
1166 2771 1241 2795 lance
1261 2771 1472 2796 examinantibus
1495 2780 1517 2796 J).
1539 2772 1578 2796 Cf.
1600 2773 1708 2802 neniae,
1729 2774 1781 2798 Die
1801 2774 2014 2800 Universitoeten
2034 2777 2079 2800 des

199 2814 380 2840 Mittelaleers
395 2815 414 2844 1,
430 2816 469 2844 85,
485 2815 539 2839 81¹.
