2618 3640
517 431 558 464 18
1097 440 1418 462 CHARTULARIUM
1453 439 1645 461 UNIVERS.
1682 439 1811 460 PARIS.

515 514 670 548 ecclesie
700 515 922 559 majestatem
954 521 989 547 et
1018 513 1170 559 gloriam
1199 520 1235 546 et
1264 513 1382 546 varias
1414 513 1671 558 occupationes
1704 511 2054 557 philosophantium,
2081 511 2265 545 admirans
2293 511 2395 546 velut

515 581 612 615 illam
640 581 771 615 scalam
793 580 917 622 Jacob,
939 581 1044 613 cuius
1071 580 1258 613 summitas
1284 579 1401 612 celum
1429 578 1611 624 tangebat,
1634 585 1782 623 eratque
1807 578 1863 611 via
1884 578 2160 611 ascendentium
2184 584 2220 611 et
2239 578 2394 612 descen-

516 648 678 681 dentium
703 647 930 693 angelorum,
952 647 1023 680 lete
1049 646 1356 692 peregrinationis
1375 652 1530 691 urgente
1552 645 1699 678 stimulo
1720 651 1867 678 coactus
1889 656 1969 678 sum
1992 643 2170 689 profiteri,
2192 644 2291 690 quod
2306 657 2392 679 vere

516 715 693 748 Dominus
719 720 774 747 est
798 714 835 746 in
862 713 943 746 loco
969 713 1052 754 isto,
1081 719 1117 745 et
1141 725 1210 757 ego
1236 712 1456 745 nesciebam.
1485 711 1579 744 Illud
1605 724 1751 756 quoque
1777 711 1959 756 poeticum
1991 711 2036 744 ad
2066 717 2224 744 mentem
2252 711 2361 746 rediit.
2382 723 2390 745 ε

516 781 616 814 Felix
635 780 796 821 exilium,
818 780 875 813 cui
896 779 999 812 locus
1020 779 1089 812 iste
1111 779 1226 812 datur.

560 847 724 881 Evolutis
745 853 862 880 autem
886 846 1008 891 paucis
1029 845 1159 878 diebus
1180 845 1217 877 in
1238 845 1478 878 conducendo
1499 844 1673 890 hospitio,
1697 851 1731 878 et
1752 844 1944 878 sarcinolis
1965 845 2244 890 componendis,
2266 857 2392 891 regem

516 915 734 946 Francorum
769 913 854 954 adii,
890 913 995 957 eique
1031 924 1073 944 ex
1107 911 1235 944 ordine
1270 911 1423 956 exposui
1462 923 1605 944 causam
1644 918 1814 944 vestram.
1850 911 1947 954 Quid
1981 911 2118 944 multa?
2151 912 2390 957 Compatitur,

515 980 691 1025 promittit
728 979 914 1019 auxilium,
950 985 985 1011 et
1019 990 1083 1022 pro
1118 977 1223 1010 vobis
1262 989 1301 1010 se
1341 977 1489 1010 domino
1529 990 1619 1022 pape
1655 978 1851 1023 scripsisse
1890 978 2062 1020 asseruit,
2101 984 2137 1012 et
2179 978 2324 1020 iterum,
2360 978 2392 1012 si

514 1046 727 1091 oportuerit,
755 1045 987 1090 scripturum,
1014 1051 1047 1076 et
1073 1050 1235 1076 acturum
1266 1044 1365 1088 quod
1392 1044 1526 1089 poterit
1554 1044 1634 1078 viva
1658 1056 1760 1077 voce.
1789 1045 1881 1078 Cum
1908 1057 1996 1078 vero
2020 1057 2102 1078 eum
2129 1057 2172 1078 ex
2194 1052 2294 1091 parte
2317 1044 2392 1079 filie

514 1124 592 1153 sue,
620 1124 724 1156 quam
754 1123 870 1156 nuper
902 1110 1112 1143 Saresberie
1143 1110 1318 1151 videram,
1345 1110 1490 1155 quando
1523 1123 1541 1143 a
1574 1110 1721 1144 domina
1750 1111 1878 1157 regina
1909 1111 2092 1145 licentiam
2125 1112 2262 1157 accepi,
2295 1111 2392 1146 salu-

513 1186 657 1219 tassem,
681 1177 869 1222 respondit
890 1176 959 1209 sibi
985 1176 1233 1221 gratissimum
1255 1188 1350 1218 esse,
1375 1177 1405 1210 si
1431 1176 1491 1210 illa
1519 1178 1592 1222 jam
1618 1177 1663 1210 ab
1688 1178 1831 1223 angelis
1857 1185 2002 1224 recepta
2026 1185 2127 1212 esset
2146 1179 2183 1212 in
2208 1178 2390 1224 paradiso.

513 1245 579 1278 Cui
605 1256 685 1277 cum
707 1256 775 1289 ego
802 1243 1077 1288 subjungerem,
1100 1243 1183 1288 quia
1204 1243 1302 1276 istud
1324 1255 1389 1289 per
1409 1244 1698 1278 misericordiam
1720 1245 1779 1278 dei
1801 1245 2020 1291 quandoque
2042 1245 2199 1287 eveniet,
2223 1246 2289 1279 sed
2308 1252 2391 1280 ante

511 1311 633 1343 multis
659 1310 831 1355 gentibus
856 1309 1005 1343 letitiam
1032 1309 1144 1351 dabit,
1167 1310 1358 1356 respondit
1377 1323 1441 1343 rex
1463 1323 1470 1344 :
1495 1326 1511 1343 «
1535 1312 1611 1345 Hoc
1633 1312 1780 1357 quidem
1803 1312 1872 1346 deo
1894 1312 2071 1358 possibile
2094 1319 2162 1354 est,
2189 1313 2255 1347 sed
2280 1313 2391 1359 long'e

510 1377 759 1418 verisimilius,
787 1376 884 1421 quod
910 1376 1106 1410 multorum
1133 1377 1253 1410 futura
1281 1377 1328 1410 sit
1353 1389 1461 1411 causa
1487 1378 1676 1411 malorum.
1706 1379 1777 1412 Sed
1802 1378 1898 1412 absit
1922 1379 1966 1412 de
1992 1379 2066 1421 illa,
2094 1380 2191 1425 quod
2217 1386 2392 1425 paternus

511 1444 671 1489 presagit
700 1444 855 1484 animus,
886 1443 969 1488 quia
998 1443 1069 1485 vix,
1101 1443 1231 1488 inquit,
1265 1456 1386 1489 spero,
1418 1451 1457 1478 ut
1485 1444 1529 1485 ab
1560 1457 1600 1478 ea
1635 1446 1753 1491 possit
1787 1446 1924 1491 aliquid
1954 1445 2042 1479 boni
2076 1458 2159 1479 esse
2191 1460 2221 1479 ».
2253 1448 2390 1493 Regem

511 1517 674 1543 nostrum
698 1510 824 1543 Franci
850 1510 977 1543 timent
998 1510 1132 1555 pariter
1149 1517 1184 1543 et
1206 1511 1375 1552 oderunt,
1399 1511 1464 1544 sed
1482 1518 1600 1545 tamen
1623 1513 1742 1557 quoad
1768 1513 1811 1546 ad
1835 1512 1932 1554 illos,
1956 1513 2080 1558 quieto
2104 1519 2140 1546 et
2163 1513 2235 1546 alto
2259 1525 2390 1548 somno

511 1577 669 1610 dormire
690 1583 821 1622 potest.
849 1578 893 1609 Et
913 1577 995 1621 quia
1017 1578 1233 1610 Remensem
1255 1578 1355 1610 adire
1376 1590 1449 1611 non
1471 1579 1586 1623 potui,
1608 1579 1748 1612 litteras
1771 1591 1870 1613 meas
1890 1580 1934 1612 ad
1957 1579 2123 1613 abbatem
2147 1580 2181 1613 S.
2207 1580 2389 1626 Remigii*

511 1644 768 1677 amicissimum
792 1643 879 1676 mihi
901 1643 1029 1685 direxi,
1052 1651 1091 1677 ut
1116 1644 1152 1676 in
1174 1644 1238 1677 hac
1265 1651 1364 1690 parte
1387 1645 1555 1690 suppleat
1573 1646 1673 1679 vices
1699 1658 1810 1679 meas.
1839 1647 2010 1680 Ceterum
2031 1646 2120 1679 mihi
2139 1647 2285 1680 videtur
2307 1653 2391 1681 esse'

511 1710 717 1752 consilium,
745 1717 783 1743 ut
808 1722 872 1755 per
897 1710 1053 1756 aliquem
1082 1710 1298 1744 monachum
1328 1711 1490 1754 Boxleie,
1519 1712 1675 1746 aliumve
1703 1714 1870 1746 nuntium
1902 1713 2047 1746 fidelem
2078 1713 2218 1747 litteras
2249 1720 2391 1748 vestras

510 1789 590 1810 cuin
612 1777 732 1822 aliquo
754 1777 971 1811 munusculo
995 1778 1246 1811 transmittatis
1272 1778 1315 1811 ad
1339 1778 1526 1812 dominum
1550 1781 1781 1822 Remensem,
1804 1780 2099 1826 contrahatisque
2120 1793 2202 1814 cum
2226 1793 2268 1814 eo
2288 1781 2391 1815 fami-

510 1844 712 1885 liaritatem,
749 1844 830 1889 quia
860 1844 934 1886 ille,
967 1845 1134 1890 quisquis
1170 1845 1217 1878 sit
1250 1845 1287 1878 in
1318 1857 1487 1891 persona,
1523 1859 1678 1892 magnus
1708 1854 1764 1881 est
1793 1847 1831 1880 in
1866 1860 1981 1893 regno
2013 1849 2248 1890 Francorum,
2284 1854 2320 1881 et
2352 1847 2390 1881 in

511 1911 663 1944 ecclesia
699 1912 856 1944 Romana
891 1911 1042 1944 multum
1079 1918 1211 1957 potest,
1248 1919 1322 1946 tum
1353 1925 1419 1958 pro
1455 1925 1556 1959 rege,
1586 1920 1661 1947 tum
1697 1926 1763 1959 pro
1800 1915 1997 1948 eminentia
2031 1914 2188 1948 ecclesie
2223 1926 2301 1948 sue.
2332 1914 2391 1948 Ad

512 1977 709 2010 Ecclesiam
735 1979 928 2010 Romanam
951 1978 1111 2011 nondum
1138 1979 1299 2021 ascendi,
1327 1980 1528 2022 declinans,
1552 1987 1724 2026 quantum
1746 1993 1910 2026 possum,
1936 1994 1980 2015 ne
2002 1981 2164 2027 suspicio
2188 1980 2390 2026 probabilis

510 2051 634 2077 contra
663 2056 719 2076 me
753 2045 889 2089 suscipi
920 2044 1060 2078 debeat.
1093 2047 1136 2078 Et
1165 2045 1233 2078 hoc
1272 2046 1405 2092 ipsum,
1442 2047 1537 2080 sicut
1566 2059 1609 2080 ex
1638 2047 1770 2081 litteris
1800 2048 1938 2081 domini
1969 2047 2218 2082 Pictavensis⁶
2252 2048 2390 2094 accepi,

511 2110 657 2144 domino
684 2123 773 2156 pape
799 2118 835 2144 et
863 2111 961 2144 curie
988 2112 1075 2145 satis
1105 2112 1274 2146 innotuit.
1304 2114 1473 2159 Receptis
1497 2121 1615 2147 autem
1642 2114 1774 2148 litteris
1798 2115 1932 2148 vestris
1957 2114 2056 2148 illico
2083 2115 2215 2160 scripsi
2241 2115 2389 2148 domino

512 2177 692 2210 Henrico⁷
734 2184 769 2210 et
801 2177 990 2213 Willelmo
1030 2179 1235 2224 Papiensi⁸,
1277 2186 1312 2213 et
1350 2180 1438 2213 satis
1473 2181 1672 2226 explanavi,
1719 2181 1756 2214 in
1791 2188 1959 2227 quantam
1994 2181 2193 2227 perniciem
2234 2181 2390 2215 ecclesie

512 2245 669 2277 Romane
695 2244 843 2277 tendant
862 2244 941 2286 hec,
965 2245 995 2278 si
1017 2258 1230 2290 processum
1256 2246 1463 2289 habuerint,
1486 2259 1556 2292 que
1582 2254 1707 2281 contra
1727 2260 1793 2282 vos
1813 2255 2087 2294 presumuntur.
2115 2248 2250 2281 Distuli
2270 2255 2389 2282 autem

510 2310 595 2343 illuc
621 2311 686 2352 ire,
719 2311 800 2356 quia
826 2311 870 2344 de
896 2312 1049 2345 transitu
1070 2312 1210 2346 abbatis
1232 2314 1266 2347 S.
1295 2314 1530 2360 Augustini⁹,
1552 2321 1613 2348 aut
1638 2315 1802 2360 episcopi
1828 2315 2107 2349 Lexoviensis¹⁰
2139 2315 2230 2348 nihil
2251 2321 2390 2349 certum

511 2384 603 2418 erat3
631 2384 666 2410 et
695 2378 726 2410 si
755 2378 798 2410 ad
831 2379 965 2412 curiam
995 2380 1176 2421 venerint,
1210 2379 1317 2413 nobis
1353 2393 1418 2426 per
1452 2381 1666 2427 magistrum
1693 2382 1903 2424 Henricum,
1937 2382 1998 2427 qui
2034 2382 2084 2415 ibi
2117 2389 2291 2423 moratur,
2317 2381 2389 2415 cito

512 2444 643 2488 poterit
663 2444 904 2478 innotescere.

601 2511 782 2552 Ceterum,
813 2524 856 2544 an
886 2519 983 2545 recte
1014 2525 1154 2546 mecum
1185 2514 1299 2560 agatis
1330 2515 1522 2560 prudentia
1552 2522 1673 2549 vestra
1703 2516 1891 2561 dijudicet.
1918 2516 2043 2550 Nostis
2074 2516 2183 2557 enim,
2216 2515 2247 2548 si
2272 2514 2390 2560 placet

514 2576 710 2618 reminisci,
742 2578 923 2621 quoniam,
956 2580 1100 2623 quando
1135 2581 1272 2614 recessi
1303 2594 1321 2614 a
1350 2581 1469 2624 vobis,
1504 2582 1572 2615 hoc
1602 2582 1689 2615 mihi
1720 2583 1875 2616 dedistis
1909 2582 2119 2624 consilium,
2155 2588 2193 2614 ut
2227 2581 2389 2615 Parisius

513 2654 672 2675 morarer
707 2644 853 2676 omnino
884 2645 1111 2688 scolasticus,
1143 2659 1209 2680 nec
1239 2648 1282 2681 ad
1313 2648 1503 2682 ecclesiam
1540 2651 1735 2683 Romanam
1771 2650 2003 2691 diverterem,
2035 2655 2074 2682 ut
2102 2648 2160 2682 vel
2189 2648 2241 2681 sic
2277 2647 2390 2681 decli-

514 2720 634 2741 narem
657 2710 904 2754 suspiciones;
928 2723 993 2744 nec
1014 2713 1242 2758 approbastis
1264 2715 1382 2757 etiam,
1406 2716 1504 2760 quod
1526 2716 1702 2749 ducebam
1723 2717 1869 2749 fratrem
1886 2727 2020 2757 meum,
2038 2727 2081 2748 eo
2103 2714 2200 2759 quod
2221 2721 2389 2760 sumptus

514 2787 664 2819 magnos
694 2788 761 2808 nos
791 2777 906 2810 facere
937 2785 1134 2823 oporteret,
1162 2788 1359 2827 possetque
1388 2782 1617 2815 tolerabilius
1647 2783 1785 2815 Exonie
1815 2782 1960 2815 morari.
1991 2781 2048 2814 Ad
2079 2781 2178 2826 quod
2209 2793 2291 2814 cum
2318 2792 2387 2826 ego

515 2841 787 2885 responderem,
810 2855 849 2875 ea
871 2855 939 2887 que
960 2845 1080 2878 fratris
1100 2847 1170 2879 mci
1191 2848 1382 2881 occasione
1399 2861 1522 2882 comes
1544 2849 1806 2894 Reginaldus¹¹
1832 2849 2006 2894 episcopo
2031 2846 2266 2881 Exoniensi¹’
2285 2846 2388 2892 obje-

514 2914 622 2948 cerat,
657 2919 775 2940 meum
806 2909 997 2942 consilium
1033 2912 1272 2956 approbastis.
1311 2915 1368 2948 Sic
1398 2927 1487 2960 ergo
1518 2915 1687 2956 discessi,
1722 2915 1924 2948 instructus
1957 2927 1975 2948 a
2005 2913 2124 2956 vobis,
2156 2920 2195 2946 ut
2226 2913 2388 2946 Parisius

514 2973 637 3006 sedem
668 2973 830 3019 figerem,
863 2982 898 3008 et
931 2988 986 3009 me
1022 2978 1205 3012 studerem
1241 2981 1389 3014 omnino
1420 2981 1624 3015 scolaribus
1659 2982 1900 3015 conformare.
1933 2982 2031 3014 Deus
2062 2980 2150 3014 mihi
2183 2980 2287 3013 testis
2318 2986 2387 3022 est,

637 3032 661 3055 3.
