2580 3528
239 420 336 461 1249]
586 430 634 452 ΑΒ
667 430 772 452 ΑΝΝο
806 429 883 452 uec
918 429 1049 458 usouss
1083 430 1132 451 An
1167 430 1395 452 rnimrruu
1431 431 1470 452 ιν
1505 431 1594 453 nse.
1632 432 1767 454 nunc.
2046 425 2110 458 217

236 505 339 539 solus
357 504 502 539 videtur
522 516 596 538 non
616 503 749 546 curari,
770 503 833 549 qui
854 510 986 544 tamen,
1008 510 1047 537 ut
1066 503 1187 545 audio,
1209 503 1301 537 hanc
1323 504 1498 538 divinitus
1519 511 1575 538 est
1594 512 1786 539 assecutus
1805 507 1970 551 gratiam,
2001 515 2038 541 ut
2058 509 2110 542 sic

234 572 273 606 in
293 571 451 617 legendo
472 571 608 612 suavis,
629 577 757 604 acutus
777 570 814 604 in
835 570 1067 612 disserendo,
1096 570 1133 603 in
1154 571 1302 616 scriptis
1322 577 1358 604 et.
1377 571 1535 616 eloquiis
1557 579 1625 605 tam
1646 572 1819 605 fratribus
1844 585 1950 618 quam
1971 574 2111 608 secula-

236 637 339 672 ribus
359 637 460 672 utilis
484 644 521 671 et
544 638 742 683 acceptus?
768 637 846 670 Erit
869 637 983 683 igitur
1001 643 1177 678 vestrum,
1206 637 1237 670 si
1263 637 1392 683 placet,
1415 650 1480 684 per
1498 638 1662 672 sedulam
1684 638 1742 684 pie
1764 639 1989 684 paternitatis
2010 640 2112 674 solli-

235 705 434 739 citudinem
455 705 493 738 in
513 704 578 738 hac
601 711 715 750 parte,
736 704 832 738 sicut
851 703 1024 749 expedire
1044 704 1234 742 noveritis,
1261 704 1399 750 absque
1425 717 1526 738 more
1552 705 1760 751 dispendio,
1782 712 1818 739 et
1838 707 1915 752 paci
1938 707 2111 740 mentium

236 771 431 806 consulere
461 777 498 805 et
522 771 747 805 studentium
774 771 968 817 providere
996 771 1196 816 provectui.
1225 772 1378 817 Rogavit
1404 784 1460 805 me
1487 771 1750 806 dilectissimus
1777 772 1865 806 mihi
1897 773 1933 806 in
1965 773 2111 808 Christo

234 839 344 872 frater
363 839 405 872 R.
427 838 473 872 de
494 837 605 880 Faue,
625 838 824 884 gardianus
845 838 1064 880 stanfordie,
1085 838 1184 884 quod
1205 845 1241 872 et
1260 845 1433 884 quantum
1457 838 1560 873 valeo
1582 839 1673 881 scio,
1700 846 1857 873 vestram
1878 840 2111 886 interpellare

237 905 420 952 pietatem,
442 911 482 939 ut
500 905 534 938 ei
553 905 591 938 in
612 904 759 951 pacifica
780 904 1031 939 consolatione
1056 917 1122 951 per
1146 911 1330 951 paternam
1351 905 1578 939 clementiam
1600 906 1844 952 prospiciatis.
1868 908 1985 952 Rogo,
2012 914 2113 953 pater

237 972 284 1006 mi
309 972 511 1014 carissime,
540 971 688 1006 salutari
715 971 894 1018 obsequio
923 972 1007 1017 mei,
1038 972 1070 1005 si
1098 971 1226 1018 placet,
1256 979 1414 1006 sanctam
1442 979 1478 1006 et
1503 972 1692 1006 amabilem
1719 973 1929 1007 societatem
1955 981 2110 1008 vestram

236 1039 423 1086 sigillatim
444 1039 481 1072 in
501 1038 661 1073 Christo.

329 1151 444 1179 Brewer,
461 1151 591 1176 Monum-
603 1151 759 1180 Francioe„
775 1151 795 1179 1,
811 1152 866 1175 353.
879 1165 911 1169 —
925 1151 1083 1176 Guillelmus
1099 1152 1130 1174 de
1145 1151 1317 1183 Nottinghum
1332 1151 1460 1175 successit
1479 1151 1506 1175 in
1521 1151 1668 1176 ministerio
1685 1152 1793 1184 Angliae
1807 1153 1838 1177 sr.
1855 1151 1986 1180 Haimoni,
2007 1153 2112 1184 quando

243 1195 294 1219 iste
306 1195 405 1219 electu·
419 1195 469 1219 ruit
483 1195 510 1219 in
524 1195 676 1219 ministrum
689 1195 839 1227 generalem
854 1196 912 1220 ord.
927 1195 996 1227 (vide
1010 1196 1028 1219 l.
1047 1204 1080 1224 c.,
1096 1204 1122 1227 p.
1139 1197 1187 1227 59),
1203 1196 1273 1228 quod
1288 1196 1469 1220 verisimiliter
1481 1204 1524 1220 an.
1541 1197 1610 1224 1240,
1627 1196 1693 1221 Nov.
1709 1196 1732 1224 1,
1755 1196 1851 1220 evenit.
1872 1196 2016 1220 Absolutus
2031 1200 2072 1221 est.
2085 1197 2112 1221 in

236 1239 354 1272 capitulo
367 1240 486 1268 Malenoi,
503 1249 515 1263 a
536 1243 679 1272 postquam
702 1239 807 1264 circiter
830 1248 924 1264 novem
941 1248 1024 1263 annos
1044 1240 1209 1272 provinciam
1230 1240 1340 1272 Angliae
1361 1243 1464 1264 rexerat
1484 1249 1506 1268 υ,
1526 1241 1552 1264 id
1567 1243 1608 1264 est
1627 1249 1670 1265 an.
1691 1241 1753 1264 1249
1771 1240 1857 1273 (ibid.,
1879 1250 1906 1273 p.
1928 1242 1978 1271 70).
1994 1241 2112 1273 Epistolu

236 1284 337 1316 scripta
351 1287 392 1308 est
406 1284 518 1309 forsitan
532 1287 593 1316 post
606 1287 717 1308 mortem
734 1284 874 1308 Alexandri
889 1285 921 1308 de
936 1285 1015 1308 Hales
1030 1287 1056 1308 et
1069 1284 1198 1309 Johannis
1214 1285 1246 1308 de
1261 1285 1372 1316 Rupella
1387 1284 1440 1316 (an.
1456 1285 1535 1317 1245).
1549 1285 1613 1309 Vide
1629 1290 1658 1308 n⁰
1674 1285 1728 1309 150.

240 1506 348 1544 189.
372 1516 416 1542 Fr.
439 1514 534 1542 Adam
549 1514 585 1541 de
605 1515 740 1549 Marino,
766 1514 832 1541 Ord.
855 1514 997 1541 Minorum
1019 1515 1048 1541 in
1069 1514 1186 1549 Anglia,
1207 1514 1308 1541 scribit
1331 1517 1367 1549 [Γ.
1388 1514 1537 1541 Guillelmo
1562 1515 1597 1541 de
1613 1515 1806 1551 Nottingham,
1834 1516 1963 1542 ministro
1991 1516 2058 1544 ord.
2085 1517 2114 1542 in

324 1564 440 1600 Ληςὶία,
457 1563 494 1591 de
508 1566 545 1599 [ν.
563 1563 689 1590 Ricardo
707 1563 902 1599 Cornubiensi‚
920 1564 971 1599 qui
984 1563 1116 1590 Parisios
1133 1563 1341 1598 transmigrare
1357 1563 1491 1590 voluerat.

1575 1626 1738 1653 1240-1249.

326 1702 441 1736 Fratri
459 1703 522 1739 W.
545 1693 712 1735 ministro
734 1700 888 1747 Angliae
908 1701 1019 1735 frater
1038 1701 1115 1734 Ada
1136 1700 1338 1747 supplicem
1361 1701 1512 1734 devotae
1533 1701 1832 1747 promptitudinis
1856 1701 2113 1736 obedientiam.

237 1770 344 1812 Cum,
372 1769 470 1815 quod
498 1768 720 1803 omnimodis
747 1767 847 1810 nolo,
875 1767 1011 1809 scribo,
1043 1768 1131 1813 quid
1161 1767 1327 1814 scribant
1351 1768 1409 1801 vix
1434 1768 1600 1809 invenio;
1633 1768 1808 1802 calamum
1840 1775 1972 1811 tamen,
2007 1781 2114 1815 quem

239 1836 406 1871 recondit
428 1848 542 1877 amor,
573 1836 680 1869 timor
707 1835 854 1869 exserit.
881 1835 1020 1877 Nostis,
1047 1835 1095 1868 mi
1121 1835 1382 1877 amantissime,
1409 1847 1515 1881 quam
1541 1835 1590 1868 sit
1613 1835 1800 1869 carissima
1824 1836 1945 1870 fratris
1973 1836 2115 1870 Ricardi

237 1902 425 1938 Cornubie
446 1902 532 1936 filiis
552 1902 686 1937 vestris
706 1909 911 1948 opportuna
932 1902 1127 1948 presentia,
1154 1914 1260 1948 quam
1282 1901 1468 1935 titulorum
1490 1901 1725 1936 laudabilium
1748 1902 1914 1936 eminens
1935 1903 2116 1936 evidentia

236 1969 410 2005 fratribus
435 1969 620 2004 universis
647 1969 768 2003 reddit
793 1968 1090 2010 desiderabilem,
1116 1969 1175 2002 cui
1199 1969 1490 2003 conversationis
1519 1968 1692 2002 honestas
1719 1976 1755 2002 et
1778 1969 1921 2003 claritas
1949 1970 2115 2012 scientie,

239 2037 354 2084 pietas
373 2036 578 2071 affectionis
603 2042 639 2070 et
665 2035 851 2082 opinionis
875 2036 1080 2082 integritas,
1106 2035 1257 2069 facultas
1277 2035 1470 2069 erudiendi
1491 2042 1528 2069 et
1546 2035 1755 2070 disserendi
1776 2035 1973 2078 subtilitas,
1999 2037 2052 2070 sic
2072 2037 2116 2070 ad

240 2103 381 2138 notiora
401 2103 613 2138 meritorum
635 2103 881 2149 suffragantur
900 2109 1127 2149 argumenta,
1149 2103 1247 2148 quod
1268 2109 1304 2136 et
1324 2103 1487 2148 ipsorum
1509 2102 1697 2136 manifesta
1725 2103 1970 2137 consideratio
1991 2110 2116 2137 nostre

240 2170 460 2217 professioni
488 2181 717 2216 magnorum,
745 2169 997 2212 mediocrium,
1024 2176 1060 2203 et
1083 2169 1279 2212 minorum,
1306 2176 1375 2203 tam
1402 2169 1439 2202 in
1464 2169 1563 2203 clero
1589 2182 1694 2215 quam
1721 2170 1758 2203 in
1784 2170 1933 2216 populo,
1960 2170 2115 2204 salutare

239 2236 519 2271 contubernium
539 2236 674 2282 pariter
693 2243 729 2270 et
749 2235 893 2270 fidelem
914 2236 1105 2270 amicitiam
1127 2236 1322 2270 conciliare
1342 2243 1629 2282 cognoscuntur.
1653 2236 1810 2270 Proinde
1831 2249 1911 2270 cum
1933 2243 2014 2270 ante
2036 2236 2115 2270 dies

239 2303 378 2350 aliquot
397 2302 445 2337 ob
465 2302 759 2337 vehementiores
785 2302 1097 2349 perturbationum
1126 2303 1339 2336 occasiones
1360 2302 1480 2336 dictus
1500 2303 1611 2336 frater
1636 2304 1676 2336 R.
1699 2302 1923 2336 inexorabile
1948 2303 2116 2349 concepit

240 2370 467 2417 propositum
489 2370 733 2404 transferendi
762 2381 814 2411 se,
842 2370 1044 2403 secundum
1065 2369 1342 2403 concessionem
1370 2369 1526 2402 ministri
1552 2368 1736 2415 generalis
1756 2369 1841 2402 olim
1866 2369 2056 2411 indultam,
2077 2369 2114 2403 in

240 2437 462 2483 provinciam
491 2437 655 2477 Francie,
685 2436 886 2470 secundum
917 2436 1015 2482 quod
1045 2435 1155 2470 suerit
1180 2436 1335 2482 propitia
1363 2435 1534 2469 divinitas
1561 2435 1722 2469 Parisius
1749 2435 1969 2481 aliquamdiu
1998 2448 2115 2469 mora-

239 2511 374 2549 turum,
395 2510 432 2538 et
451 2503 503 2537 sic
525 2503 643 2537 eidem
665 2503 820 2537 ulterius
840 2503 1008 2549 angustie
1030 2501 1222 2544 desolatio,
1244 2514 1326 2535 cum
1346 2502 1390 2535 ad
1412 2501 1630 2535 manendum
1652 2501 1843 2535 nobiscum
1865 2502 1983 2548 ipsum
2009 2510 2113 2549 cogat

239 2571 438 2606 detinentia
469 2570 713 2617 prorogatior,
748 2582 821 2604 non
852 2577 919 2604 tam
955 2569 1203 2603 amantissimo
1233 2569 1333 2602 fratri
1363 2568 1566 2602 voluntarie
1596 2569 1835 2615 compatiens,
1866 2581 1971 2615 quam
2003 2570 2113 2604 invite

238 2638 476 2673 consentiens
505 2637 718 2672 anxioribus
748 2638 828 2683 ejus
858 2636 1054 2678 instantiis,
1082 2649 1147 2682 pro
1178 2648 1265 2682 sepe
1296 2642 1493 2670 memorato
1523 2635 1632 2669 fratre
1663 2636 1830 2677 Ricardo,
1861 2643 1897 2670 et
1924 2648 2004 2670 cum
2036 2636 2113 2677 illo,

238 2717 320 2740 cum
350 2705 496 2751 quantis
527 2716 676 2751 possum
707 2705 899 2738 affectuum
931 2703 1147 2750 diligentiis,
1179 2709 1215 2736 et
1243 2703 1320 2737 vice
1349 2709 1553 2737 ceterorum
1584 2703 1731 2736 fratrum
1767 2715 1848 2736 cum
1878 2703 1922 2736 ad
1953 2710 2111 2737 eternam

239 2771 392 2807 salutem
412 2771 663 2815 emulantium,
685 2771 840 2805 obsecro
861 2770 1077 2817 suppliciter
1102 2782 1256 2804 exorans
1284 2769 1455 2803 obnixius
1478 2776 1530 2811 ut,
1559 2770 1589 2803 si
1612 2769 1850 2816 prcexhibitis
1870 2770 2114 2816 circumspec-

240 2838 350 2874 tionis
384 2845 532 2886 paterne
567 2838 739 2872 remediis
768 2838 812 2871 ad
843 2837 1102 2872 remanendum
1132 2837 1227 2884 apud
1262 2849 1328 2871 nos
1358 2836 1566 2871 nullatenus
1596 2837 1718 2870 induci
1748 2837 1876 2878 valeat,
1912 2849 1955 2870 cx
1990 2837 2113 2870 inolita

240 2904 400 2952 benigne
430 2904 636 2940 sedulitatis
669 2905 874 2948 clementia,
914 2911 1062 2951 propter
1098 2903 1364 2951 supcrbenigni
1401 2903 1597 2938 Salvatoris
1635 2903 1993 2949 contemplationem,
2032 2916 2113 2937 sus·-

219 2983 393 3018 ,pensum
427 2972 603 3007 desiderii
633 2972 754 3006 filialis
788 2972 937 3014 exitum,
970 2984 1051 3006 cum
1087 2971 1220 3005 idoneo
1255 2971 1440 3005 societatis
1474 2970 1604 3004 solatio
1639 2977 1674 3004 ot
1708 2970 1916 3004 necessario
1946 2970 2110 3003 codicum

365 3030 460 3056 Chare.
483 3030 561 3055 Um'r.
582 3031 675 3056 Paris.
695 3031 713 3055 l.
1959 3029 1988 3051 28
