2580 3528
273 390 378 431 1275]
622 398 670 421 ΑΒ
702 398 810 420 suno
844 398 921 420 mcc
957 397 1088 427 usqua:
1123 398 1171 420 sn
1207 397 1438 419 rnimrruu
1473 397 1513 419 iv
1547 397 1635 419 nno.
1673 397 1809 419 ram-c.
2087 388 2150 420 521

371 473 394 497 1.
410 472 502 497 simon
514 472 706 504 oard.103·stus
721 471 792 496 vices
807 479 870 496 suas
890 471 916 496 in
931 471 1084 504 hujusmodi
1104 471 1210 504 negotio
1231 474 1325 503 postea
1348 471 1477 502 magistro
1497 470 1604 494 Nicolno
1624 470 1790 494 thesaurario
1811 470 2000 494 Cntalaunensi
2021 471 2153 495 commisit

279 516 418 550 (originale
434 516 463 541 in
482 516 559 541 Areia.
575 519 631 541 nat.
646 516 732 540 Paris.
748 517 774 542 S.
789 516 861 544 6213,
879 521 909 540 n⁰
923 517 968 540 197
983 530 1015 535 —
1028 524 1071 540 an.
1088 516 1158 544 1274,
1172 515 1238 540 Julii
1253 516 1301 546 13),
1318 515 1426 539 Nicolao
1442 523 1503 538 vero
1519 518 1622 538 mortuo
1638 514 1739 538 Simoni
1754 515 1785 538 de
1805 515 1947 543 Benoloeo,
1967 515 2152 539 archidiacono

278 562 342 587 secl.
358 561 465 586 mmet.
480 561 560 594 (orig.
574 561 640 586 ibid.
655 565 686 585 11⁰
700 561 746 585 190
758 575 790 579 —
804 569 847 585 an.
864 562 934 590 1276,
951 562 1017 594 Aug.
1033 561 1083 592 16.)

276 741 392 779 460.
416 750 540 777 Simonis
558 750 739 787 apostolicae
757 750 836 777 sedis
856 750 947 786 legati
965 749 1090 785 litterae,
1112 749 1217 786 quibus
1236 749 1278 775 ad
1287 748 1440 786 placanda
1455 756 1527 774 nova
1541 747 1669 774 dissidia
1691 748 1766 774 inter
1787 751 1912 784 quatuor
1930 748 2063 774 nationes
2082 749 2155 774 arti-

367 803 481 826 starum
495 803 599 826 exorta
614 803 760 834 rectorem,
777 803 982 836 procuratores
996 802 1024 826 et
1041 798 1168 826 bedellos
1183 797 1310 834 eligendi
1321 801 1495 834 potestatem
1510 797 1568 823 sibi
1582 796 1637 823 hac
1652 798 1709 823 vice
1725 796 1851 822 vindicat
1865 796 1986 832 aliaque
2001 796 2111 832 definit,
2130 801 2156 823 et

366 849 483 875 Petrum
496 848 533 875 de
547 848 683 876 Alvernia
703 849 888 875 Universitati
899 849 1036 885 praeficit
1050 851 1195 874 rectorem.

1264 933 1340 963 1276,
1356 932 1417 959 nair·
1429 933 1453 963 7,
1468 932 1576 959 Pan-ubils
1589 932 1659 964 apud
1670 931 1693 958 S.
1709 932 1868 958 oet-ovorum.

370 1008 497 1043 Simon
526 1009 762 1044 miseratione
791 1009 913 1044 divina
943 1008 1039 1042 tituli
1059 1009 1188 1043 Sancte
1213 1007 1351 1043 Cecilie
1381 1006 1573 1053 presbyter
1601 1006 1796 1040 cardinalis
1826 1005 2027 1052 apostolice
2057 1006 2157 1039 sedis

280 1075 423 1121 legatus
461 1075 507 1109 ad
547 1082 759 1122 perpetuam
798 1076 849 1109 rei
890 1076 1111 1110 memoriam.
1157 1076 1320 1109 Humane
1363 1080 1491 1107 nature
1532 1073 1701 1107 condicio
1735 1085 1801 1119 per
1838 1072 2156 1106 immoderanciam

281 1142 451 1183 sauciata,
479 1141 618 1176 habens
645 1142 682 1176 in
710 1142 842 1178 malum
863 1142 908 1176 ab
933 1142 1185 1176 adolescencia
1208 1141 1437 1187 pronitatem,
1460 1140 1506 1173 de
1526 1139 1621 1173 facili
1646 1139 1780 1173 labitur
1804 1139 2001 1186 instigante
2027 1151 2070 1172 eo
2096 1139 2158 1184 qui

281 1215 448 1254 tanquam
473 1208 530 1242 leo
552 1209 705 1255 rugiens
733 1216 880 1255 paratus
904 1209 949 1243 ad
965 1209 1126 1255 predam,
1151 1207 1382 1242 circumdans
1402 1206 1498 1241 ovile
1525 1206 1748 1240 dominicum
1771 1206 1881 1240 rimas
1906 1206 2027 1252 querit
2051 1213 2158 1252 atque

280 1275 455 1309 foramina
480 1287 546 1321 per
570 1287 641 1321 que
668 1276 787 1322 possit
812 1276 1008 1309 immittere
1034 1275 1202 1321 nequicie
1227 1286 1293 1308 sue
1317 1274 1432 1316 virus,
1459 1280 1494 1307 et
1518 1273 1580 1306 ubi
1610 1273 1729 1306 locum
1754 1273 1930 1319 aptiorem
1951 1273 2090 1307 invenit
2114 1273 2158 1306 ad

281 1341 435 1384 ruinam,
456 1353 570 1376 vanos
593 1349 633 1376 ut
648 1341 706 1376 leo
727 1343 935 1388 frequentat
956 1342 1130 1384 insultus,
1147 1349 1183 1375 et
1202 1348 1319 1375 astute
1335 1340 1484 1374 molitur
1505 1344 1544 1374 fit
1563 1340 1672 1373 draco
1692 1340 1918 1373 consolidata
1944 1340 2158 1386 infringere,

280 1415 502 1455 congregata
531 1409 765 1456 dispergere,
791 1410 971 1455 dissipare
1000 1415 1037 1443 et
1062 1409 1217 1455 perdere
1244 1414 1455 1442 restaurata.
1488 1409 1629 1440 Recens
1659 1407 1805 1452 quidem
1834 1407 1916 1440 facti
1943 1407 2117 1440 memoria
2141 1419 2160 1440 a

281 1481 407 1509 nostro
436 1482 583 1522 pectore
615 1487 689 1510 non
716 1476 882 1518 recessit,
913 1475 1218 1522 quemadmodum
1244 1475 1332 1508 alias
1360 1474 1446 1507 dum
1476 1474 1513 1506 in
1543 1473 1707 1519 partibus
1737 1473 1936 1507 Gallicanis
1966 1473 2161 1519 legationis

274 1541 402 1579 *officio
427 1542 685 1588 fungeremur¹
713 1543 887 1578 seductor
915 1543 977 1577 ille
1003 1543 1186 1589 malignus
1210 1542 1308 1575 faces
1334 1552 1419 1575 suas
1448 1540 1570 1586 gravis
1600 1540 1784 1574 discordie
1810 1540 2034 1586 grandisque
2064 1540 2162 1573 sedi-

281 1608 392 1642 tionis
414 1609 551 1654 ignitas
571 1609 750 1656 sulphure
772 1610 988 1644 accenderat
1008 1610 1045 1643 in
1067 1609 1235 1643 facultate
1256 1609 1391 1642 arcium
1409 1607 1570 1641 Parisius
1591 1607 1686 1640 inter
1706 1613 1862 1652 quatuor
1882 1607 2066 1640 naciones.
2091 1607 2161 1640 Sed

283 1687 351 1708 nos
371 1674 582 1721 hujusmodi
600 1676 755 1710 flammis
771 1677 956 1723 pestiferis
971 1678 1046 1723 jam
1062 1676 1297 1711 vehementer
1313 1674 1479 1709 accensis
1495 1681 1570 1708 tum
1592 1686 1636 1707 ex
1652 1673 1872 1707 sinceritatis
1893 1674 2036 1716 ass'ectu,
2054 1685 2160 1719 quem

281 1741 325 1775 ad
346 1741 507 1776 studium
531 1743 741 1777 Parisiense
764 1744 928 1790 'gerimus
944 1755 988 1778 ex
1007 1745 1112 1789 cujus
1134 1742 1311 1777 uberibus
1332 1741 1500 1788 primaria
1517 1740 1669 1774 scientie
1686 1740 1856 1774 duximus
1877 1739 2070 1782 elementa,
2087 1747 2160 1774 tum

282 1819 329 1842 ex
350 1808 514 1854 injuncto
541 1809 649 1844 nobis
672 1810 868 1858 legationis
890 1810 1010 1845 officio
1034 1810 1186 1844 maxime
1202 1821 1284 1844 cum
1301 1809 1338 1842 in
1355 1808 1510 1842 dissidio
1527 1807 1644 1853 ipsius
1661 1807 1772 1840 studii
1792 1818 2027 1840 cerneremus
2044 1807 2162 1852 philo-

282 1874 412 1920 sophie
435 1875 574 1910 fontem
595 1888 763 1911 arescere
785 1878 939 1924 ejusque
963 1877 1113 1919 rivulos,
1138 1888 1231 1923 quos
1252 1875 1297 1910 ad
1321 1881 1449 1909 cuncta
1475 1873 1575 1908 orbis
1598 1873 1740 1907 climata
1761 1873 1940 1906 secundus
1962 1873 2160 1915 derivabat,

284 1953 358 1976 non
378 1941 519 1988 absque
544 1943 702 1978 maximo
728 1944 947 1979 detrimento
972 1944 1191 1979 universalis
1221 1942 1377 1977 ecclesie
1405 1940 1595 1982 desiccari,
1619 1953 1699 1975 cum
1722 1953 1791 1986 qua
1818 1940 2004 1986 potuimus
2024 1940 2163 1974 sollici-

285 2008 411 2042 tudine
431 2021 500 2044 nos
522 2011 778 2056 opposuimus,
796 2023 920 2057 pacem
943 2011 981 2045 in
997 2011 1078 2058 ipso
1099 2010 1222 2045 studio
1243 2022 1308 2056 per
1328 2015 1487 2043 nostram
1505 2007 1776 2054 providenciam
1797 2019 1879 2040 cnm
1898 2007 1964 2040 Dei
1980 2007 2161 2053 adjutorio

285 2074 538 2110 reformantes.
556 2077 694 2111 Verum
717 2077 780 2112 ille
798 2078 908 2112 draco
931 2079 1102 2124 antiquus
1118 2077 1218 2124 pacis
1243 2076 1386 2110 emulus
1412 2082 1447 2109 et
1469 2074 1693 2121 posteritatis
1718 2074 1796 2107 Ade
1818 2074 2016 2107 continuus
2037 2086 2163 2119 persc-

285 2147 403 2184 cumr,
423 2142 485 2188 qui
505 2142 715 2178 insidiando
740 2145 977 2180 circumvolat
997 2152 1037 2179 ut
1057 2144 1203 2179 latendo
1226 2149 1446 2189 corrumpat,
1464 2142 1501 2175 in
1524 2142 1605 2187 ipso
1626 2140 1748 2175 studio
1768 2140 1926 2186 lapidem
1947 2141 2162 2174 offensionis

285 2214 322 2241 et
354 2214 492 2254 petram
522 2210 686 2245 scandali
717 2212 908 2246 suscitavit
935 2213 1031 2246 inter
1060 2211 1259 2246 nonnullos
1289 2210 1485 2256 magistros
1513 2208 1693 2242 facultatis
1719 2207 1882 2253 predicte
1909 2214 1996 2249 tres,
2023 2207 2164 2241 scilicet

287 2274 459 2310 naciones
492 2276 734 2321 Gallicorum,
764 2279 1012 2322 Picardorum,
1043 2278 1295 2325 Anglicorum,
1322 2275 1522 2323 quamlibet
1551 2287 1616 2321 pro
1642 2274 1769 2319 majori
1796 2281 1894 2320 parte
1925 2274 2101 2319 ipsorum,
2129 2281 2164 2307 et

286 2341 463 2386 quosdam
485 2341 530 2376 de
556 2344 850 2378 Normannorum
875 2346 1041 2388 nacione,
1067 2345 1152 2379 illos
1178 2344 1320 2379 scilicet
1345 2343 1390 2377 de
1415 2342 1559 2376 civitate
1584 2348 1619 2375 et
1639 2341 1787 2387 dyocesi
1814 2340 2100 2386 Rothomagensi
2120 2353 2164 2374 ex

289 2419 358 2442 una
378 2415 493 2454 parte,
515 2415 552 2443 et
570 2409 663 2444 alios
690 2412 984 2446 Normannorum
1011 2412 1056 2446 de
1081 2423 1146 2446 sex
1170 2409 1461 2457 episcopatibus'
1487 2407 1793 2453 Rothomagensis
1819 2407 2007 2453 provincie
2027 2419 2067 2441 ac
2089 2414 2163 2441 tres

288 2474 484 2520 magistros
513 2475 559 2510 de
589 2476 709 2512 tribus
738 2477 820 2512 aliis
849 2477 1065 2512 nacionibus
1094 2485 1130 2512 et
1157 2477 1376 2511 adherentes
1410 2475 1549 2510 eisdem
1579 2486 1623 2508 ex
1655 2473 1781 2516 altera,
1812 2473 1997 2507 discordie
2030 2474 2163 2508 zizania

285 2540 504 2585 seminando
525 2543 720 2578 occasione
741 2544 941 2579 eleccionis
960 2545 1052 2579 facte
1072 2544 1118 2579 de
1140 2544 1313 2591 magistro
1338 2542 1510 2577 Alberico
1532 2540 1576 2575 de
1603 2540 1726 2574 Remis
1745 2540 1783 2573 in
1809 2546 1985 2574 rectorem
2010 2541 2165 2575 Univer-

288 2606 406 2642 sitatis
422 2608 554 2655 ipsius,
575 2611 682 2656 cujus
703 2611 772 2646 etsi
793 2622 866 2646 non
887 2611 1079 2654 eleccioni,
1100 2610 1320 2646 institutioni
1341 2608 1506 2643 faciende
1526 2615 1645 2642 tamen
1665 2613 1702 2641 et
1720 2607 1811 2641 facte
1831 2618 1871 2641 se
1891 2606 1978 2641 dicti
2000 2608 2165 2654 magistri

290 2673 336 2708 de
355 2686 420 2709 sex
445 2675 720 2723 episcopatibus
742 2690 812 2713 una
834 2691 914 2712 cum
941 2678 1048 2713 dictis
1069 2677 1187 2713 tribus
1207 2676 1393 2724 magistris
1415 2682 1451 2710 et
1470 2674 1551 2709 aliis
1572 2674 1650 2708 suis
1677 2672 1897 2720 sequacibus
1923 2675 2165 2720 opponendos

291 2737 489 2785 duxerunt,
519 2742 611 2789 ipsis
641 2743 759 2779 tribus
787 2745 972 2792 magistris
999 2745 1103 2792 plura
1129 2742 1421 2792 proponentibus
1447 2741 1598 2776 crimina
1622 2747 1747 2775 contra
1768 2740 1902 2786 ipsum,
1923 2752 1993 2786 que
2017 2753 2057 2775 se
2078 2742 2167 2775 offe-

293 2805 425 2842 rebant
442 2807 605 2855 legitime
626 2810 876 2858 probaturum.
900 2813 944 2846 Et
963 2818 1112 2859 propter
1131 2811 1200 2846 hoc
1221 2809 1365 2845 dicebat
1385 2821 1468 2856 pars
1488 2809 1579 2855 ipsa,
1600 2807 1735 2842 dictum
1765 2807 1977 2853 magistrum
1999 2808 2042 2841 A.
2065 2807 2167 2842 inha-

293 2872 406 2918 bilem
434 2882 471 2910 et
497 2875 691 2924 indignum
716 2878 760 2912 ad
789 2878 953 2925 predicte
986 2878 1142 2914 officium
1180 2877 1336 2912 rectorie
1363 2882 1399 2911 et
1425 2875 1508 2910 ideo
1538 2875 1656 2922 ipsum
1685 2886 1758 2908 non
1787 2873 1923 2907 debere
1955 2873 2096 2908 institui
2130 2875 2166 2908 in

282 2939 436 2977 ,eadem
467 2942 512 2977 Et
539 2943 624 2990 quia
652 2955 726 2979 non
755 2946 904 2992 cognito
934 2945 979 2980 de
1009 2945 1184 2992 predictis
1214 2945 1374 2991 prefatus
1400 2941 1595 2977 Albericus
1625 2941 1662 2975 in
1692 2940 1881 2974 rectoriam
1910 2940 2022 2986 ipsam
2051 2941 2167 2975 extitit

419 2999 514 3025 cnara.
537 3000 615 3027 vnto.
633 3001 728 3028 Paro.
744 3002 764 3028 ι.
1988 3024 1991 3026 -
2013 2998 2044 3023 ⁶⁶
