2618 3640
490 404 534 438 38
948 432 951 436 .
1076 414 1396 436 CHARTULARIUM
1431 413 1621 436 UNIVERS.
1658 413 1788 436 PARIS.

490 494 663 531 moratur,
686 491 726 521 ut
753 500 875 521 amore
905 494 1031 521 nostro
1061 494 1096 521 et
1125 488 1274 521 servitio
1305 500 1387 520 eum
1417 487 1578 532 diligatis
1608 493 1644 519 et
1673 487 1950 529 manuteneatis,
1980 494 2021 521 ut
2047 488 2154 523 vobis
2180 489 2367 524 debitores

491 555 614 601 magni
634 555 773 589 servitii
794 566 939 600 semper
959 555 1086 588 simus.

583 653 728 682 Duchesne,
744 652 888 679 Historiae
900 654 1080 678 Francorum
1094 652 1245 683 scriptores
1261 653 1302 681 IV,
1319 652 1373 675 716.
1391 666 1423 670 -
1438 652 1561 680 Bulaeus,
1578 652 1611 680 ΙΙ,
1628 652 1683 677 302.
1699 651 1765 678 Rec.
1780 654 1827 677 des
1842 652 1951 678 Histor.
1965 653 2012 678 des
2026 653 2131 679 Gaules
2145 655 2210 684 XVI,
2226 656 2264 680 77.

489 844 568 881 33.
591 853 691 889 Aliqui
706 852 836 878 consules
847 853 1037 877 Romanorum
1053 850 1252 877 commendant
1268 850 1408 876 Ludovico
1424 851 1486 885 regi
1500 851 1674 876 Francorum
1690 850 1843 886 quemdam
1857 852 2016 878 Romanum
2029 853 2155 879 Parisiis
2169 853 2262 880 studii
2275 863 2367 881 causa

577 906 760 928 moraturum.

1719 963 1743 989 c.
1761 963 1833 993 7164,
1848 962 1962 998 [nomae
1962 963 1989 999 J.

577 1052 748 1086 Glorioso
779 1058 815 1083 et
843 1049 1036 1095 magnifico
1066 1049 1213 1082 domino
1245 1049 1430 1083 Ludovico
1457 1049 1524 1082 Dei
1549 1050 1664 1095 gratia
1694 1051 1914 1084 Francorum
1945 1051 2024 1097 regi
2055 1052 2240 1086 ,Iohannes
2269 1053 2366 1088 Petri

487 1119 620 1152 Leonis
650 1125 685 1151 et
714 1119 751 1150 P.
783 1117 884 1151 Ovic.
917 1129 956 1149 ac
978 1116 1489 1161 Grat(ianus)01nnipotentis
1518 1117 1633 1162 gratia
1669 1118 1915 1151 Romanorum
1946 1118 2118 1153 consules
2148 1119 2301 1153 salutem
2330 1127 2368 1154 et

485 1185 615 1219 solium
647 1185 751 1229 regni
782 1196 846 1229 per
876 1183 1009 1216 multos
1039 1195 1154 1216 annos
1183 1182 1340 1216 feliciter
1365 1183 1585 1229 gubernare.
1614 1184 1800 1226 Amorem,
1830 1197 1937 1230 quem
1965 1192 2085 1219 vestra
2112 1186 2212 1232 regia
2234 1187 2365 1221 domus

483 1265 527 1285 ex
556 1252 633 1297 ipsa
662 1251 872 1296 antiquitate
902 1262 983 1283 cum
1011 1250 1148 1283 nostris
1176 1250 1473 1284 antecessoribus
1502 1250 1640 1292 habuit,
1663 1251 1707 1284 ad
1741 1252 1952 1285 memoriam
1979 1252 2212 1295 reducentes,
2237 1253 2365 1287 libera-

482 1319 616 1352 litatem
650 1325 806 1352 vestram
842 1317 964 1350 multis
994 1323 1030 1350 et
1062 1317 1265 1351 verissimis
1296 1317 1536 1350 relationibus
1567 1325 1848 1363 cognoscentes,
1880 1318 2076 1364 plurimum
2107 1320 2289 1365 siquidem
2318 1320 2364 1354 de

481 1385 731 1431 magnitudine
761 1391 881 1418 vestra
910 1384 1138 1417 confidentes
1167 1384 1263 1426 facit,
1299 1390 1335 1417 et
1363 1396 1429 1430 pro
1464 1385 1752 1430 consanguineis
1781 1385 1918 1419 nostris
1951 1398 2017 1420 vos
2051 1398 2181 1432 rogare
2215 1384 2365 1421 minime

483 1453 703 1493 dubitamus,
733 1458 900 1497 optantes
925 1451 1063 1496 aliquid
1088 1451 1220 1493 facere,
1247 1451 1346 1496 quod
1371 1451 1409 1484 in
1434 1458 1633 1497 conspectu
1658 1458 1780 1485 vestre
1806 1452 2013 1486 serenitatis
2038 1460 2180 1499 gratum
2202 1460 2238 1487 et
2257 1453 2364 1487 dulce

481 1519 667 1553 habeatur.
701 1519 792 1552 Sane
822 1518 912 1551 nihil
943 1524 998 1551 est
1027 1530 1199 1563 unquam,
1231 1517 1330 1563 quod
1359 1530 1427 1551 nos
1456 1518 1573 1563 magis
1603 1531 1712 1564 agere
1742 1518 1911 1561 delectet,
1942 1531 2048 1565 quam
2075 1520 2208 1554 vestris
2234 1520 2364 1554 volun-

482 1586 616 1620 tatibus
646 1585 810 1627 obedire,
846 1591 882 1618 et
910 1597 975 1630 pro
1005 1584 1111 1619 vobis
1141 1591 1311 1630 tanquam
1339 1597 1406 1630 pro
1436 1585 1626 1619 carissimo
1661 1585 1809 1618 domino
1844 1586 1963 1619 modis
1998 1586 2132 1631 quibus
2166 1599 2364 1632 possumus

481 1654 612 1687 facere.
643 1654 714 1686 Hac
736 1653 847 1698 igitur
868 1664 932 1697 spe
953 1652 1042 1685 certi
1063 1652 1100 1684 in
1122 1663 1276 1697 regnum
1297 1658 1460 1685 vestrum
1483 1652 1664 1697 quendam
1685 1652 1915 1685 carissimum
1936 1653 2051 1686 filium
2072 1660 2238 1687 nostrum
2259 1653 2362 1688 Ovic.

482 1720 630 1754 nomine
658 1720 694 1752 in
719 1719 920 1752 litterarum
948 1719 1069 1752 studio
1096 1719 1257 1752 Parisius
1283 1725 1507 1752 moraturum
1534 1719 1747 1752 direximus.
1775 1720 1844 1752 Pro
1870 1731 1942 1765 quo
1969 1720 2256 1766 magnitudinem
2281 1732 2364 1755 ves-

482 1794 571 1821 tram
601 1793 734 1820 attente
760 1798 945 1831 rogamus,
977 1785 1148 1831 quatinus
1175 1792 1302 1819 nostro
1328 1798 1450 1819 amore
1476 1792 1512 1819 ct
1535 1785 1743 1819 interventu
1769 1798 1851 1819 eum
1876 1786 1995 1820 taliter
2020 1787 2310 1821 commendatum
2331 1787 2364 1821 si

482 1854 599 1900 placet
631 1853 806 1894 habeatis,
843 1859 882 1886 ut
914 1852 1019 1887 vobis
1049 1859 1085 1886 et
1112 1859 1235 1886 vestro
1266 1864 1382 1898 regno
1413 1853 1512 1886 omni
1546 1859 1710 1898 tempore
1744 1859 1815 1886 tam
1844 1865 1912 1886 nos
1943 1865 2048 1899 quam
2084 1854 2201 1887 nostri
2235 1865 2363 1888 omnes

481 1921 746 1966 consanguinei
767 1920 895 1953 fideles
917 1932 999 1953 esse
1020 1919 1217 1961 valcamus,
1245 1925 1280 1953 et
1305 1920 1341 1952 in
1367 1920 1527 1965 negotiis
1552 1919 1686 1953 vestris
1710 1932 1791 1953 cum
1813 1920 1985 1965 expedire
2005 1920 2212 1954 videbimus
2232 1921 2362 1954 merito

483 1988 630 2021 studere
651 1987 848 2032 possimus.

577 2085 722 2114 michea-ine,
738 2085 882 2110 Historiae
895 2086 1075 2110 Francorum
1089 2085 1242 2116 scriptores
1256 2085 1298 2112 lv,
1316 2084 1370 2107 717.
1385 2096 1417 2101 —
1432 2084 1556 2111 Bulaeus.
1573 2085 1605 2113 ΙΙ,
1621 2086 1675 2108 302.
1693 2084 1756 2110 Rec.
1777 2086 1823 2110 des
1839 2085 1944 2109 Hister.
1961 2085 2007 2110 des
2024 2085 2128 2110 Gaules
2142 2085 2206 2114 XVI,
2223 2086 2261 2109 78.

483 2276 561 2313 34.
591 2284 667 2311 Wido
683 2285 843 2319 Mainfredi
858 2289 885 2311 et
900 2285 1070 2320 Manfredns
1087 2284 1285 2311 commendant
1303 2284 1439 2310 Ludovico
1460 2284 1521 2319 regi
1540 2285 1712 2310 Francorum
1733 2283 1865 2310 cler-icum
1886 2283 2037 2319 quemdam
2057 2283 2215 2310 litteratum
2230 2285 2362 2311 Parisios

572 2334 658 2370 quasi
672 2333 712 2360 ad
727 2333 888 2360 catholicae
901 2334 973 2369 fidei
988 2343 1080 2360 arcem
1097 2335 1292 2369 festinantem.

1845 2396 1999 2422 1162-1167.

572 2485 757 2518 Ludovico
778 2485 843 2518 Dei
872 2485 985 2530 gratia
1013 2486 1233 2518 Francorum
1264 2484 1342 2530 regi
1374 2496 1519 2530 semper
1546 2490 1702 2529 augusto
1723 2483 1837 2520 VVido
1864 2484 1961 2517 filius
1987 2483 2179 2517 Mainsredi
2205 2489 2241 2516 et
2260 2484 2361 2516 Man-

483 2551 608 2584 fredus
634 2551 731 2584 filius
756 2552 829 2584 Pizi
856 2552 911 2584 sui
934 2564 998 2596 pcr
1023 2552 1142 2584 omnia
1169 2551 1388 2593 fidelissimi,
1410 2563 1449 2584 se
1474 2551 1576 2596 ipsos
1597 2557 1633 2584 et
1657 2551 1687 2584 si
1709 2551 1796 2596 quid
1822 2557 1920 2592 sunt,
1946 2551 1982 2583 id
2007 2557 2121 2584 totum
2143 2549 2241 2595 quod
2261 2542 2360 2583 sunt]

485 2617 572 2650 Ideo
602 2617 753 2662 regibus
783 2617 928 2650 debitus
959 2624 994 2650 et
1022 2617 1207 2651 indebitus
1237 2617 1356 2650 honor
1385 2618 1619 2663 impenditur,
1652 2617 1814 2650 debitum
1845 2623 1881 2650 et
1909 2616 2111 2650 indebitum
2142 2616 2358 2661 obsequium

485 2683 690 2725 exhibetur,
719 2683 802 2728 quia
829 2683 935 2716 etiam
963 2683 1060 2728 quod
1088 2683 1158 2717 sibi
1186 2696 1204 2716 a
1230 2683 1405 2728 subjectis
1428 2691 1463 2717 et
1483 2683 1688 2716 obnoxiatis
1709 2684 1793 2728 jure
1822 2683 1985 2724 offertur,
2011 2682 2241 2715 cumulatiori
2267 2682 2362 2716 solet

485 2749 725 2783 retributione
753 2750 853 2795 regia
880 2749 1059 2782 celsitudo
1086 2762 1252 2795 pensare.
1281 2749 1317 2782 Si
1343 2750 1488 2794 quando
1509 2750 1622 2795 igitur
1646 2756 1815 2795 parentes
1838 2749 1953 2782 nostri
1973 2748 2032 2782 vel
2052 2760 2120 2782 nos
2142 2748 2358 2794 obsequium

484 2823 605 2851 vestre
631 2816 817 2850 serenitati
842 2816 1065 2861 condignum
1092 2815 1337 2857 exhibuimus,
1359 2815 1395 2848 id
1418 2815 1586 2849 novimus
1607 2816 1710 2861 quasi
1736 2815 1773 2848 in
1796 2815 1966 2848 thesauro
1990 2822 2110 2849 vestre
2131 2815 2366 2849 liberalitatis

486 2883 712 2916 reconditum
740 2883 839 2916 nulla
866 2894 976 2928 posse
1004 2882 1188 2916 oblivione
1214 2882 1343 2922 deleri,
1369 2882 1491 2927 potius
1516 2882 1553 2915 id
1573 2882 1757 2916 credimus
1778 2882 1880 2928 quasi
1901 2881 2048 2915 unicum
2070 2888 2194 2915 nostre
2215 2882 2359 2915 calami-

485 2950 568 2983 tatis
594 2949 763 2983 solatium
790 2949 898 2983 nobis
923 2956 958 2982 et
982 2955 1107 2983 nostro
1135 2947 1305 2994 sanguini
1333 2948 1530 2994 diligenter
1551 2949 1748 2982 custodiri.
1779 2949 1997 2982 Patrimonia
2027 2948 2208 2995 siquidem
2235 2955 2359 2982 nostra
