2580 3528
392 954 417 985 Ul

402 1414 423 1434 '7

480 397 545 430 288
1060 400 1379 425 anaTULAntUM
1414 398 1604 420 UNIVERS.
1641 396 1771 419 rmus.
2252 386 2351 427 [1255

480 493 553 514 non
574 486 720 513 utantur
739 480 868 512 fratros
889 478 969 511 istis
990 477 1159 517 licentiis,
1183 475 1253 508 nisi
1274 473 1513 507 communiter
1533 470 1798 504 concederetur
1818 470 1996 515 utrisque,
2014 482 2060 503 ne
2080 481 2124 504 ex
2142 469 2211 503 hoc
2231 469 2349 515 aliqua

435 566 441 574 ι
479 546 636 580 turbatio
658 552 825 579 nascatur
845 546 939 578 inter
959 544 1087 576 fratres
1107 543 1269 575 Minores
1291 546 1325 572 ct
1346 545 1504 572 nostros.
1527 537 1703 582 &llffflfib
1726 536 1823 582 quod
1855 536 1992 570 faciunt
2020 536 2288 582 predicationes
2313 536 2350 570 in

480 613 610 646 diebus
631 612 823 646 dominicis
845 618 879 643 ct
898 610 1051 650 festivis,
1075 608 1208 653 quibus
1230 606 1386 639 debeant
1410 603 1638 650 parrochiani
1663 603 1860 637 convenire
1885 603 1930 636 ad
1955 603 2146 637 ecclesiam
2167 603 2228 636 illa
2247 603 2349 645 hora,

479 692 548 725 qua
569 679 704 712 debent
723 677 847 723 populi
868 677 911 709 ad
932 687 1016 709 suas
1038 673 1244 720 parrochias
1265 671 1475 712 convenire,
1497 677 1532 703 et
1552 670 1603 703 sic
1624 669 1852 703 retrahantur
1871 682 1889 703 a
1911 670 1988 703 suis
2009 669 2210 715 parrochiis
2230 681 2350 715 parro-

479 746 609 779 chiani.
639 746 754 789 Super
775 744 842 776 hoc
865 743 1074 775 ordinamus
1096 740 1194 785 quod
1219 739 1256 771 in
1277 738 1382 779 locis,
1405 737 1441 770 in
1463 736 1596 782 quibus
1617 736 1794 770 habemus
1815 736 1956 778 domos,
1976 737 2106 770 fratres
2126 748 2200 770 non
2219 737 2352 771 faciant

480 823 684 846 sermonem
712 811 747 842 in
777 809 945 842 domibus
970 807 1106 841 nostris
1131 806 1190 840 vel
1216 805 1344 850 plateis
1368 803 1426 837 vel
1453 803 1545 836 locis
1573 803 1828 837 communibus
1857 803 1946 836 hora
1975 803 2149 849 predicta,
2180 803 2252 837 nisi
2281 803 2350 839 hoc

479 879 583 912 fieret
609 878 645 910 in
675 876 819 909 casibus
848 874 1030 919 aliquibus
1060 874 1104 906 de
1132 872 1278 905 licentia
1308 871 1472 917 episcopi
1492 870 1550 904 vel
1575 869 1804 916 beneplacito
1831 870 2074 912 sacerdotum,
2095 870 2154 904 vel
2174 871 2211 903 in
2231 870 2348 913 festis,

478 945 535 978 vel
556 944 626 977 nisi
651 949 774 976 essent
798 941 952 974 ecclesie
979 947 1102 973 nostre
1128 937 1385 984 parrochiales.
1413 937 1586 978 Ahaer,
1609 937 1708 982 quod
1732 938 1862 970 fratres
1883 937 2072 982 predicant
2090 937 2127 970 in
2147 937 2349 982 parrochiis

476 1017 557 1044 ante
586 1010 830 1054 receptionem
853 1007 1089 1047 oblationum,
1112 1012 1147 1038 et
1166 1005 1231 1038 hac
1253 1005 1445 1038 occasione
1471 1004 1731 1037 defraudantur
1756 1004 1965 1038 sacerdotes
1990 1003 2237 1037 oblationibus
2262 1016 2349 1038 con-

476 1077 602 1110 suetis.
642 1076 758 1119 Super
787 1074 855 1106 hoc
887 1073 1097 1106 ordinamus
1126 1071 1224 1117 quod
1257 1071 1325 1104 hoc
1356 1083 1429 1104 non
1464 1070 1524 1104 fiat
1553 1077 1677 1104 contra
1706 1070 1972 1116 beneplacitum
2003 1070 2246 1113 sacerdotum,
2277 1070 2349 1104 nisi

475 1143 566 1175 forte
597 1142 633 1174 in
661 1153 746 1174 casu
777 1141 820 1173 dc
849 1140 1077 1172 ordinatione
1106 1139 1282 1184 episcopi.
1313 1138 1492 1183 §lia-ost,
1523 1137 1622 1183 quod
1650 1138 1780 1170 fratres
1808 1137 1978 1170 ordinant
2002 1138 2078 1170 sere
2106 1137 2150 1170 de
2178 1137 2348 1172 omnibus

477 1208 715 1248 testamentis,
745 1214 780 1239 et
809 1206 1068 1239 defraudantur
1096 1205 1220 1238 clerici
1251 1205 1295 1237 de
1325 1204 1434 1237 bonis
1460 1216 1530 1250 que
1557 1203 1725 1237 solebant
1754 1204 1807 1237 eis
1835 1204 1880 1237 de
1907 1204 2133 1238 testamentis
2160 1204 2347 1238 obvenire.

475 1276 590 1320 Super
615 1274 682 1307 hoc
708 1273 919 1306 ordinamus
946 1273 1043 1317 quod
1069 1273 1198 1305 fratres
1219 1284 1293 1305 non
1315 1283 1354 1304 se
1375 1271 1545 1317 ingerant
1565 1271 1775 1304 notabiliter
1795 1271 1838 1304 ad
1858 1277 2088 1312 testamenta3
2112 1271 2143 1304 si
2163 1271 2351 1317 contingat

473 1354 536 1375 eos
564 1340 758 1386 aliquando
788 1340 979 1380 interesse,
1010 1338 1146 1372 debent
1174 1338 1349 1371 inducere
1380 1344 1572 1371 testatores
1605 1338 1649 1370 ad
1679 1337 1981 1371 benefaciendum
2009 1337 2178 1371 ecclesiis
2207 1338 2285 1371 suis
2315 1345 2352 1371 et

473 1408 630 1449 clericis,
649 1420 728 1440 cum
751 1407 794 1439 ad
816 1406 883 1439 hoc
905 1406 1028 1439 multis
1050 1405 1252 1439 rationibus
1274 1411 1476 1438 teneantur.
1493 1405 1663 1452 Aliaest,
1682 1404 1781 1449 quod
1801 1404 1992 1437 occasione
2013 1405 2163 1437 fratrum
2183 1405 2351 1438 amittunt

472 1475 691 1508 secularium
709 1473 927 1519 sepulturas,
951 1473 1033 1518 quia
1050 1472 1188 1505 relictis
1205 1472 1373 1505 ecclesiis
1395 1471 1623 1505 secularibus
1639 1471 1742 1504 multi
1763 1471 1858 1516 apud
1879 1483 1946 1504 nos
1967 1471 2174 1516 sepulturas
2195 1471 2348 1517 eligunt,

475 1548 509 1574 et
530 1553 602 1574 non
625 1541 789 1574 redditur
810 1540 862 1573 cis
883 1553 900 1572 a
922 1539 1094 1572 fratribus
1116 1539 1248 1585 portio,
1271 1551 1341 1584 que
1367 1538 1569 1572 secundum
1590 1539 1673 1583 jura
1699 1537 1854 1571 debetur
1874 1538 1919 1571 de
1939 1537 2059 1579 bonis,
2083 1550 2153 1583 que
2177 1538 2350 1572 fratribus

476 1607 677 1641 obveniunt
715 1607 906 1639 occasione
946 1606 1228 1651 sepulturarum.
1270 1606 1387 1650 Super
1421 1604 1489 1637 hoc
1524 1605 1736 1638 ordinamus
1772 1604 1870 1649 quod
1904 1604 2028 1637 nullus
2066 1605 2176 1637 frater
2215 1611 2352 1638 avertat

474 1673 629 1719 aliquem
652 1673 738 1718 quin
759 1673 869 1718 eligat
890 1672 1113 1718 sepulturam
1134 1672 1171 1704 in
1193 1671 1347 1705 ecclesia
1369 1683 1445 1704 sua.
1465 1671 1502 1704 Si
1522 1677 1641 1704 autem
1663 1670 1830 1716 sepultus
1850 1670 1960 1703 fuerit
1979 1670 2075 1716 apud
2094 1682 2176 1712 nos,
2198 1670 2351 1704 reddant

474 1741 602 1773 fratres
628 1740 706 1773 sinc
733 1740 830 1772 omni
853 1739 1061 1772 difficultate
1087 1739 1268 1781 ecclesiis,
1295 1751 1314 1772 a
1337 1738 1471 1783 quibus
1498 1744 1734 1771 assumuntur
1759 1749 1925 1783 corpora,
1948 1737 2122 1782 quicquid
2148 1738 2349 1771 secundum

474 1808 589 1840 varias
615 1807 902 1840 consuetudines
927 1806 971 1839 ab
997 1806 1078 1839 aliis
1105 1806 1272 1839 ecclesiis
1298 1806 1336 1838 in
1361 1805 1472 1838 simili
1499 1816 1584 1838 casu
1609 1804 1688 1837 fieri
1714 1804 1916 1838 consuevit.
1938 1804 2023 1847 Alia
2036 1810 2107 1846 est,
2129 1804 2228 1849 quod
2248 1816 2350 1838 occa-

475 1875 577 1907 sione
607 1874 755 1906 fratrum
786 1874 956 1907 vidcntur
983 1873 1168 1906 seculares
1194 1873 1312 1906 aversi
1342 1884 1360 1905 a
1391 1871 1645 1905 sacerdotibus
1680 1878 1715 1904 et
1748 1871 1859 1904 clero.
1893 1872 2010 1916 Super
2040 1870 2108 1903 hoc
2139 1871 2350 1905 ordinamus

475 1941 573 1985 quod
597 1941 738 1981 fratres,
762 1947 829 1973 tam
853 1940 998 1985 publice
1020 1952 1125 1985 quam
1148 1940 1299 1985 private,
1322 1939 1496 1972 inducant
1520 1938 1642 1984 laycos
1668 1938 1713 1971 ad
1737 1937 1976 1971 exhibendam
2002 1938 2241 1971 reverentiam
2267 1949 2350 1983 pre-

475 2007 556 2040 latis
584 2014 619 2039 et
646 2007 896 2039 sacerdotibus
919 2014 954 2040 et
973 2007 1085 2048 clero,
1113 2013 1148 2040 et
1172 2007 1216 2039 ad
1243 2006 1470 2039 reddendum
1496 2005 1550 2038 eis
1569 2006 1666 2050 jura,
1692 2011 1728 2038 et
1751 2005 1896 2038 foveant
1924 2016 1988 2038 eos
2018 2004 2055 2037 in
2084 2004 2278 2038 devotione
2305 2005 2350 2038 ad

402 2081 427 2095 “²
476 2073 649 2106 ecclesias
670 2073 865 2106 seculares.
889 2074 968 2119 Alia
990 2080 1057 2114 est,
1081 2074 1180 2119 quod
1205 2074 1334 2106 fratres
1360 2073 1512 2106 audiunt
1536 2071 1791 2105 confessiones
1817 2072 1895 2104 sine
1922 2071 2067 2104 licentia
2093 2072 2350 2117 episcoporum

477 2147 512 2173 et
550 2140 788 2173 sacerdotum.
829 2141 944 2185 Super
984 2140 1051 2173 hoc
1087 2141 1299 2173 ordinamus
1339 2139 1438 2184 quod
1471 2139 1600 2172 fratres
1636 2144 1785 2183 propter
1818 2138 2067 2183 indulgentias
2101 2138 2242 2171 ordinis
2275 2150 2350 2171 non

462 2206 678 2251 obmittant,
701 2207 787 2251 quin
813 2214 936 2252 petant
955 2207 1120 2240 licentias
1143 2207 1186 2240 de
1213 2206 1405 2240 audiendis
1427 2205 1724 2238 confessionibus
1746 2204 1790 2237 ab
1810 2205 1994 2250 episcopis
2014 2205 2072 2238 vel
2098 2204 2349 2238 sacerdotibus

476 2273 774 2318 parrochialibus.
804 2275 900 2306 Hanc
928 2280 1046 2306 autom
1076 2274 1341 2307 ordinationem
1367 2279 1527 2306 nostram
1553 2271 1722 2305 volumus
1748 2271 1786 2304 in
1811 2271 1958 2316 scriptis
1984 2271 2130 2304 defferri
2155 2271 2199 2304 ad
2225 2280 2350 2316 quem-

477 2339 566 2372 libet
598 2347 813 2373 conventum
851 2340 960 2373 totius
995 2340 1152 2382 ordinis,
1189 2347 1225 2373 et
1258 2340 1455 2385 diligenter
1488 2338 1638 2372 servari.
1675 2339 1803 2371 Datum
1839 2338 2036 2371 Mediolani
2075 2350 2168 2370 anno
2204 2337 2350 2370 Domini

478 2406 582 2439 MCC
596 2407 667 2439 LV.

570 2503 631 2526 Mss.
653 2504 726 2526 Rom.
743 2507 768 2526 ct
788 2504 926 2527 Rutenens.
948 2512 1025 2535 capp.
1053 2505 1169 2535 general.
1187 2504 1249 2527 Ord,
1271 2504 1364 2527 Praed.
1380 2504 1413 2526 ad
1429 2504 1485 2526 ord.
1502 2503 1673 2534 pertinentes.
1691 2502 1767 2526 Arch.
1785 2503 1886 2534 depart.
1904 2502 1935 2525 de
1957 2502 1983 2525 la
1998 2502 2122 2530 Gironde,
2140 2502 2215 2525 fonds
2231 2500 2350 2525 Domini-

476 2546 558 2574 caiusy
575 2551 603 2569 110
617 2547 704 2575 6511212,
720 2556 746 2578 p.
764 2548 816 2570 158.
834 2562 864 2565 —-
878 2549 1001 2576 Mai-tene,
1022 2548 1100 2573 Thes.
1116 2556 1180 2574 nov.
1197 2550 1304 2576 anecd„
1322 2549 1364 2577 1v,
1381 2548 1450 2571 1709.
1467 2547 1595 2572 Annales
1614 2548 1646 2571 de
1660 2548 1783 2575 Burcon,
1799 2547 1839 2570 ed.
1861 2547 1957 2574 Luni-d,
1973 2555 1999 2578 p.
2016 2547 2070 2570 434.
2086 2559 2117 2563 —
2132 2546 2175 2569 Sic
2189 2545 2269 2569 etiam
2283 2545 2350 2570 Gre-

477 2590 568 2626 gorius
584 2591 604 2612 X
620 2599 660 2614 an.
682 2591 741 2614 1274
762 2592 884 2622 precibus
905 2601 916 2615 (t
938 2593 1081 2615 multorum
1095 2593 1252 2616 clericorum
1267 2596 1292 2616 et
1307 2593 1471 2624 prelatorum
1486 2592 1608 2623 pulsatus
1624 2591 1675 2615 fuit.
1694 2594 1723 2614 ut
1738 2591 1808 2614 circa
1823 2594 1923 2614 statum
1944 2590 2046 2614 ordinis
2067 2590 2168 2622 aliquid
2183 2589 2210 2613 in
2233 2589 2350 2613 Concilio

478 2633 642 2662 immutaret;
658 2634 714 2665 ipsc
732 2638 818 2658 tamen
834 2644 923 2658 eorum
939 2636 1092 2660 instantiam
1108 2637 1141 2659 ad
1162 2637 1337 2660 exauditionis
1356 2636 1470 2668 gratiam
1490 2644 1542 2659 non
1557 2635 1665 2659 admisit
1681 2643 1702 2658 ».
1723 2635 1812 2658 Voluit
1830 2634 2012 2662 nihilominus,
2038 2637 2067 2658 ut
2081 2634 2153 2658 Ordo
2172 2634 2228 2665 ipse
2248 2633 2350 2665 aliquid

478 2677 619 2706 ordinaret,
636 2687 683 2709 per
698 2679 767 2709 quod
782 2680 880 2702 clamor
895 2681 1050 2703 clericorum
1065 2681 1219 2712 quiesceret,
1235 2684 1261 2704 et
1275 2681 1416 2712 episcopus
1432 2680 1579 2704 Hostiensis
1595 2680 1697 2711 (Petrus
1713 2680 1745 2702 de
1767 2679 1933 2710 Tarantasia)
1949 2678 2067 2702 exhibuit
2081 2686 2166 2710 papae
2181 2681 2207 2701 et
2225 2677 2349 2713 cai-dina-

479 2721 549 2744 libus
569 2722 696 2752 scriptum
711 2727 808 2753 puncta
822 2724 955 2752 exhibens,
972 2725 1003 2748 de
1026 2725 1121 2757 quibus
1137 2726 1269 2749 Jobannes
1294 2725 1478 2753 vercellensis,
1494 2724 1622 2755 magister
1637 2724 1700 2747 Ord.
1718 2724 1822 2753 Praeti„
1843 2724 1938 2748 fratres
1954 2723 1995 2746 sui
2017 2722 2117 2746 ordinis
2137 2722 2262 2746 certiores
2278 2722 2347 2746 fecit.

481 2764 520 2788 Cf.
541 2765 679 2796 epistolam
695 2767 811 2797 ejusdcm
826 2768 858 2790 ad
874 2768 902 2791 P.
919 2769 950 2791 de
964 2769 1083 2792 Valentia
1098 2769 1225 2792 directam
1241 2770 1311 2801 apud
1326 2770 1450 2795 Max-tane,
1467 2769 1484 2792 l.
1499 2777 1532 2797 e.‚
1549 2777 1575 2800 p.
1592 2768 1661 2791 1777.
