2618 3640
695 451 743 474 AB
776 450 1027 473 Ant-:xannno
1063 451 1112 472 111
1147 450 1281 479 usone
1317 450 1366 472 An
1399 450 1539 472 ANNUM
1574 451 1663 473 nec.
2080 443 2122 475 41

238 539 359 562 meum
384 526 578 561 securitate
603 525 872 560 commendare.
900 526 1035 558 Precor
1059 525 1185 571 igitur,
1209 531 1249 558 ut
1268 523 1490 570 benignitas,
1515 537 1585 570 que
1611 525 1648 558 in
1669 525 1783 558 altero
1804 526 1995 570 precessit,
2021 538 2060 559 se
2081 527 2125 559 ad

238 600 434 639 utrumque
463 592 645 635 extendat,
678 599 714 626 et
746 592 928 638 geminata
957 592 1087 625 caritas
1117 603 1174 625 me
1202 591 1309 625 vobis
1338 591 1590 637 multipliciter
1623 592 1752 625 reddat
1781 591 1994 637 obligatum,
2024 599 2060 626 et
2087 600 2127 626 ut

237 660 420 695 cumulato
447 671 641 706 assurgam
667 659 815 706 gaudio,
843 659 982 705 aliquid
1009 658 1098 691 mihi
1125 657 1324 692 voluntatis
1352 664 1473 692 vestre
1503 658 1650 692 dilectio
1679 665 1799 692 vestra
1826 659 2025 701 remandet,
2053 672 2125 705 quo

238 727 310 761 mei
330 727 619 774 experimentum
639 726 789 773 capiatis
809 726 956 760 amoris.
977 725 1117 760 Valete.

330 812 476 841 Ducheane,
493 812 639 837 Historiae
651 813 835 837 Francorum
847 811 998 843 scriptores
1013 811 1056 840 IV,
1074 812 1128 835 747.
1144 811 1301 840 -Bulueus‚
1317 811 1351 839 Π,
1367 811 1422 834 304.

239 979 318 1021 39.
344 993 500 1019 Gratianus
519 993 600 1019 Petri
618 993 723 1018 Leonis
742 993 936 1018 Romanor-um
956 991 1057 1018 consul
1076 991 1180 1018 abbati
1201 993 1228 1018 S.
1257 992 1375 1018 Victoris
1398 992 1513 1026 gratias
1537 991 1600 1026 agit
1623 991 1658 1018 ob
1678 993 1805 1026 favorem
1828 1000 1880 1017 suo
1902 992 1992 1026 fratr-i
2011 992 2127 1026 Hugoni

326 1041 496 1068 Placentino
511 1042 645 1078 episcopo
656 1041 841 1078 praestitum.

1448 1090 1604 1126 1155-1164,
1622 1090 1736 1125 [Romae
1736 1089 1764 1125 J.

328 1178 540 1214 Venerabili
579 1179 671 1225 patri
706 1185 742 1212 et
775 1178 923 1212 domino
959 1177 1016 1211 R.¹
1054 1178 1174 1212 Sancti
1209 1178 1369 1212 Victoris
1408 1178 1612 1212 reverendo
1651 1179 1839 1224 preposito
1874 1185 1910 1211 et
1951 1178 2125 1212 universo

240 1246 405 1292 ejusdem
445 1245 601 1279 ecclesie
644 1245 841 1279 conventui
880 1245 1112 1279 sanctissimo
1155 1245 1351 1279 Gratianus
1394 1245 1490 1279 Petri
1534 1245 1668 1279 Leonis
1712 1247 1957 1279 Romanorum
1995 1245 2126 1279 consul

240 1313 394 1347 salutem
425 1319 461 1346 et
489 1312 597 1358 plene
626 1312 835 1346 dilectionis
866 1313 1068 1346 servitium.
1101 1313 1153 1345 Ex
1182 1324 1254 1357 quo
1281 1311 1529 1346 venerabilem
1560 1313 1704 1346 fratrem
1732 1325 1851 1345 meum
1878 1319 1914 1345 et
1938 1312 2124 1346 dominum

240 1381 434 1426 Hugonem
463 1378 646 1412 Placentie
674 1378 887 1425 episcopum
915 1379 953 1411 in
979 1385 1102 1412 vestro
1129 1378 1288 1424 collegio
1317 1379 1547 1424 suscepistis,
1581 1379 1745 1412 doctrina
1777 1386 1812 1412 et
1841 1379 1981 1412 ordinis
2013 1379 2126 1413 vestri

239 1445 450 1480 honestate2
469 1446 706 1488 informastis,
733 1458 797 1479 cor
823 1458 943 1479 meum
970 1452 1005 1479 et
1030 1458 1113 1479 caro
1140 1457 1218 1479 mea
1244 1445 1498 1479 exultaverunt
1518 1452 1554 1479 et
1578 1446 1855 1491 concupierunt,
1878 1453 1918 1479 ut
1937 1446 2126 1491 obsequiis

238 1513 373 1548 vestris
400 1525 466 1559 per
493 1512 612 1546 omnia
640 1513 879 1559 manciparer,
906 1513 944 1545 in
971 1512 1150 1546 mandatis
1176 1524 1380 1554 exercerer,
1408 1519 1443 1546 et
1467 1512 1568 1545 illum
1596 1524 1703 1557 quem
1725 1513 1762 1545 in
1783 1513 1987 1546 reverentia
2007 1520 2127 1546 vestra

239 1580 392 1626 concepi
413 1580 594 1622 affectum,
615 1579 693 1625 ipsa
715 1579 839 1625 operis
865 1579 1089 1613 exhibitione
1114 1578 1415 1625 comprobaretis.
1439 1579 1529 1612 Inde
1551 1586 1607 1613 est
1627 1580 1725 1625 quod
1746 1579 1783 1612 in
1804 1586 2003 1625 conspectu
2024 1592 2127 1613 sanc-

241 1647 352 1681 titatis
371 1653 494 1681 vestre
518 1646 556 1680 id
577 1646 676 1692 quod
696 1658 777 1680 sum
799 1653 836 1680 et
854 1647 953 1692 quod
978 1658 1129 1692 possum
1151 1646 1306 1680 devotus
1327 1646 1454 1689 offero,
1478 1645 1694 1692 suppliciter
1714 1646 1926 1692 implorans,
1949 1653 1989 1680 ut
2007 1646 2127 1692 legem

242 1714 386 1760 ponatis
406 1713 494 1747 mihi
521 1714 559 1747 in
586 1713 746 1748 servitiis
766 1714 900 1748 vestris
928 1720 964 1747 et
988 1725 1062 1747 non
1090 1713 1128 1746 in
1155 1714 1314 1747 avaritia.
1347 1715 1391 1747 Et
1415 1714 1446 1747 si
1468 1720 1524 1747 est
1547 1714 1584 1746 in
1610 1713 1775 1759 partibus
1795 1713 1882 1755 illis,
1906 1714 2003 1747 unde
2024 1726 2128 1747 sanc-

239 1781 331 1815 titati
354 1787 476 1815 vestre
502 1779 721 1826 obsequium
747 1787 910 1826 prestare
936 1780 1092 1823 valeam,
1118 1780 1316 1814 voluntatis
1341 1787 1462 1814 vestre
1489 1781 1695 1814 mandatum
1721 1781 1930 1827 suscipiam,
1957 1782 2127 1826 quatinus

240 1848 279 1882 in
312 1847 492 1894 obsequio
527 1848 772 1881 sinceritatem
807 1848 930 1881 cordis
965 1848 1035 1881 mei
1070 1848 1148 1894 ipsa
1183 1848 1406 1894 experientia
1443 1848 1687 1894 cognoscatis.
1727 1848 1784 1881 Ad
1823 1847 1891 1881 hoc
1931 1848 2127 1894 plurimum

241 1914 393 1961 gratiam
427 1921 585 1949 vestram
620 1914 793 1960 deposco,
829 1921 870 1948 ut
901 1915 1035 1949 vestris
1070 1927 1126 1948 me
1162 1914 1391 1948 orationibus
1422 1915 1715 1949 commendatum
1747 1915 1923 1957 habeatis,
1957 1915 2128 1961 quatinus

240 1981 413 2028 precibus
439 1981 572 2016 vestris
597 1981 693 2028 apud
718 1983 834 2015 Deum
859 1982 1005 2027 adjutus
1026 1982 1208 2028 presentis
1234 1982 1308 2016 vite
1335 1982 1475 2015 ruinam
1501 1982 1648 2016 evadam
1671 1989 1707 2016 et
1731 1989 1961 2028 peccatorum
1988 1994 2128 2016 merear

241 2048 430 2095 percipere
450 2049 605 2082 veniam.

334 2133 480 2162 Duchesne,
495 2133 642 2159 Historiae
655 2134 836 2159 Francorum
847 2133 998 2165 scriptores
1012 2134 1055 2163 lv,
1072 2135 1126 2158 764.
1142 2147 1174 2152 —
1188 2134 1312 2163 Bulaeus,
1329 2135 1362 2163 11,
1379 2135 1433 2159 303.
1451 2135 1527 2166 Hugo
1542 2135 1612 2158 Petri
1627 2134 1720 2159 Leonis
1736 2134 1898 2167 (Pici-leone),
1915 2134 1960 2166 qui
1974 2134 2001 2158 in
2016 2134 2129 2166 epistola

240 2178 422 2202 tantummodo
442 2178 610 2202 Placentinus
629 2178 772 2211 episcopus
792 2178 954 2208 nominatur,
971 2187 1040 2203 anno
1056 2179 1117 2203 1155
1131 2179 1283 2211 episcopus,
1298 2187 1367 2203 anno
1384 2179 1445 2203 1164
1464 2179 1607 2203 cardinalis
1627 2183 1731 2203 creatus
1747 2183 1795 2209 est,
1812 2182 1837 2203 et
1852 2179 1894 2203 die
1913 2180 1935 2203 8.
1952 2179 2051 2211 Aprilis
2067 2180 2127 2203 1167

240 2221 316 2252 obiit,
330 2222 494 2255 proindeque
507 2222 622 2255 episwla
635 2222 736 2255 scriptu
750 2226 791 2247 est
805 2226 866 2248 ante
880 2231 979 2247 annum
994 2224 1064 2253 1164,
1080 2227 1106 2248 et.
1120 2223 1228 2248 minime
1242 2227 1304 2256 post
1317 2232 1359 2248 nn.
1377 2224 1446 2248 1167.

335 2293 358 2318 1.
374 2293 451 2326 Apud
470 2294 720 2324 Manena-numm,
743 2295 836 2326 Ampl.
857 2295 918 2320 coll.
940 2295 983 2324 Vl,
1001 2296 1056 2324 267,
1073 2295 1165 2319 eadem
1185 2295 1298 2327 epistola
1319 2295 1446 2328 dirigitur
1469 2296 1502 2319 nd
1528 2304 1540 2319 «
1562 2295 1705 2320 Robertum
1725 2303 1737 2318 »
1759 2295 1882 2319 abbatem
1903 2295 1928 2319 S.
1952 2295 2073 2319 Victoris.
2096 2295 2128 2318 At

241 2337 371 2363 Robertns
386 2341 444 2362 erut
457 2338 541 2362 abba·
556 2339 690 2363 1192-1197
705 2338 774 2371 (vide
791 2339 888 2364 Gallia
898 2339 995 2364 christ.
1008 2340 1064 2369 vn,
1079 2340 1124 2364 671
1141 2339 1201 2372 sq.).
1213 2340 1279 2364 Cum
1294 2339 1383 2372 itaque
1397 2340 1511 2372 epistola
1526 2348 1577 2364 non
1591 2343 1654 2372 post
1668 2348 1710 2364 an.
1728 2340 1789 2363 1164
1804 2348 1874 2371 resp.
1892 2340 1952 2363 1167
1968 2340 2068 2371 scripta
2082 2339 2125 2367 sit,

239 2383 269 2407 in
283 2383 359 2407 codd.
375 2390 450 2407 error
463 2383 581 2415 irrepsit,
596 2386 623 2407 et.
641 2391 724 2415 supra
744 2383 814 2408 sicut
829 2384 910 2408 etium
930 2384 1001 2416 apud
1020 2384 1137 2408 Mai-tene
1156 2385 1199 2408 vel
1218 2384 1383 2417 A(chardus),
1399 2385 1469 2417 quod
1488 2384 1631 2408 maximnm
1650 2384 1867 2416 probabilitatem
1886 2384 1966 2407 habet
1980 2383 2125 2416 (Achai-dus

241 2430 299 2452 erat
317 2426 402 2451 abbas
423 2427 581 2459 11³4-1162),
602 2428 644 2452 vel
663 2427 812 2460 Estvisim),
837 2428 921 2452 abbas
944 2429 1088 2458 1162-1172,
1111 2429 1253 2461 legendum
1275 2437 1334 2453 esse
1355 2432 1428 2461 puto.
1454 2429 1604 2453 Guntherus
1628 2429 1809 2453 tantummodo
1831 2437 1880 2460 per
1900 2428 2002 2460 aliquot
2023 2436 2126 2452 menses

241 2471 382 2496 nnno1162
396 2471 521 2504 praefuit.
534 2486 565 2490 —
575 2473 598 2496 2.
615 2472 732 2496 latorum
747 2473 869 2502 duorum,
886 2482 922 2497 uc.
939 2473 1074 2498 doetrinae
1094 2482 1140 2497 seu
1156 2473 1289 2503 scientiae,
1308 2482 1320 2497 «
1335 2482 1402 2506 quae
1417 2474 1449 2497 de
1464 2474 1521 2497 loco
1536 2473 1582 2497 illo
1593 2473 1630 2505 (S.
1642 2473 1764 2506 Victoris)
1775 2473 1873 2497 fluebat
1887 2481 1909 2502 »‚
1926 2477 1951 2497 et
1965 2473 2050 2497 bonne
2063 2482 2126 2497 con-

242 2516 399 2542 versationi·
410 2516 509 2546 odoris,
520 2516 618 2541 mentio
633 2517 664 2542 fit
677 2517 759 2541 etium
775 2517 801 2541 in
816 2517 913 2542 litteris
930 2517 1070 2542 Alexandri
1086 2518 1131 2546 111,
1144 2518 1156 2541 1
1169 2518 1306 2542 Februarii
1321 2518 1469 2547 1171-1172,
1481 2518 1513 2541 nd
1526 2518 1702 2542 Sunonensem
1716 2517 1955 2550 arehiepiscopum,
1967 2518 2126 2542 Meldensem

241 2561 395 2594 episcopum
410 2563 436 2585 et
451 2561 575 2586 abbatem
585 2561 667 2586 valiis
684 2565 810 2590 secretae,
822 2565 902 2595 utque
917 2562 943 2586 in
959 2562 1018 2586 istis
1033 2562 1067 2586 nd
1082 2562 1205 2586 abbatem
1221 2566 1246 2586 et
1260 2562 1400 2587 canonicos
1413 2563 1438 2586 S.
1448 2562 1569 2586 Victoris.
1582 2563 1620 2587 Cf.
1632 2562 1881 2587 suffe-Loewenfeld
1892 2567 1930 2587 n⁰·
1941 2563 2026 2591 11974,
2038 2563 2124 2587 11975.

239 2731 322 2772 40.
348 2741 408 2769 odo
423 2741 585 2781 cardinalis
599 2742 771 2770 abbatissae
788 2745 815 2770 S.
834 2743 948 2771 Mariae
965 2744 1180 2771 Suessioneneis
1196 2747 1326 2781 nepotem
1338 2752 1439 2781 papae
1453 2744 1608 2771 Anastasia·
1630 2745 1675 2772 IV
1688 2744 1820 2780 desitncti
1833 2745 1959 2771 Parisiis
1975 2745 2004 2771 in
2018 2743 2124 2771 scholis

331 2795 488 2819 morantem
503 2791 691 2820 commendat.

1525 2843 1593 2870 duno
1610 2843 1764 2871 1154-1174.

332 2927 400 2963 Ost
424 2929 491 2963 Dei
519 2929 634 2976 gratia
655 2936 779 2964 sancte
805 2931 965 2965 Romane
991 2930 1147 2965 ecclesie
1174 2930 1351 2965 diaconus
1383 2930 1578 2965 cardinalis
1606 2931 1738 2965 dilecte
1768 2931 1886 2965 sorori
1916 2930 2122 2965 abbatisse'

244 2994 374 3030 Sancte
404 2996 518 3030 Marie
548 2997 828 3032 Suessionensis
861 2997 1028 3032 salutem.
1066 2999 1246 3044 Prospera
1278 3003 1314 3032 et
1346 2997 1417 3031 leta
1450 2998 1495 3031 de
1527 3010 1684 3044 persona
1718 3005 1837 3032 vestra
1870 2998 2121 3031 desiderantes

369 3054 464 3080 Chare.
487 3055 565 3080 Unio.
582 3055 678 3081 Paris.
695 3055 716 3080 1.
1982 3056 1997 3079 6
