2580 3528
462 392 529 425 340
1045 401 1364 425 anaTULAmUM
1399 402 1589 424 UNlVERS.
1626 401 1756 425 PAnlS.
2236 390 2349 431 [1256'

464 475 588 509 siones
621 475 747 509 audire
781 488 820 509 ac
854 475 1045 509 absolvere
1079 475 1297 521 penitentes.
1332 476 1420 508 Item
1456 475 1501 508 de
1535 475 1780 516 mendicitate,
1813 475 1912 520 quod
1945 481 2059 508 status
2095 474 2337 508 mendicitatis

464 549 612 588 propter
646 542 831 576 Christum
866 549 922 575 est
955 549 1069 575 status
1104 542 1231 575 salutis
1261 548 1296 575 et
1325 542 1573 587 perfectionis.
1606 543 1694 574 Item
1725 541 1823 587 quod
1852 541 2018 587 religiosi
2047 553 2239 587 pauperes,
2275 540 2338 586 qui

464 609 583 642 omnia
616 609 802 654 relinqunt
836 616 984 654 propter
1018 608 1217 650 Christum,
1254 615 1409 653 possunt
1440 607 1681 641 mendicando
1720 608 1908 653 acquirere
1942 608 2076 641 victum
2112 619 2217 641 suum
2257 607 2337 641 sine

463 676 588 709 labore
622 688 805 714 manuum,
840 676 980 708 etiamsi
1016 676 1089 708 sint
1123 675 1233 708 validi
1261 686 1428 719 corpore,
1455 674 1608 707 maxime
1641 674 1703 719 qui
1735 674 1884 707 student
1916 674 2029 708 verbo
2056 675 2136 717 Dei,
2162 674 2335 720 legendo,

464 742 696 788 disputando,
723 742 957 787 predicando.
981 743 1069 774 Item
1091 741 1188 786 quod
1210 753 1263 782 ea,
1285 753 1355 786 que
1375 740 1656 774 continebantur
1676 740 1713 773 in
1733 739 1860 773 libello
1881 741 2045 786 predicto
2064 748 2100 774 et
2119 741 2336 787 quibusdam

463 809 625 843 articulis
645 821 663 842 a
685 809 858 853 magistro
879 808 1087 842 Christiano
1109 808 1246 853 prefato
1267 807 1456 848 confectis,
1480 819 1550 852 que
1571 806 1740 852 explicite
1760 806 1818 840 vel
1839 807 2013 852 implicite
2033 807 2250 841 videbantur
2271 820 2337 842 seu

464 882 630 921 poterant
654 876 689 907 in
716 875 961 920 predictorum
989 874 1156 907 ordinum
1184 874 1365 906 infamiam
1392 873 1611 914 redundare,
1638 873 1732 906 sicut
1757 873 1801 906 de
1823 873 2156 919 pseudoprophetis
2176 881 2212 908 et
2231 886 2338 920 apos-

463 942 547 975 tolis
572 948 607 974 et
632 941 676 974 de
702 941 840 973 nuntiis
868 940 1083 975 antichristi,
1111 940 1155 973 de
1182 939 1458 985 penetrantibus
1484 939 1613 972 domos
1639 945 1674 972 et
1698 939 1872 984 periculis
1893 940 2177 973 novissimorum
2197 945 2338 987 tempo·

463 1020 541 1042 rum
555 1009 578 1049 ³,
606 1019 679 1040 non
700 1007 910 1052 intelligunt
930 1019 997 1040 nec
1018 1006 1278 1039 intellexerunt
1299 1006 1342 1038 de
1363 1005 1536 1039 fratribus
1556 1005 1726 1038 ordinum
1753 1006 2014 1051 predictorum,
2036 1007 2135 1052 quod
2155 1007 2245 1041 tales
2265 1007 2337 1054 ipsi

463 1075 533 1107 sint
554 1074 612 1108 vel
632 1074 768 1106 fuerint
786 1073 844 1106 vel
864 1073 967 1106 etiam
991 1073 1065 1106 sint
1084 1073 1209 1113 futuri,
1232 1072 1298 1106 sed
1317 1073 1496 1105 fateantur
1521 1072 1671 1106 ordines
1697 1072 1799 1117 ipsos
1820 1084 1903 1106 esse
1923 1072 2042 1107 bonos
2062 1080 2098 1107 et
2117 1073 2160 1107 ab
2181 1074 2337 1108 ecclesia

461 1140 693 1187 approbatos,
726 1147 758 1173 et
789 1140 883 1173 inter
912 1146 1031 1172 cetera
1063 1146 1226 1172 asserant
1257 1146 1290 1172 et
1321 1139 1511 1180 affirment,
1543 1139 1642 1184 quod
1672 1140 1771 1172 Deus
1800 1138 1868 1172 hoc
1898 1139 2018 1185 ipsum
2053 1152 2118 1186 per
2148 1141 2337 1175 manifesta

460 1207 593 1241 indicia
627 1207 764 1240 nostris
803 1206 1030 1251 temporibus
1069 1205 1330 1251 comprobavit,
1372 1205 1548 1238 nonnulla
1586 1205 1771 1248 miracula,
1812 1206 1953 1240 scilicet
1986 1219 2056 1252 que
2091 1219 2156 1252 per
2190 1214 2336 1242 sanctos

460 1274 651 1318 utriusque
695 1273 836 1306 ordinis
880 1279 1085 1306 sanctorum
1131 1272 1321 1318 cathalogo
1362 1284 1427 1317 per
1465 1274 1660 1306 Romanam
1700 1272 1891 1306 ecclesiam
1930 1273 2117 1316 canonice,
2157 1273 2335 1320 legitime,

459 1341 617 1374 fideliter
645 1352 684 1373 ac
715 1340 782 1373 rite
812 1340 991 1385 ascriptos
1022 1346 1076 1372 est
1106 1339 1394 1372 misericorditer
1423 1339 1567 1384 operari
1594 1339 1777 1384 dignatus.
1807 1340 1848 1372 In
1875 1340 1980 1385 cujus
2006 1340 2060 1373 rei
2086 1340 2335 1375 testimonium

460 1419 528 1454 ego
564 1407 723 1452 prefatus
759 1407 981 1447 Bernardus,
1016 1406 1216 1451 apostolice
1251 1406 1351 1439 sedis
1388 1406 1600 1439 auctoritate
1639 1406 1816 1448 notarius,
1855 1406 1916 1452 qui
1955 1407 2146 1452 premissis
2185 1414 2336 1453 rogatus

459 1474 621 1515 interfui,
656 1474 700 1507 de
736 1474 902 1506 mandato
938 1473 1117 1506 dictorum
1153 1473 1383 1506 dominorum
1419 1473 1656 1506 cardinalium
1691 1473 1759 1506 hoc
1790 1485 1943 1518 presens
1978 1473 2163 1519 publicum
2199 1475 2336 1508 instru-

460 1548 620 1574 mentum
642 1541 787 1586 propria
809 1552 914 1573 manu
937 1539 1068 1585 scripsi
1088 1552 1127 1573 ac
1149 1540 1186 1572 in
1208 1539 1388 1585 publicam
1410 1540 1561 1573 formam
1582 1539 1710 1585 redegi
1731 1546 1767 1573 et
1786 1540 1932 1585 signum
1953 1552 2071 1573 meum
2094 1541 2262 1587 apposui.

552 1639 650 1662 Charta
664 1638 759 1662 litteris
783 1637 922 1661 Alexandri
938 1638 971 1661 lv
986 1637 1011 1669 vj
1027 1646 1087 1661 non.
1104 1638 1226 1662 Octobris
1251 1646 1319 1661 anno
1334 1636 1412 1661 tertio
1427 1638 1497 1661 infra
1519 1642 1548 1661 n⁰
1563 1639 1608 1661 320
1629 1637 1728 1676 inserta
1748 1636 1775 1661 in
1795 1638 1871 1661 Arch.
1887 1641 1942 1662 nat.
1963 1637 2049 1662 Paris.
2068 1638 2096 1662 L.
2117 1639 2171 1667 251,
2187 1643 2217 1662 11⁰
2235 1638 2289 1663 156.
2303 1651 2337 1658 ·-—

459 1683 522 1707 cod.
538 1684 678 1707 Rutenens.
698 1683 837 1706 Constitut.
852 1682 915 1706 Ord.
932 1683 1026 1706 Praed.
1041 1683 1075 1706 ad
1090 1682 1154 1706 Ord.
1169 1682 1314 1714 pertinens,
1330 1691 1356 1714 p.
1370 1683 1434 1706 25612
1449 1683 1495 1712 (ihi
1514 1684 1628 1706 refertur
1641 1690 1782 1714 perperam
1797 1682 1830 1706 ad
1850 1683 1880 1706 24
1900 1681 2011 1714 Octob.).
2034 1697 2061 1701 —
2076 1683 2201 1712 Bulaeus,
2217 1683 2263 1713 111,
2278 1683 2334 1710 815.

553 1769 575 1792 1.
592 1769 654 1800 Ejus
678 1776 757 1800 super
772 1768 839 1791 hanc
859 1777 914 1791 rem
933 1767 1043 1791 Parisiis
1063 1767 1220 1791 sententiam
1240 1768 1372 1799 prolatam
1394 1767 1455 1791 vide
1474 1766 1544 1791 infra
1566 1771 1596 1791 n⁰
1619 1768 1673 1791 317.
1690 1781 1721 1785 —
1738 1768 1759 1791 2.
1779 1767 1816 1791 Ea
1830 1773 1882 1791 vox
1905 1775 1956 1791 non
1976 1767 2010 1791 ab
2026 1767 2084 1799 ipso
2099 1775 2170 1799 papa
2185 1767 2335 1793 adhibetur.

457 1827 489 1832 —
501 1815 523 1837 3.
542 1814 607 1837 Vide
619 1817 648 1836 n⁰
663 1813 707 1837 317
723 1813 867 1836 Christiani
882 1813 1095 1836 declarationem.

460 1962 572 1999 294.
605 1970 772 1997 Alexander
791 1972 835 1997 IV
853 1972 1041 1997 Tur-anensem
1063 1974 1091 1996 et
1116 1970 1239 1996 Odonem
1266 1971 1502 2005 Rotomagensem
1526 1970 1759 2007 archiepiscopos
1783 1979 1819 1996 ac
1842 1970 2035 2005 Reginaldum
2061 1971 2225 2007 episcopum
2247 1971 2336 1997 Pari·

547 2020 670 2046 siensem
686 2023 779 2046 monet
792 2023 823 2045 ut
838 2020 866 2045 in
881 2019 1023 2054 fratribus
1037 2019 1295 2045 praedicatoribus
1311 2023 1339 2045 et
1353 2019 1512 2046 Minoribus
1527 2019 1718 2054 defendendis
1734 2023 1823 2045 totam
1838 2028 1936 2045 curam
1952 2019 2112 2047 intendant.

1630 2109 1703 2138 1256,
1721 2107 1838 2135 Octobr-1¹2
1851 2109 1897 2139 30,
1913 2108 2047 2141 Anagniae.

549 2191 755 2225 Alexander
785 2191 982 2236 episcopus
1010 2202 1139 2223 servus
1170 2202 1358 2224 servorum
1390 2191 1455 2224 Dei
1486 2191 1759 2225 venerabilibus
1788 2192 1962 2225 fratribus
1990 2218 2012 2225 ..
2041 2192 2285 2235 Turonensi¹,
2310 2217 2334 2227 ..

460 2267 744 2313 Rothomagensi
774 2266 1060 2310 archiepiscopis
1090 2262 1126 2298 et
1156 2291 1178 2298 ..
1210 2266 1383 2311 episcopo
1414 2267 1611 2300 Parisiensi
1643 2267 1794 2301 salutem
1827 2275 1862 2301 et
1891 2268 2126 2313 apostolicam
2161 2267 2336 2302 benedic-

458 2335 606 2368 tionem.
636 2335 716 2366 Non
741 2332 821 2366 sine
849 2332 960 2365 multa
987 2332 1109 2365 cordis
1135 2332 1374 2366 amaritudine
1400 2333 1582 2379 animique
1607 2333 1813 2367 turbatione
1839 2334 2057 2377 audivimus,
2079 2339 2144 2369 etc.
2166 2339 2334 2380 utsupra

460 2406 496 2434 n⁰
511 2403 589 2442 290,
611 2411 715 2446 usque
733 2399 1010 2444 amplexando²3
1033 2405 1183 2444 propter
1203 2399 1302 2444 quod
1323 2400 1512 2433 evidenter
1528 2407 1677 2446 apparet
1693 2413 1756 2434 eos
1772 2401 1809 2434 in
1829 2408 1923 2435 statu
1943 2413 2017 2434 non
2038 2400 2157 2434 solum
2177 2400 2334 2435 existere

459 2467 727 2508 salvandorum,
756 2472 811 2499 set
838 2477 902 2511 per
930 2477 995 2498 sue
1023 2465 1216 2511 religionis
1243 2465 1511 2500 observantiam
1545 2467 1755 2513 evangelice
1783 2467 2020 2513 perfectionis
2047 2474 2170 2501 eterna
2196 2465 2335 2512 premia

460 2534 679 2579 promereri·,
707 2545 786 2566 cum
814 2532 918 2565 etiam
946 2532 990 2564 de
1016 2531 1162 2565 licentia
1186 2532 1244 2566 vel
1265 2533 1524 2567 commissione
1549 2541 1610 2567 aut
1629 2534 1870 2567 concessione
1892 2534 2042 2567 Romani
2062 2533 2247 2579 pontificis
2267 2543 2334 2567 seu

459 2601 661 2646 legatorum
687 2600 766 2644 ejus
791 2599 848 2632 vel
874 2598 1142 2632 ordinariorum
1169 2598 1333 2632 locorum
1358 2599 1457 2633 licite
1478 2600 1623 2645 possint
1642 2600 1831 2646 predicare
1852 2599 1999 2646 populis
2019 2606 2056 2634 et
2078 2598 2334 2634 confessiones

459 2666 584 2700 audire
614 2678 652 2698 ac
684 2665 906 2710 penitencias
936 2665 1130 2710 injungere
1161 2665 1338 2699 salutares
1367 2678 1374 2699 z
1400 2666 1570 2700 volumus
1601 2673 1636 2701 et
1664 2667 1890 2712 presentium
1919 2666 2025 2700 vobis
2054 2665 2266 2700 auctoritate
2294 2665 2334 2700 in

459 2733 591 2767 virtute
613 2731 826 2764 obediencie
848 2731 1012 2764 districte
1033 2731 1270 2777 precipiendo
1296 2732 1507 2767 mandamus
1536 2733 1706 2778 quatinus
1727 2745 1855 2767 omnes
1876 2732 2085 2779 magistros,
2107 2732 2278 2766 doctores
2298 2738 2335 2766 et

460 2799 565 2840 alios,
594 2798 655 2844 qui
683 2798 759 2830 sive
785 2797 822 2830 in
850 2796 974 2838 scolis,
1004 2797 1081 2830 sive
1108 2797 1146 2830 in
1174 2798 1485 2843 predicationibus
1513 2811 1579 2833 seu
1598 2799 1684 2833 alibi
1711 2799 1890 2845 premissa
1915 2799 2038 2833 dicere
2063 2804 2332 2844 attemptarunt,

461 2878 504 2899 ex
530 2871 629 2911 parte
660 2870 782 2897 nostra
812 2874 960 2895 monere
987 2863 1136 2905 curetis,
1165 2871 1203 2897 ut
1230 2865 1322 2898 infra
1349 2872 1486 2899 certum
1514 2866 1708 2899 terminum
1733 2878 1752 2899 a
1778 2865 1883 2900 vobis
1910 2865 2164 2912 prefigendum
2193 2864 2333 2899 eisdem

462 2932 595 2966 dictum
618 2942 722 2964 suum
744 2930 781 2962 in
801 2929 872 2962 hiis
893 2928 1038 2974 publice
1060 2937 1233 2964 revocent
1257 2931 1348 2965 male
1369 2944 1408 2966 se
1430 2932 1568 2966 dixisse
1588 2933 1756 2975 fatenteS,
1777 2931 1911 2978 illaque
1939 2932 2167 2966 detestentur
2186 2931 2332 2977 penitus
