2580 3528
462 380 524 412 152
1042 389 1364 414 CHARTULABIUM
1400 390 1591 412 UNtVERS.
1628 391 1758 412 rmus.
2242 382 2342 422 [1233

458 463 679 508 competenti
707 463 823 508 pretio
851 463 1003 495 taxando
1025 475 1042 495 a
1065 462 1210 495 duobus
1238 463 1383 496 clericis
1409 469 1444 496 et
1470 463 1619 496 totidem
1651 463 1753 497 laicis
1782 464 1871 497 viris
1898 464 2068 498 discretis
2093 464 2281 498 catholicis
2308 471 2344 498 et

454 530 586 574 juratis
621 530 864 562 communiter
898 529 1025 562 electis
1060 542 1078 562 a
1112 529 1218 563 vobis
1258 529 1378 563 locare
1418 537 1607 575 cogantur,
1645 537 1680 563 et
1714 537 1752 564 ut
1786 531 1946 564 scolares
1986 531 2171 577 theologie
2209 531 2342 565 studiis

459 597 672 630 insistentes
698 609 737 629 ac
763 596 925 629 universi
957 596 1119 641 magistri
1149 596 1185 628 in
1211 597 1354 630 civitate
1382 603 1649 630 commorantes
1678 598 1812 642 prefata
1841 597 2104 631 beneficiorum
2125 604 2161 631 et
2185 597 2342 643 preben-

460 664 584 696 darum
607 651 973 708 suarum'proventus
1001 675 1040 695 ac
1062 663 1093 695 si
1115 663 1151 695 in
1174 663 1341 695 ecclesiis
1366 663 1403 695 in
1425 662 1558 707 quibus
1585 663 1710 696 eadem
1733 664 1899 708 optinent
1919 664 2125 698 residerent
2149 665 2342 698 cotidianis

460 729 797 770 distributionibus,
833 741 903 774 que
938 729 1011 762 illis
1047 729 1107 774 qui
1144 729 1278 762 divinis
1313 729 1497 762 intersunt
1531 729 1660 762 ossiciis
1694 730 1929 775 assignantur
1963 730 2145 764 dumtaxat
2180 731 2342 777 exceptis

459 796 708 829 concedantur
746 796 889 840 integre
932 802 1144 828 statuentes.
1183 796 1372 828 Sancimus
1407 802 1572 840 preterea
1612 796 1711 841 quod
1744 796 1836 829 nulli
1870 797 2052 842 magistri,
2089 797 2250 831 scolares
2284 798 2342 831 vel

460 863 583 895 elerici
610 875 649 895 ae
672 863 875 895 servientes
897 874 1036 903 eorum,
1060 862 1104 903 si,
1128 862 1225 906 quod
1252 861 1358 903 absit,
1381 862 1579 907 contigerit
1603 874 1667 895 eos
1693 863 1730 895 in
1755 875 1986 908 quocumque
2008 863 2186 897 maleficio
2212 864 2343 910 depre-

461 929 586 970 hendi,
622 929 666 961 ab
701 929 822 973 aliquo
858 928 950 961 laico
980 928 1194 972 judicentur
1228 928 1285 961 vel
1321 928 1425 961 etiam
1463 929 1671 973 puniantur,
1707 929 1778 962 nisi
1812 930 1965 962 forsitan
2002 930 2143 974 judicio
2187 930 2343 964 ecclesie

460 995 716 1040 condempnati
748 995 902 1027 seculari
935 995 1035 1027 curie
1066 994 1336 1039 relinquantur3
1368 1001 1401 1027 et
1423 1001 1462 1028 ut
1488 995 1569 1028 laici
1597 1002 1790 1028 teneantur
1817 996 1853 1028 in
1879 1008 1986 1029 causa
2009 996 2171 1041 qualibet
2194 996 2345 1030 studen-

461 1062 558 1095 tibus
585 1074 703 1094 coram
731 1061 979 1094 ecclesiastico
1003 1061 1129 1106 judice
1156 1061 1382 1107 respondere
1403 1062 1605 1094 secundum
1633 1062 1937 1095 consuetudinem
1966 1062 2120 1096 ecclesie
2142 1063 2343 1106 Gallicane,

461 1141 528 1161 nec
559 1140 631 1161 non
663 1135 698 1160 et
723 1135 759 1160 ut
791 1139 914 1160 comes
943 1128 1154 1172 jamdictus,
1177 1128 1276 1161 cives
1298 1128 1483 1170 Tolosani,
1507 1128 1616 1162 balivi
1643 1129 1808 1173 ejusdem
1832 1129 1976 1162 comitis
2001 1135 2036 1162 et
2060 1129 2217 1163 barones
2247 1136 2344 1163 terre

463 1195 632 1240 personis
658 1201 693 1227 et
720 1194 831 1227 rebus
858 1194 1052 1227 scolarium
1079 1207 1118 1227 ac
1145 1195 1250 1227 etiam
1278 1195 1416 1228 nuntiis
1442 1195 1654 1228 eorumdem
1683 1196 1914 1228 securitatem
1936 1202 1971 1228 et
1991 1196 2252 1229 immunitatem
2275 1195 2344 1230 sub

455 1261 696 1306 jurejurando
726 1261 937 1306 promittere
965 1261 1231 1306 compellantur
1259 1268 1294 1294 et
1320 1274 1338 1294 a
1366 1262 1444 1294 suis
1471 1261 1629 1295 subditis
1655 1262 1733 1294 fieri
1759 1262 1891 1296 saciant
1916 1261 2007 1295 illud
2032 1262 2141 1295 idem.
2166 1264 2210 1296 Et
2229 1263 2261 1296 si
2282 1263 2344 1309 qui

462 1341 525 1361 eos
553 1328 610 1361 vel
640 1340 766 1361 eorum
798 1328 946 1361 nuntios
977 1328 1013 1360 in
1044 1328 1151 1361 terris
1181 1328 1345 1373 ipsorum
1374 1328 1527 1374 pecunia
1557 1328 1615 1362 vel
1644 1328 1756 1362 rebus
1785 1328 1866 1361 aliis
1899 1328 2149 1374 spoliaverint,
2186 1329 2257 1375 ipsi
2286 1329 2345 1364 vel

463 1395 650 1428 emendari
677 1395 805 1427 faciant
833 1394 891 1428 vel
919 1395 1127 1427 emendent.
1158 1396 1201 1428 Et.
1228 1401 1267 1427 ut
1293 1395 1513 1440 quicumque
1542 1395 1716 1440 magister
1742 1394 1792 1428 ibi
1820 1396 2044 1429 examinatus
2070 1402 2105 1429 et
2124 1396 2346 1441 approbatus

463 1462 573 1494 suerit
598 1462 634 1494 in
659 1461 821 1506 qualibet
847 1461 1027 1502 facultate,
1051 1461 1187 1506 ubique
1215 1462 1294 1495 sine
1322 1461 1390 1494 alia
1420 1462 1684 1495 examinatione
1713 1462 1866 1507 regendi
1891 1461 2043 1495 liberam
2069 1462 2198 1496 habeat
2222 1469 2346 1508 potes-

465 1535 584 1561 tatem.
614 1528 669 1560 Ad
698 1528 766 1560 hoc
794 1540 874 1560 cum
908 1529 1093 1573 sepefatus
1119 1540 1242 1561 comcs
1271 1529 1307 1560 in
1335 1529 1592 1561 reformatione
1624 1529 1722 1574 pacis
1753 1540 1792 1562 se
1822 1528 2040 1574 obligaverit
2069 1529 2220 1574 prestito
2245 1531 2347 1575 jura-

465 1602 600 1636 mento,
629 1602 666 1628 ut
694 1602 831 1627 certum
861 1595 1030 1628 salarium
1054 1607 1170 1640 usque
1198 1595 1241 1628 ad
1267 1601 1406 1628 certum
1429 1602 1571 1641 tempus
1600 1602 1699 1628 certo
1733 1607 1885 1628 numero
1910 1595 2168 1641 magistrorum
2190 1596 2345 1637 exolvat,

465 1662 656 1695 statuimus
680 1668 714 1694 ut
742 1661 832 1694 illud
860 1662 938 1694 sine
966 1662 1207 1694 diminutione
1236 1661 1398 1707 qualibet
1418 1662 1600 1707 persolvat
1622 1674 1738 1707 usque
1764 1662 1808 1695 ad
1834 1662 2028 1695 terminum
2054 1663 2292 1696 constitutum
2312 1670 2349 1697 et

466 1729 626 1774 plenarie
643 1729 838 1761 satistaeiat
854 1729 898 1761 de
920 1728 1127 1762 subtractis.
1151 1729 1248 1761 Nulli
1270 1741 1372 1774 ergo,
1394 1734 1473 1770 etc„
1497 1736 1621 1762 nostre
1642 1729 1896 1762 concessionis
1917 1735 1952 1762 et
1973 1729 2259 1772 constitutionis,
2280 1736 2345 1765 etc.

466 1796 500 1829 Si
523 1796 605 1840 quis
627 1802 759 1836 autem,
780 1801 844 1829 etc.
868 1796 946 1828 Dat.
970 1796 1135 1828 Laterani
1156 1808 1177 1829 v
1199 1795 1267 1828 kal.
1290 1796 1389 1837 Maii,
1411 1808 1505 1829 anno
1527 1796 1695 1841 septimo.

559 1895 620 1925 ch.
638 1894 694 1917 Vnt.
708 1894 829 1925 Gregorii
846 1894 878 1916 lX
894 1902 935 1916 un.
956 1903 975 1921 s,
993 1902 1033 1925 ep.
1052 1895 1089 1922 72,
1107 1894 1151 1917 fol.
1172 1894 1219 1917 15¹».
1238 1908 1269 1911 —
1286 1894 1409 1922 BulacuS,
1429 1894 1475 1922 111,
1492 1894 1546 1922 149,
1562 1894 1607 1917 ubi
1626 1894 1694 1917 sicut
1709 1895 1780 1926 apud
1798 1894 1864 1917 nlius
1880 1898 2000 1918 auctores
2016 1894 2065 1918 hue
2080 1894 2183 1918 litterae
2201 1895 2235 1918 ad
2250 1894 2278 1927 iij
2294 1895 2349 1927 kal,

465 1938 525 1961 Maii
546 1940 704 1961 reseruntur.
723 1939 750 1961 In
769 1938 842 1962 Ilist.
860 1940 893 1962 det
912 1939 1090 1968 Lanquecloc,
1108 1939 1147 1961 ed.
1170 1938 1268 1966 Privat,
1286 1939 1341 1966 Vll,
1362 1939 1416 1966 434,
1434 1938 1548 1962 directae
1568 1942 1629 1962 sunt
1648 1939 1681 1962 ud
1701 1938 1931 1970 archiepiscopum
1950 1939 2147 1962 Narbonensem
2165 1942 2190 1962 et
2209 1939 2349 1971 episcopos

465 1983 625 2006 Tolosanum
640 1986 665 2005 et
683 1983 929 2010 Curcassonensem,
946 1983 980 2005 iv.
1001 1983 1052 2006 kal.
1069 1983 1139 2006 Maii.
1157 1983 1232 2006 Circa
1249 1982 1318 2006 idem
1337 1986 1524 2014 argumentum
1539 1983 1683 2014 Gregorius
1698 1991 1770 2014 papa
1785 1983 1802 2015 ij
1819 1983 1870 2006 kal.
1888 1983 1949 2007 Maii
1965 1983 2073 2015 scripsit
2092 1983 2239 2007 Raimundo
2259 1984 2349 2008 comiti

465 2028 604 2051 Tolosano.
622 2028 660 2050 Cf.
681 2027 820 2058 D'Achcryy
838 2027 1039 2057 Spicil.(1³u1·is.
1057 2028 1136 2056 1723),
1152 2028 1197 2055 Ill,
1209 2028 1268 2055 605;
1286 2027 1408 2055 Bulaeus,
1426 2028 1471 2055 111,
1489 2028 1542 2051 150.

472 2181 579 2218 100.
606 2200 616 2215 (ι
634 2191 822 2216 Procuration
839 2190 874 2215 de
894 2189 1077 2216 ll‘niversite'
1094 2199 1170 2226 pour
1181 2190 1351 2226 poursuivre
1371 2199 1407 2215 un
1420 2191 1523 2226 proces
1543 2189 1646 2225 qu'elle
1661 2190 1738 2216 auoit
1757 2190 1775 2216 ὰ
1796 2189 1949 2216 Ιέιιεοηίι·ε
1965 2190 2016 2216 des
2037 2190 2180 2226 religieux
2198 2191 2234 2218 de
2250 2192 2350 2218 Saint-

560 2239 680 2265 Tlmmas
695 2239 734 2264 da
750 2240 856 2265 Lourre
871 2238 975 2265 deuant
991 2239 1032 2265 les
1041 2240 1127 2275 juges
1143 2238 1278 2274 de'le'gue's
1290 2248 1348 2275 par
1368 2247 1401 2264 sa
1420 2239 1557 2273 Saintete',
1580 2248 1614 2265 en
1629 2238 1699 2265 date
1720 2238 1755 2265 de
1775 2238 1835 2265 l’an
1855 2240 1934 2274 1233,
1953 2239 1983 2265 la
2004 2239 2084 2266 veille
2104 2240 2139 2266 de
2158 2241 2238 2266 saint
2254 2241 2350 2267 Simon

557 2292 584 2314 el
599 2289 678 2314 saint
693 2288 774 2314 Iade.
795 2300 804 2312 n

1622 2338 1699 2367 1233.
1718 2337 1836 2364 Octobris
1848 2338 1893 2368 27.
1909 2337 1928 2372 [
1929 2338 2037 2364 Parisiis
2037 2337 2062 2372 J.

562 2413 637 2435 ,λη-11.
652 2412 774 2436 [nivers.
785 2412 867 2435 Puris.
882 2412 1003 2443 Reyistr.
1017 2412 1176 2440 Universie..
1193 2416 1229 2435 ¹1⁰⁶
1239 2413 1268 2435 97
1280 2415 1306 2435 et
1316 2414 1345 2435 98
1359 2412 1518 2442 (Inventaire
1533 2413 1578 2436 des
1595 2412 1701 2436 enciens
1716 2413 1790 2436 titres
1807 2412 1851 2444 qui
1868 2415 1927 2436 sont
1942 2413 2008 2435 dans
2022 2413 2060 2436 les
2077 2413 2202 2437 Archives
2217 2413 2249 2437 de
2263 2413 2351 2438 l'Uni-

469 2457 582 2486 vei-site).
600 2457 627 2480 B.
649 2459 671 2480 a.
698 2457 722 2480 b.
749 2457 939 2480 Documentum
959 2457 1047 2488 ipsum
1060 2457 1115 2488 jam
1140 2457 1343 2480 desiderabatur
1362 2460 1480 2489 tempore
1506 2466 1557 2489 quo
1578 2457 1640 2488 Reg.
1664 2458 1694 2480 98
1714 2459 1862 2480 consectum
1884 2460 1932 2485 est,
1959 2457 1986 2480 in
2009 2457 2129 2488 margine
2153 2457 2223 2481 enim
2242 2461 2350 2482 notatur

470 2511 480 2524 ι(
497 2502 570 2524 deest
586 2511 606 2524 υ,
625 2516 654 2518 -
669 2501 808 2530 som-siaiu,
822 2506 851 2524 11⁰
865 2503 904 2524 liti.

476 2666 583 2703 101.
611 2677 760 2711 Gregorius
785 2678 830 2702 IX
850 2677 998 2703 Guillelmo
1023 2678 1156 2713 episcopo
1180 2677 1343 2704 Parisiensi
1363 2677 1545 2714 privilegium
1568 2678 1684 2715 abipso
1710 2677 1895 2704 Universitati
1923 2677 2083 2704 Tolosanae
2103 2686 2266 2704 concessum
2295 2687 2351 2705 non

561 2724 701 2760 derogare
715 2726 835 2751 statutis
851 2726 1028 2752 Parisiensis
1049 2726 1248 2752 Universitatis
1262 2726 1421 2761 significat.

1699 2776 1774 2805 1234,
1789 2775 1881 2808 Aprilis
1895 2776 1921 2806 3,
1937 2776 2064 2802 Laterani.

566 2849 796 2894 ..Episcopo
836 2849 1045 2882 Parisiensi.
1087 2850 1188 2882 Licet
1225 2849 1310 2882 olim
1344 2849 1572 2883 universitati
1607 2850 1864 2895 magistrorum
1905 2856 1940 2883 et
1978 2850 2172 2884 scolarium
2215 2851 2350 2885 Tolose

475 2915 697 2949 studentium
725 2916 936 2949 duxerimus
964 2916 1244 2962 indulgendum,
1276 2923 1314 2949 ut
1343 2916 1562 2961 quicumque
1594 2917 1766 2962 magister
1791 2916 1927 2949 ibidem
1958 2917 2132 2962 probatus
2157 2924 2192 2951 et
2219 2918 2353 2952 exami-

2569 2192 2580 2440 ’.ιι-ΗΜ-.
2572 1898 2580 2184 ..summu-n..-
2572 1838 2580 1890 Α..
2576 1812 2580 1833 ,...
