2580 3528
225 406 322 450 1265]
574 418 622 440 AB
655 417 762 440 Anno
795 416 874 440 ucc
906 416 1039 446 usquc
1073 417 1123 440 im
1157 417 1388 440 Pnlmrrtm
1422 418 1463 441 lv
1497 418 1585 441 nno.
1622 420 1761 442 ruine.
2034 413 2100 446 445

223 499 394 527 statutum
418 499 460 526 ut
482 491 648 539 magistri
672 498 864 538 postquam
888 491 1064 526 licentiati
1087 491 1224 525 fuerint
1248 492 1286 525 in
1312 491 1524 537 hujusmodi
1544 492 1726 535 facultate,
1747 500 1937 539 antequam
1959 495 1996 528 in
2021 496 2099 541 ipsa

222 571 353 606 regere
375 559 563 606 incipiant,
589 565 755 605 prestent
778 558 1018 605 corporaliter
1039 559 1286 604 juramentum
1314 558 1359 592 de
1386 558 1615 605 perhibendo
1646 559 1754 593 fidele
1780 561 2028 594 testimonium
2055 562 2099 595 de

221 625 438 660 bachalariis
457 626 495 660 in
514 625 683 660 facultate
703 625 936 660 licentiandis
956 626 1096 660 eadem.
1116 626 1209 660 Sane
1228 625 1362 660 dilecto
1383 625 1459 660 filio
1480 626 1656 672 magistro
1678 626 1861 672 Stephano
1883 627 2100 662 cancellario

221 693 434 735 Parisiensi,
458 698 523 728 etc.
550 693 644 728 sicut
666 704 777 739 supra
802 697 841 726 n⁰
860 693 940 735 396,
960 693 1111 728 mutatis
1134 692 1328 727 mutandis.
1350 693 1395 727 In
1400 693 1480 739 fine
1497 692 1677 727 additur:
1699 693 1860 739 Ideoque
1886 693 2099 728 discretioni

221 766 282 794 tue
308 759 522 794 mandamus
552 760 724 806 quatinus
759 760 938 806 prefatum
964 759 1219 794 cancellarium
1247 766 1288 794 ut
1310 761 1413 806 juxta
1439 760 1536 794 idem
1566 766 1738 794 statutum
1767 760 1903 794 dictum
1933 760 2100 795 exhibeat

215 828 464 876 juramentum
491 827 693 861 monitione
722 827 903 873 premissa
931 839 998 873 per
1025 839 1218 861 censuram
1248 827 1532 861 ecclesiasticam
1562 827 1806 874 appellatione
1836 834 1973 862 remota
2002 840 2101 862 com-

220 893 350 941 pellas,
384 906 459 928 non
492 893 673 936 obstante,
704 894 735 928 si
762 894 796 928 ei
823 906 842 928 a
870 894 1034 940 predicta
1062 894 1111 928 sit
1138 894 1227 928 sede
1257 894 1451 936 indultum,
1480 894 1579 940 quod
1612 894 1796 937 interdici,
1831 895 2010 941 suspendi
2043 895 2100 929 vel

221 961 540 1003 excommunicari,
560 966 626 996 etc.
647 962 726 995 Dat.
749 961 845 1007 apud
865 960 1002 996 Urbem
1022 962 1192 996 Veterem
1213 973 1259 995 xv
1279 961 1349 995 kal.
1371 961 1543 1008 Augusti,
1565 973 1661 995 anno
1682 961 1802 995 tertio.

315 1059 379 1092 λος.
395 1059 453 1084 Vnt.
469 1059 572 1084 Urbani
586 1060 620 1084 lv
634 1067 677 1084 an.
693 1060 708 1084 3
722 1059 762 1092 (11⁰
774 1061 823 1091 29),
839 1068 881 1092 ep.
897 1061 943 1084 825
957 1060 1046 1092 (1004),
1063 1060 1107 1084 fol.
1124 1061 1178 1084 202.

218 1258 333 1297 405.
357 1267 454 1295 Simon
481 1267 661 1304 apostolicae
685 1267 765 1294 sedis
789 1266 903 1302 legatus
930 1270 1027 1293 notum
1050 1267 1125 1302 facit
1147 1275 1179 1294 se
1205 1266 1310 1294 vidisse
1334 1267 1448 1294 litteras
1475 1267 1592 1294 Roberti
1617 1269 1644 1294 S.
1668 1267 1810 1304 Stephani
1830 1268 1859 1294 in
1883 1268 1979 1295 Caelio
2004 1270 2101 1296 Monte

304 1317 400 1354 presb.
417 1316 589 1344 cardinalis.

1446 1363 1525 1396 1265
1535 1365 1623 1392 Martii
1633 1366 1678 1396 23.
1694 1366 1813 1393 Pari-sik.

309 1441 443 1487 Symon
471 1440 707 1474 miseratione
737 1439 860 1474 divina
893 1440 947 1473 tit.
980 1440 1108 1474 Sancte
1136 1439 1273 1474 Cecilie
1303 1439 1496 1486 presbyter
1533 1441 1728 1474 cardinalis
1765 1441 1966 1487 apostolice
2001 1442 2101 1476 sedis

217 1507 362 1555 legatus
386 1507 571 1542 universis
595 1513 788 1553 presentes
811 1506 952 1540 litteras
977 1506 1199 1552 inspecturis
1227 1506 1380 1540 salutem
1403 1513 1439 1540 et
1458 1507 1638 1541 sinceram
1659 1507 1697 1540 in
1716 1508 1874 1542 Domino
1901 1509 2114 1543 caritatem.¹

217 1575 369 1609 Noverit
388 1574 608 1609 universitas
627 1581 749 1609 vestra
771 1574 870 1620 quod
890 1585 959 1607 nos
979 1573 1226 1620 personaliter
1244 1574 1462 1608 accedentes
1482 1574 1526 1608 ad
1547 1574 1739 1608 ecclesiam
1761 1575 1884 1609 Sancti
1904 1575 2102 1610 Mathurini

218 1642 438 1676 Parisiensis
467 1641 703 1688 presentibus
727 1640 953 1675 rectoribus¹
976 1647 1013 1674 et
1031 1641 1332 1687 procuratoribus
1352 1641 1601 1675 universitatis
1623 1641 1820 1675 scolarium
1846 1642 2044 1677 Parisiens.
2067 1650 2103 1677 et

218 1708 388 1755 pluribus
407 1708 502 1751 aliis,
523 1708 689 1754 ipsisque
709 1707 971 1755 rectoribuset
990 1707 1290 1754 procuratoribus
1309 1707 1520 1742 volentibus
1540 1720 1580 1742 ac
1601 1708 1722 1743 claves
1750 1709 1991 1755 prebentibus
2011 1721 2101 1756 quas

217 1775 412 1819 habebant,
428 1775 571 1810 archam
596 1775 634 1809 in
654 1787 724 1821 qua
744 1782 937 1810 servantur
956 1775 1076 1809 littere
1094 1781 1130 1809 et
1148 1775 1341 1822 privilegia
1361 1775 1619 1810 Universitatis
1639 1776 1757 1822 ipsius
1778 1777 1932 1810 fecimus
1952 1777 2100 1822 aperiri,

218 1842 256 1876 in
275 1854 346 1889 qua
365 1842 462 1876 inter
476 1849 596 1876 cetera
615 1842 823 1876 invenimus
843 1849 880 1876 et
897 1842 1058 1876 vidimus
1073 1849 1109 1876 et
1124 1842 1322 1889 diligenter
1337 1843 1564 1889 inspeximus
1581 1843 1755 1888 quasdam
1775 1843 1915 1877 litteras
1934 1850 2101 1890 patentes

217 1909 396 1956 sigillatas
416 1909 540 1956 sigillo
561 1909 744 1956 pendente
772 1909 964 1944 reverendi
992 1909 1105 1955 patris
1134 1909 1317 1955 quondam
1339 1911 1380 1943 R.
1403 1909 1638 1943 miseratione
1659 1910 1781 1944 divina
1802 1910 1856 1944 tit.
1880 1911 2000 1944 Sancti
2022 1911 2106 1949 Ste-=

218 1975 328 2023 phani
353 1976 392 2010 in
418 1976 522 2011 Celio
551 1978 676 2011 Monte
705 1976 911 2023 presbyteri
938 1976 1036 2011 card.
1066 1976 1267 2022 apostolice
1292 1977 1393 2010 sedis
1418 1977 1542 2023 legati,
1569 1983 1609 2011 ut
1633 1977 1747 2023 prima
1775 1978 1865 2011 facie
1890 1977 2098 2024 apparebat,

218 2054 326 2077 sanas
351 2049 389 2077 et
410 2043 587 2090 integras,
612 2055 687 2077 non
714 2043 930 2078 cancellatas
958 2055 1025 2078 nec
1049 2043 1217 2086 abolitas,
1245 2055 1396 2090 quarum
1425 2051 1532 2078 tenor
1556 2043 1638 2078 talis
1659 2051 1740 2078 est:
1765 2045 1805 2077 R.
1828 2056 1958 2078 servus
1979 2045 2099 2078 crucis

219 2108 369 2152 Christi,
403 2115 468 2145 etc.
498 2115 538 2145 ut
565 2122 676 2157 supra
701 2115 738 2144 n⁰
763 2111 818 2154 20,
847 2122 952 2157 usque
982 2111 1018 2146 in
1036 2111 1162 2157 finem.
1194 2110 1331 2146 Deinde
1351 2123 1362 2145 :
1387 2112 1430 2144 In
1459 2123 1614 2157 quorum
1648 2111 1896 2145 testimonium
1927 2118 1962 2145 et
1990 2111 2099 2145 fidem

221 2176 488 2222 imperpetuum
530 2177 735 2211 faciendum
775 2184 967 2223 presentes
1004 2177 1144 2211 litteras
1184 2189 1250 2223 per
1286 2178 1560 2224 infrascriptum
1595 2178 1775 2211 notarium
1815 2185 2000 2220 nostrum,
2036 2179 2098 2224 qui

219 2241 390 2276 omnibus
416 2243 591 2289 predictis
620 2243 797 2286 interfuit,
819 2243 899 2278 fieri
926 2244 1080 2278 fecimus
1105 2250 1141 2278 et
1164 2244 1201 2277 in
1228 2243 1410 2290 publicam
1440 2244 1590 2278 sormam
1622 2244 1740 2290 redigi
1767 2256 1806 2277 ac
1837 2244 1953 2278 nostri
1984 2244 2098 2290 sigilli

219 2310 419 2344 munimine
449 2309 627 2344 roborari.
658 2311 736 2344 Dat.
768 2310 930 2345 Parisius
954 2323 976 2344 x
1001 2311 1071 2344 kal.
1099 2310 1253 2357 Aprilis,
1278 2310 1511 2357 pontificatus
1537 2311 1674 2344 domini
1701 2311 1902 2346 Clementis
1928 2323 2019 2357 pape
2045 2311 2096 2357 iiij

218 2388 314 2411 anno
334 2377 464 2423 primo.

309 2445 388 2490 Ego
407 2443 623 2478 Anzelerius
643 2444 689 2478 de
709 2443 946 2478 Madelbertis
971 2444 1016 2478 de
1037 2444 1217 2479 Cremona
1238 2443 1282 2478 ab
1307 2444 1526 2490 imperatore
1548 2444 1711 2478 notarius
1739 2444 1913 2490 predictis
1946 2444 2097 2479 interfui

218 2510 391 2557 ipsasque
414 2510 555 2545 litteras
580 2510 666 2545 dicti
692 2510 830 2545 domini
859 2511 1041 2557 quondam
1070 2512 1110 2544 R.
1138 2511 1191 2545 tit.
1220 2510 1339 2545 Sancti
1361 2510 1534 2557 Stephani
1558 2510 1595 2544 in
1615 2510 1718 2545 Celio
1739 2512 1863 2544 Monte
1891 2511 2095 2558 presbyteri

218 2577 315 2612 card.
342 2577 542 2624 apostolice
567 2578 668 2612 sedis
693 2577 803 2624 legati
822 2578 897 2612 vidi
918 2584 953 2611 et
973 2577 1047 2624 legi
1067 2590 1106 2611 ac
1127 2577 1285 2611 fideliter
1304 2577 1349 2611 de
1370 2577 1538 2611 mandato
1563 2577 1650 2611 dicti
1675 2577 1814 2611 domini
1840 2578 2008 2624 Symonis
2029 2578 2095 2612 Dei

218 2642 332 2689 gratia
362 2642 415 2676 tit.
443 2643 572 2676 Sancte
606 2642 743 2677 Cecilie
778 2641 983 2688 presbyteri
1018 2642 1115 2676 card.
1151 2641 1351 2688 apostolice
1381 2641 1482 2676 sedis
1512 2641 1621 2688 legati
1651 2642 1696 2675 de
1726 2641 1839 2676 verbo
1869 2642 1913 2676 ad
1942 2642 2094 2677 verbum

217 2709 432 2755 transcripsi
451 2716 487 2743 et
506 2709 544 2743 in
565 2708 745 2756 publicam
766 2710 917 2743 sormam
939 2709 1079 2755 redegi.

311 2806 448 2839 Originnlo
463 2807 489 2831 in
505 2807 582 2832 Arch.
603 2807 725 2832 univers.
746 2807 842 2837 Pin-in„
857 2807 933 2831 theca
949 2807 1003 2836 vn,
1022 2807 1050 2831 D.
1074 2807 1110 2831 10.
1127 2807 1298 2839 n.-Supere=t
1312 2806 1456 2831 taeniolum
1472 2806 1648 2831 membranae.
1665 2820 1696 2825 —
1715 2806 1908 2832 Universi‘tatis
1923 2806 2095 2832 Par-istensis

217 2851 333 2884 dunque
354 2852 527 2883 facultatum
551 2856 679 2885 quatuor
703 2852 783 2884 ortyo
803 2859 871 2877 vera
895 2852 922 2876 in
948 2852 1017 2876 Bibl,
1043 2851 1166 2876 univers.
1192 2851 1277 2876 Puris.
1303 2859 1352 2876 mn.
1369 2859 1394 2876 u.
1416 2851 1435 2881 Ι,
1458 2851 1480 2882 1,
1503 2860 1529 2884 p.
1558 2853 1612 2876 55⁵.
1633 2851 1730 2876 Partis
1751 2852 1797 2877 des
1815 2853 1907 2882 pieces
1926 2851 2094 2883 historiques

217 2900 391 2922 oenoernmu
405 2896 526 2923 Putat...
539 2898 573 2922 de
585 2896 766 2923 I'Um‘vereild
776 2898 811 2922 de
822 2897 908 2923 Paris
921 2896 1015 2929 (Puris,
1033 2895 1112 2929 1⁰57),
1129 2899 1197 2929 part..
1215 2896 1257 2926 lv,
1274 2904 1299 2928 p,
1316 2898 1341 2921 ὓ.

313 2979 335 3005 ¹.
353 2981 393 3006 Cf.
408 2981 488 3007 ctiam
501 2981 573 3006 intra
587 2985 617 3006 n⁰
630 2982 686 3007 407.
