2580 3528
473 406 540 439 434
1056 416 1377 439 CHARTULARIUM
1411 416 1603 438 vsivssns.
1644 415 1774 437 rimis.
2256 404 2357 447 [1263

474 498 571 523 magno
588 490 646 514 vico
669 491 757 514 Sancti
780 490 907 522 Stephani
927 491 958 514 de
978 490 1083 515 Gressis
1101 490 1176 522 juxta
1196 491 1303 514 domum
1323 490 1442 521 Philippi
1461 490 1493 513 de
1510 489 1565 513 Riis
1569 507 1617 513 .....
1638 489 1695 513 Alia
1714 497 1777 512 vero
1797 489 1891 512 domus
1912 488 1964 512 sita
1983 491 2024 512 est
2042 488 2069 512 in
2083 488 2175 512 eodem
2194 488 2252 512 vico
2267 491 2293 512 et
2308 488 2358 512 suit

474 536 607 567 quondam
622 535 756 558 comitisse
771 536 803 558 de
817 536 911 558 Sancto
927 535 1021 566 Egidio
1024 553 1071 559 .....
1091 535 1179 558 Tertia
1195 543 1256 558 vero
1272 535 1365 558 domus
1382 534 1432 558 sita
1447 537 1487 558 est
1502 534 1528 556 in
1543 534 1595 556 alio
1615 533 1672 556 vico
1688 541 1719 556 ex
1733 533 1856 565 opposito
1874 533 1935 556 novi
1950 533 2082 557 refectorii
2097 532 2228 556 dictorum
2244 533 2355 556 fratrum

471 580 547 611 juxta
561 581 677 608 domum,
695 588 744 612 que
761 580 810 603 fuit
824 581 972 611 quondam
988 579 1142 604 scolarium
1161 579 1261 604 Sancti
1274 579 1414 610 Dyonisii,
1436 586 1485 610 que
1505 581 1615 601 vocatur
1630 578 1702 601 volta
1717 577 1806 601 Sancti
1822 577 1941 606 Quintini
1964 586 1985 601 n.
2007 577 2144 609 Originule
2161 577 2188 600 in
2207 577 2284 601 Areh.
2299 580 2355 601 nat.

473 625 558 648 Paris.
581 625 606 648 S.
623 625 693 653 4229,
710 629 739 648 n⁰
752 626 790 648 50.
807 625 842 648 Ut
854 633 885 648 ex
897 625 1053 648 documento
1070 624 1188 655 sequenti
1202 624 1285 655 liquet
1299 623 1336 646 ibi
1351 631 1393 647 an.
1411 623 1472 646 1263
1487 622 1574 646 adhuc
1589 622 1750 646 residebant.

570 710 592 733 1.
611 709 738 733 Mntthieu
754 710 785 732 de
800 709 942 732 VendOme.

474 858 586 895 393.
610 867 768 893 ὶιιᾶονίειιε
784 869 831 902 IX,
850 876 902 893 rex
916 867 1098 901 Francorum,
1115 866 1238 892 Roherto
1254 866 1290 892 de
1306 866 1436 892 Sor-bona
1447 874 1502 902 pro
1518 865 1650 892 domibus
1666 866 1695 892 in
1712 866 1768 892 vico
1784 865 1820 892 de
1835 865 1996 892 Hirondale
2012 869 2040 892 et
2054 865 2083 892 in
2099 874 2201 900 magno
2217 865 2275 892 vico
2289 865 2355 892 sitis

563 917 676 942 ratione
691 916 835 942 excambii
850 916 949 941 domos
965 915 1108 951 quasdam
1125 919 1192 941 ante
1205 915 1351 951 palatium
1370 915 1554 941 Thermarum
1569 914 1610 941 ad
1625 923 1696 951 opus
1708 923 1871 951 pauperum
1886 914 2063 941 scholarium
2078 913 2215 941 concedit.

1603 1013 1680 1043 1263,
1694 1021 1785 1040 mense
1799 1013 1937 1043 Decembri:
1954 1013 2069 1039 Parisiis.

562 1097 770 1130 Ludovicus
795 1097 861 1130 Dei
887 1097 1002 1142 gratia
1023 1098 1244 1130 Francorum
1267 1109 1341 1130 rex.
1365 1098 1497 1130 Notum
1517 1097 1670 1130 facimus
1691 1097 1876 1131 universis
1897 1103 1966 1130 tam
1988 1095 2223 1142 presentibus
2247 1102 2353 1142 quam

471 1164 603 1197 suturis
620 1164 717 1209 quod
735 1164 909 1209 magister
926 1163 1108 1197 Robertus
1126 1164 1170 1196 de
1189 1163 1353 1197 soi-hona
1369 1164 1568 1198 canonicus
1589 1164 1821 1206 Parisiensis‚
1843 1163 2000 1197 clericus
2021 1169 2160 1205 noster,
2181 1174 2353 1198 asserens

471 1243 510 1263 se
532 1237 656 1263 tenere
678 1237 713 1263 et
733 1230 925 1276 possidere
946 1230 1108 1264 Parisius
1130 1230 1220 1264 duas
1242 1231 1371 1264 domos
1393 1231 1481 1264 sitas
1501 1231 1539 1264 in
1556 1231 1638 1265 vico
1660 1230 1704 1264 de
1725 1230 1933 1276 Hyrondale
1954 1242 2064 1276 supra
2085 1230 2257 1264 Secanam
2282 1228 2355 1263 sibi

470 1298 625 1330 invicem
654 1297 845 1342 contiguas
873 1297 918 1330 ad
948 1309 1041 1342 opus
1071 1298 1371 1343 congregationis
1397 1309 1598 1343 pauperum
1627 1298 1885 1343 magistrorum
1915 1297 2077 1331 Parisius
2104 1297 2142 1330 in
2169 1296 2355 1343 theologia

469 1364 708 1406 studentium,
733 1376 803 1409 que
824 1365 972 1398 fuerunt
997 1366 1039 1397 H.
1067 1365 1273 1410 Apprensis
1294 1365 1493 1410 episcopi¹‚
1516 1371 1551 1398 et
1571 1364 1752 1410 quendam
1773 1364 1907 1406 locum,
1929 1364 1992 1409 qui
2018 1363 2151 1397 dicitur
2174 1362 2355 1409 hospitale

469 1443 549 1464 cum
573 1431 810 1476 pertinenciis
827 1431 918 1473 suis,
942 1431 1004 1476 qui
1025 1431 1140 1465 fuisse
1158 1431 1291 1465 dicitur
1307 1432 1351 1466 G.
1375 1432 1420 1465 de
1442 1432 1572 1466 Sancto
1593 1431 1795 1475 Quintino²
1815 1431 1923 1465 situm
1946 1431 1983 1464 in
2003 1431 2084 1464 vico
2105 1442 2219 1476 prope
2238 1430 2355 1464 refec-

470 1498 600 1531 torium
626 1498 760 1543 prioris
787 1505 822 1531 et
847 1499 997 1531 fratrum
1020 1498 1293 1532 Predicatorum
1314 1500 1416 1544 juxta
1437 1499 1584 1532 domum
1605 1499 1643 1532 in
1663 1510 1732 1544 qua
1753 1497 1916 1531 habitant
1941 1498 2087 1543 quidam
2112 1496 2280 1531 monachi
2307 1497 2353 1531 de

469 1565 599 1598 Sancto
628 1565 803 1610 Dyonisio
816 1565 840 1605 ³,
872 1571 907 1598 et
937 1565 1116 1610 quandam
1148 1565 1295 1599 domum
1317 1578 1398 1599 cum
1420 1565 1659 1611 pertinenciis
1680 1565 1784 1598 sitam
1806 1565 1843 1598 in
1863 1576 1996 1610 magno
2025 1564 2121 1606 vico,
2142 1575 2213 1609 que
2237 1564 2353 1598 fuisse

468 1631 601 1664 dicitur
622 1632 708 1664 dicti
735 1632 779 1665 G.
795 1632 805 1648 ”
829 1638 864 1665 et
884 1632 1001 1677 primo
1022 1632 1137 1665 fuisse
1159 1632 1292 1665 dicitur
1312 1632 1478 1666 Arnoudi
1500 1632 1586 1665 dicti
1607 1633 1801 1674 Lemacon,
1829 1643 1900 1676 que
1921 1631 1989 1664 sita
2009 1637 2066 1664 est
2090 1643 2134 1664 ex
2153 1642 2225 1664 una
2252 1637 2354 1676 parte

462 1699 563 1743 juxta
585 1699 730 1731 domum
758 1698 882 1732 Jacobi
909 1699 954 1732 de
975 1700 1155 1741 Tornaco,
1178 1711 1221 1732 ex
1241 1699 1309 1732 alia
1330 1700 1432 1744 juxta
1458 1699 1605 1733 domum
1628 1698 1806 1744 quandam
1830 1698 1950 1732 Sancti
1972 1697 2145 1743 Stephani
2166 1697 2232 1732 des
2258 1697 2353 1732 Gres

468 1777 581 1811 prope
617 1765 761 1798 domum
799 1766 979 1799 (lictorum
1011 1767 1176 1808 fratrum,
1207 1766 1270 1811 qui
1299 1766 1447 1812 quidem
1478 1766 1583 1800 locus
1612 1766 1690 1800 sive
1718 1764 1898 1811 hospitale
1928 1777 2009 1798 cum
2045 1764 2284 1810 pertinenciis
2319 1770 2355 1798 et

468 1832 598 1865 domus
634 1832 704 1865 sibi
739 1832 892 1866 invicem
930 1839 1016 1866 sunt
1055 1833 1227 1879 contigua
1270 1845 1314 1866 ex
1347 1833 1501 1878 quadam
1543 1839 1663 1879 parte3
1692 1844 1863 1866 asserens
1899 1831 2005 1865 etiam
2043 1831 2140 1864 idem
2179 1830 2355 1877 magister

469 1898 650 1932 Robertus
676 1911 715 1932 se
742 1899 876 1932 habere
904 1906 1119 1945 potestatem
1141 1900 1339 1946 plenariam
1366 1899 1551 1933 alienandi
1578 1900 1756 1945 premissa
1779 1911 1786 1932 ε
1815 1899 1944 1932 domos
1965 1909 2094 1931 omnes
2115 1897 2298 1943 predictas
2318 1903 2355 1931 et

468 1966 604 1998 dictum
638 1966 756 1999 locum
791 1979 856 2000 seu
891 1966 1071 2013 hospitale
1098 1979 1179 2000 cum
1208 1979 1333 2001 eorum
1365 1967 1603 2013 pertinenciis
1637 1966 1746 2000 nobis
1780 1966 1881 1999 dedit
1914 1971 1950 1998 et
1980 1964 2165 1998 concessit
2193 1976 2212 1998 a
2243 1963 2353 1998 nobis

468 2033 734 2078 imperpetuum
766 2034 989 2079 possidenda
1020 2041 1055 2067 et
1089 2034 1132 2068 ab
1167 2034 1241 2067 illis
1272 2035 1334 2080 qui
1367 2046 1509 2068 causam
1546 2033 1734 2067 habebunt
1765 2045 1784 2066 a
1817 2032 1926 2066 nobis
1960 2043 2027 2078 pro
2061 2030 2231 2065 domibus
2259 2031 2353 2066 infra

469 2099 629 2144 scriptis,
656 2111 745 2145 quas
766 2101 809 2133 ad
831 2113 924 2146 opus
951 2101 1130 2134 dictorum
1156 2102 1415 2147 magistrorum
1444 2101 1562 2134 eidem
1593 2101 1630 2134 in
1660 2099 1883 2134 escambium
1914 2105 1949 2132 et
1974 2097 2352 2144 recompensationem

470 2166 638 2200 dedimus
665 2173 700 2200 et
725 2168 977 2201 concessimus
1004 2168 1272 2214 imperpetuum
1298 2169 1382 2213 jure
1408 2168 1630 2201 hereditario
1656 2167 1700 2201 ab
1725 2167 1854 2200 eodem
1879 2165 2125 2212 possidendas
2150 2171 2187 2198 et
2210 2163 2254 2198 ab
2278 2163 2352 2198 illis

470 2233 531 2277 qui
562 2245 706 2267 causam
737 2233 923 2267 habebunt
949 2234 993 2267 ab
1019 2235 1112 2280 ipso.
1141 2236 1215 2268 Hee
1241 2242 1327 2268 sunt
1352 2235 1496 2277 domus,
1519 2246 1609 2280 quas
1635 2234 1753 2267 eidem
1779 2240 1819 2267 ut
1843 2233 1979 2266 dictum
2006 2238 2062 2265 est
2085 2231 2351 2265 concessimus.

471 2300 608 2333 Domus
644 2307 780 2342 nostra7
816 2313 886 2346 que
921 2301 1103 2346 quondam
1134 2302 1201 2335 fuit
1235 2302 1399 2347 magistri
1434 2303 1474 2335 R.
1512 2301 1557 2334 de
1586 2302 1722 2342 Duaco,
1757 2300 1795 2333 in
1829 2311 1899 2345 qua
1935 2298 2068 2332 mansit
2100 2298 2186 2331 dum
2214 2297 2354 2331 viveret

472 2365 666 2400 defunctus
701 2367 875 2412 magister
909 2367 1095 2401 Johannes
1128 2368 1173 2401 de
1208 2369 1339 2402 Sancto
1373 2368 1553 2411 Amando,
1587 2368 1770 2413 quondam
1804 2366 1962 2400 clericus
1995 2371 2133 2406 noster,
2169 2363 2237 2397 sita
2269 2369 2353 2397 ante

473 2433 641 2477 palatium
669 2435 914 2476 Termarum‘,
943 2442 979 2468 et
1003 2435 1109 2469 etiam
1140 2447 1268 2469 omnes
1299 2435 1428 2469 domos
1458 2447 1548 2481 quas
1573 2434 1798 2468 habebamus
1827 2434 1865 2466 in
1894 2433 1975 2467 vico
2002 2431 2064 2477 qui
2091 2431 2225 2464 dicitur
2249 2430 2354 2464 vicus

474 2499 728 2533 Lathomorum
756 2501 923 2534 similiter
943 2509 1024 2536 ante
1045 2502 1215 2547 palatium
1237 2504 1449 2536 Termarum
1471 2515 1489 2536 a
1510 2509 1620 2548 puteo
1642 2502 1712 2535 sito
1733 2501 1770 2534 in
1791 2500 1920 2534 eodem
1941 2499 2022 2532 loco
2044 2498 2121 2532 sive
2140 2509 2160 2530 a
2179 2496 2352 2531 viridario

475 2565 604 2599 domus
630 2573 754 2599 nostre
781 2580 885 2612 quam
909 2575 1007 2602 tenet
1027 2569 1183 2603 dilectus
1204 2576 1240 2602 et
1259 2569 1379 2603 fidelis
1405 2569 1562 2602 clericus
1582 2575 1708 2602 noster
1729 2567 1955 2602 Guillermus
1981 2565 2026 2598 de
2052 2565 2211 2599 Carnoto
2234 2574 2352 2608 usque

474 2632 518 2664 ad
540 2632 683 2664 domum
717 2634 879 2678 magistri
907 2635 1100 2668 Guillermi
1126 2636 1371 2670 archidiaconi
1397 2636 1638 2670 Abrincensis
1663 2634 1819 2668 ecclesie
1845 2634 1948 2667 sitam
1976 2632 2013 2665 in
2040 2631 2156 2677 capite
2186 2629 2351 2675 ejusdem

474 2698 558 2740 vici,
575 2698 642 2731 hoc
665 2699 777 2740 salvo,
796 2701 892 2745 quod
910 2702 1136 2736 Guillermus
1157 2703 1201 2736 de
1223 2703 1378 2737 Belvaco
1399 2709 1526 2736 noster
1545 2702 1702 2736 clericus
1724 2701 1870 2735 domum
1888 2711 1993 2745 quam
2014 2703 2115 2732 tenet
2133 2696 2177 2730 ad
2197 2707 2351 2742 presens

475 2765 511 2797 in
540 2765 667 2797 eodem
698 2765 778 2798 loco
807 2773 839 2799 et
869 2768 1042 2813 magister
1063 2769 1271 2803 Ludovicus
1292 2770 1455 2815 phisicus
1476 2769 1622 2803 domum
1645 2768 1814 2802 similiter
1839 2778 1944 2812 quam
1973 2770 2073 2798 tenet
2098 2764 2194 2797 inter
2223 2762 2352 2796 domos

476 2831 702 2876 supradictas
723 2831 936 2866 habitabunt
956 2835 1127 2878 quamdiu
1148 2836 1305 2869 vixerint
1325 2836 1404 2870 sine
1425 2836 1612 2869 coactione
1634 2834 1791 2868 exeundi
1811 2833 1869 2868 vel
1890 2832 2003 2866 eciam
2024 2829 2242 2864 dimittendi.
2265 2829 2353 2881 IJost

476 2897 667 2931 decessum
696 2910 783 2931 vero
814 2900 1012 2933 eorundem
1040 2901 1084 2934 ad
1111 2902 1230 2947 ipsum
1259 2903 1472 2948 magistrum
1499 2904 1540 2936 R.
1566 2902 1624 2936 vel
1651 2902 1696 2935 ad
1722 2900 1806 2934 illos
1833 2900 1895 2945 qui
1922 2909 2066 2932 causam
2095 2895 2282 2930 habebunt
2307 2894 2351 2928 ab

476 2965 556 3009 ipso
591 2964 706 2997 libere
741 2971 776 2998 et
809 2965 1075 3011 imperpetuum
1111 2969 1335 3012 possidende
1370 2969 1413 3002 ad
1449 2981 1542 3015 opus
1577 2968 1824 3015 predictorum
1858 2976 2058 3012 pauperum
2092 2962 2350 3009 magistrorum

601 3024 639 3046 55.
