2580 3528
491 409 555 442 564
1072 416 1388 439 cnam-nmmum
1424 413 1613 437 umvmzs.
1651 413 1779 435 PARlS.
2262 395 2361 445 [12738

488 548 602 585 479.
630 566 646 583 α
666 556 777 583 Accord
802 556 860 590 fait
884 556 909 582 le
931 557 990 590 Roy
1017 559 1133 591 present
1156 558 1233 581 entre
1259 554 1300 580 les
1327 554 1441 579 nations
1461 551 1658 586 d'Angleterre
1678 555 1706 578 et
1729 551 1880 587 Picardye,
1907 556 1935 578 et
1961 551 2068 579 semble
2090 561 2144 588 que
2172 561 2203 579 ce
2230 554 2362 587 feu-ssent

578 605 732 632 escolliers.
756 615 770 631 ›>

1814 659 1856 686 An.
1873 659 1949 685 1278.

583 747 685 774 Delisle,
699 746 780 771 Essai
792 747 825 770 de
839 745 994 769 restitution
1004 745 1073 768 (Fun
1085 744 1196 768 volume
1210 745 1257 768 des
1269 754 1281 765 α
1295 743 1367 767 Olim
1379 751 1400 771 n,
1412 751 1439 774 p.
1449 744 1502 771 345,
1515 747 1544 765 n⁰
1555 743 1608 771 291,
1622 751 1633 766 «
1645 743 1674 766 In
1685 743 1852 766 Pau-lamento
1865 742 2012 774 Epiphanio
2025 751 2093 766 anno
2104 743 2284 767 MCCLXXVII
2295 751 2317 767 n.
2327 755 2360 761 —

488 792 564 814 Forte
580 791 621 814 hic
634 792 665 814 de
683 791 757 822 gravi
773 790 904 813 discordia
920 793 977 812 orta
996 789 1063 811 inter
1078 788 1187 811 clericos
1205 787 1319 810 nationis
1334 787 1461 810 Picardiae
1476 790 1501 810 et
1519 787 1653 810 studentes
1671 787 1795 818 Anglicos
1810 787 1907 819 agitur,
1921 787 1953 811 de
1968 795 2020 819 qua
2035 787 2192 812 Guillelmus
2207 787 2239 811 de
2256 787 2359 820 Nangio

489 836 521 858 ad
537 844 578 859 an.
595 836 651 858 1281
667 835 691 857 in
706 835 791 859 Gestis
806 834 933 864 Philippi
948 833 1004 861 ΙΙΙ,
1020 836 1045 856 et
1059 833 1085 855 in
1102 833 1203 857 Chron.
1219 832 1292 863 (Rec.
1306 833 1352 856 des
1365 831 1431 857 hist.
1448 833 1494 856 des
1511 832 1624 861 Gaules,
1638 832 1690 861 XX,
1707 832 1765 861 520;
1780 833 1845 862 568).

485 1035 598 1072 480.
623 1046 762 1069 Enormes
779 1053 913 1069 excessus
929 1053 946 1069 α
961 1043 1085 1069 Gerar-do
1102 1043 1208 1069 abbate
1222 1047 1248 1069 et
1264 1043 1411 1069 monachis
1424 1045 1450 1070 S.
1467 1044 1600 1070 Germani
1615 1043 1651 1070 de
1665 1045 1764 1070 Pratis
1779 1043 1906 1080 aliisque
1921 1044 2052 1080 nequiter
2067 1044 2189 1079 irrogati
2208 1044 2356 1079 magistris

575 1097 601 1119 et
615 1093 796 1119 scholaribus
806 1093 1030 1127 Parisiensibus,
1049 1101 1119 1127 quos
1127 1096 1230 1128 petunt
1241 1102 1296 1128 per
1311 1092 1452 1118 Simonem
1467 1096 1560 1129 apost.
1579 1093 1658 1119 sedis
1674 1093 1800 1128 legatum
1815 1092 1964 1119 emendari
1978 1101 2013 1119 ac
2029 1093 2058 1119 in
2074 1092 2233 1129 exemplum
2245 1093 2354 1129 puniri.

1628 1201 1701 1231 1278,
1715 1203 1779 1233 post
1792 1201 1854 1227 Maii
1865 1201 1903 1230 74,
1919 1200 2044 1235 [Parisiis
2045 1200 2070 1235 J

572 1293 614 1325 Ili
641 1299 725 1325 sunt
750 1304 918 1325 enormes
942 1304 1128 1332 excessus,
1152 1299 1294 1326 atroces
1315 1293 1448 1338 injurie
1469 1305 1508 1326 ac
1530 1293 1704 1327 scelerata
1731 1293 1862 1327 delicta
1888 1293 1931 1326 ab
1953 1292 2082 1326 abbate
2103 1299 2139 1326 et
2165 1292 2353 1326 monachis

483 1360 516 1392 S.
545 1359 715 1393 Germani
742 1359 785 1391 de
812 1359 926 1392 Pratis
955 1371 994 1392 ac
1021 1371 1146 1391 eorum
1172 1359 1414 1404 complicibus
1438 1359 1685 1394 servientibus
1708 1372 1748 1393 ac
1773 1359 1986 1393 hominibus
2009 1359 2172 1405 predicte
2196 1371 2353 1392 commu-

481 1426 601 1459 nitatis
625 1427 660 1459 S.
687 1426 858 1459 Germani
884 1438 923 1458 ac
949 1426 1098 1458 aliarum
1125 1438 1435 1471 quarumcumque
1468 1427 1642 1472 predictis
1673 1427 1792 1460 abbati
1823 1434 1858 1460 et
1887 1425 2076 1460 monachis
2107 1426 2352 1471 subjectarum

479 1493 663 1538 magistris
690 1499 724 1525 et
749 1492 951 1525 scolaribus
976 1492 1246 1526 Parisiensibus
1271 1493 1439 1538 nequiter
1464 1494 1635 1539 irrogata,
1658 1506 1728 1539 que
1750 1501 1917 1539 tanquam
1939 1494 2081 1526 notoria
2101 1505 2140 1526 ac
2164 1493 2353 1526 manifesta

479 1560 515 1591 in
543 1560 621 1592 foro
648 1567 683 1592 et
707 1560 880 1592 nundinis
906 1567 941 1592 et
964 1559 1055 1593 locis
1082 1559 1239 1605 publicis
1263 1560 1386 1593 multis
1411 1561 1614 1594 astantibus
1644 1561 1762 1594 turbis
1792 1561 2000 1602 commissa,
2030 1567 2066 1593 et
2090 1572 2172 1593 cum
2200 1560 2352 1594 maxima

479 1633 695 1659 armatorum
730 1626 960 1659 multitudine
993 1626 1102 1665 illata,
1136 1633 1264 1672 petunt
1295 1639 1360 1672 per
1390 1628 1737 1661 reverendissimum
1772 1634 1910 1673 patrem
1945 1627 2133 1660 dominum
2167 1627 2351 1660 Simonem

479 1693 676 1737 apostolice
702 1693 800 1725 sedis
827 1693 983 1737 legatum
1011 1693 1212 1726 secundum
1238 1695 1354 1727 Deum
1380 1701 1416 1727 et
1434 1695 1613 1739 justitiam
1639 1694 1837 1736 emendari,
1865 1706 1904 1727 ac
1930 1695 1967 1726 in
1989 1693 2193 1739 exemplum
2215 1692 2350 1739 puniri,

478 1766 515 1791 ut
545 1772 563 1792 a
596 1759 777 1792 similibus
808 1759 868 1792 alii
903 1767 1104 1802 arceantur,
1137 1761 1329 1805 presertim
1360 1773 1442 1794 cum
1471 1761 1509 1794 in
1538 1761 1640 1794 nullo
1671 1761 1817 1807 penitus
1848 1761 2058 1806 injuriatum
2088 1760 2220 1793 fuisset
2249 1758 2351 1806 prius

477 1826 566 1871 ipsis
594 1826 713 1859 abbati
739 1833 773 1859 et
798 1826 983 1859 monachis
1009 1826 1052 1859 ab
1078 1827 1169 1872 ipsis
1198 1828 1382 1873 magistris
1411 1835 1446 1862 et
1472 1828 1676 1862 scolaribus
1704 1828 1848 1874 quando
1875 1828 2036 1873 predicta
2062 1827 2236 1860 maleficia
2259 1826 2351 1872 ipsis

476 1893 659 1938 magistris
685 1900 720 1926 et
745 1893 947 1926 scolaribus
972 1894 1120 1927 fuerunt
1143 1907 1161 1927 a
1188 1895 1362 1939 predictis
1387 1895 1515 1928 abbate
1538 1902 1574 1929 et
1598 1895 1785 1929 monachis
1811 1902 1847 1928 et
1870 1895 1951 1928 aliis
1977 1895 2146 1939 irrogata.

565 1960 746 2004 Imprimis
777 1960 901 1993 dicunt
930 1961 1029 2005 quod
1058 1973 1139 1994 cum
1166 1962 1283 2006 pridie
1311 1962 1423 2007 aliqui
1449 1963 1493 1995 de
1523 1963 1698 2008 predictis
1727 1962 1931 1996 scolaribus
1962 1968 1997 1994 et
2026 1960 2212 2006 magistris
2243 1971 2350 1993 causa

477 2027 712 2059 recreationis
746 2027 899 2060 ivissent
936 2028 979 2060 ad
1018 2040 1164 2073 campos
1204 2035 1239 2061 et
1277 2029 1449 2074 precipue
1486 2041 1616 2063 versus
1658 2030 1692 2063 S.
1735 2030 1970 2070 Germanum,
2013 2028 2123 2060 iidem
2163 2026 2275 2060 abbas
2315 2030 2351 2060 et

476 2093 641 2126 monachi
676 2093 814 2138 pulsata
849 2106 1019 2139 campana
1053 2107 1118 2139 pro
1154 2095 1231 2127 suis
1266 2095 1477 2129 hominibus
1512 2097 1770 2138 convocandis,
1802 2109 1841 2129 ac
1876 2095 1968 2141 ipsis
2003 2107 2132 2136 cornu,
2163 2093 2248 2127 tuba
2283 2105 2348 2127 seu

475 2159 639 2192 buccinis
662 2161 893 2205 congregatis
919 2167 954 2194 et
978 2162 1014 2193 in
1040 2161 1309 2194 multitudinem
1336 2163 1523 2196 maximam
1544 2163 1756 2196 coadunatis
1781 2175 1862 2196 cum
1889 2162 2011 2203 armiS,
2034 2161 2165 2194 bannis
2190 2159 2348 2206 publicis

475 2233 511 2259 et
546 2227 674 2259 edictis
709 2227 941 2260 vociferando
977 2228 1168 2273 premissis
1206 2230 1369 2262 fecerunt
1406 2230 1627 2275 generaliter
1663 2237 1698 2263 et
1733 2230 1878 2275 publice
1915 2228 2132 2274 proclamari
2169 2239 2212 2260 ex
2247 2233 2347 2272 parte

475 2304 538 2325 sua
575 2293 622 2327 ad
657 2299 805 2327 mortem
843 2293 1055 2328 clericorum
1094 2294 1217 2328 verbis
1261 2296 1485 2338 crudelibus,
1525 2296 1572 2330 ad
1610 2302 1772 2338 mortem,
1812 2296 1859 2330 ad
1897 2301 2063 2336 mortem,
2101 2293 2348 2327 inhumaniter

475 2359 611 2404 pluries
642 2360 816 2405 repetitis.
849 2362 1095 2406 Preceperunt
1125 2362 1229 2394 etiam
1261 2362 1406 2407 publice
1437 2370 1476 2396 ut
1504 2363 1548 2396 ad
1577 2370 1651 2397 tres
1682 2370 1805 2409 portas
1835 2363 1991 2396 civitatis
2016 2360 2247 2402 Parisiensis,
2276 2371 2346 2405 que

475 2433 559 2459 sunt
586 2439 715 2459 versus
742 2427 776 2459 S.
800 2428 1034 2469 Germanum,
1061 2429 1117 2461 sui
1147 2428 1314 2462 homines
1345 2437 1380 2463 et
1409 2431 1612 2464 servientes
1642 2437 1844 2472 currerent,
1874 2436 1908 2462 et
1937 2434 2108 2463 caverent
2132 2439 2197 2460 seu
2224 2438 2346 2460 serva-

475 2500 554 2525 rent
582 2505 627 2525 ne
657 2493 700 2525 ad
730 2493 907 2526 civitatem
938 2506 1003 2539 pro
1034 2495 1195 2539 presidio
1227 2508 1291 2529 seu
1323 2497 1465 2542 refugio
1496 2498 1715 2531 reintrarent
1744 2497 1909 2543 magistri
1940 2503 1975 2529 et
2005 2495 2177 2528 scolares.

563 2560 650 2591 Item
693 2559 817 2592 dicunt
860 2561 986 2604 prefati
1023 2562 1187 2606 magistri
1228 2570 1261 2596 et
1301 2564 1462 2597 scolares
1501 2564 1599 2609 quod
1638 2571 1721 2610 post
1759 2564 1922 2609 predicta
1961 2563 1998 2595 in
2037 2561 2185 2594 instanti
2225 2571 2344 2605 quam-

474 2625 619 2670 plurimi
650 2626 693 2657 de
723 2625 931 2659 hominibus
962 2634 997 2660 ct
1026 2628 1267 2673 complicibus
1298 2631 1517 2675 supradictis
1543 2632 1580 2664 in
1606 2632 1707 2676 ipsos
1733 2631 1930 2676 magistros
1957 2636 1992 2662 et
2017 2628 2178 2662 scolares
2206 2626 2343 2659 strictis

474 2691 605 2736 gladiis
634 2691 829 2723 irruerunt.

561 2757 646 2790 Item
677 2757 802 2790 dicunt
830 2758 928 2802 quod
959 2758 1044 2792 dicti
1074 2761 1323 2796 malefactores
1358 2764 1492 2798 multos
1523 2765 1566 2797 de
1596 2765 1687 2810 ipsis
1722 2764 1926 2798 scolaribus
1963 2769 1998 2796 et
2031 2760 2216 2806 magistris
2252 2766 2343 2792 trac-

472 2831 588 2857 tantes
627 2824 794 2868 nequiter
833 2831 868 2856 et
905 2826 1128 2870 nequissime
1167 2829 1419 2873 verberantes,
1460 2838 1544 2876 post
1585 2832 1679 2865 ictus
1718 2838 1753 2864 et
1790 2830 1942 2865 verbera
1984 2829 2087 2874 plura
2129 2834 2164 2860 et
2203 2826 2341 2871 pluries

472 2891 635 2935 repetita,
667 2890 879 2934 dejecerunt
907 2891 943 2922 in
975 2898 1117 2934 terram,
1145 2906 1183 2927 ac
1215 2895 1347 2929 deinde
1377 2897 1420 2930 ad
1450 2909 1630 2931 carcerem
1667 2897 1865 2939 trahentes,
1897 2895 2046 2929 eosdem
2077 2895 2114 2927 in
2144 2892 2340 2926 horrendis

471 2957 649 2989 latronum
680 2956 886 2989 carceribus
917 2957 1184 2992 detruserunt'.
