2618 3640
528 436 550 468 8
815 459 817 462 .
1109 441 1429 464 CHARTULARIUM
1465 440 1664 462 UNIVERS..
1693 439 1822 462 PARIS.

530 518 682 552 tutionis
702 517 915 563 infringere,
938 516 995 550 vel
1025 516 1058 549 ei
1081 515 1310 561 aliquatenus
1337 514 1529 548 contraire.
1560 514 1596 548 Si
1619 514 1702 559 quis
1725 519 1857 555 autem,
1884 518 1948 547 etc.
1974 513 2052 546 Dat.
2077 512 2263 546 Ferentini
2289 524 2311 545 v
2336 511 2406 544 kal.

530 584 759 619 Novembris.

580 683 582 685 '
626 683 768 714 Maynum
786 682 932 707 Pastorale
952 681 978 704 in
998 681 1074 705 Arch.
1092 683 1144 704 nat.
1161 680 1244 704 Paris.
1262 680 1310 703 LL.
1327 680 1380 708 175,
1401 688 1427 711 p.
1450 680 1504 703 563.
1524 678 1618 707 Mansi,
1640 679 1735 710 Ampl.
1755 678 1817 703 coll.
1836 679 1933 703 concil.
1955 679 2019 707 XXI,
2040 664 2110 701 1058.
2129 678 2258 706 Guerard,
2281 678 2357 702 Cart.
2376 678 2411 701 de

532 727 842 759 l'e'yliseiNotre-Dame
858 727 891 751 de
906 726 990 751 Paris
1005 726 1040 754 11,
1055 726 1109 754 392,
1126 726 1180 748 388.

530 908 581 946 8,
601 916 768 946 Alexander
783 917 830 941 III
844 917 929 941 Petro
949 914 1096 941 cardinali
1112 916 1138 940 S.
1160 914 1339 949 Chrysogoni,
1362 913 1542 950 apostolicae
1562 912 1641 939 sedis
1662 912 1766 947 legato,
1785 912 1907 938 mandat
1922 915 1953 938 ut
1972 921 2034 938 cum
2054 911 2123 938 aliis
2142 920 2230 948 super
2245 910 2409 937 scholarum

620 966 756 1000 regimine
770 965 978 990 Parisiensium
992 963 1152 1000 provideat,
1171 963 1213 989 ita
1230 962 1306 998 quod
1317 971 1472 998 personam
1490 962 1623 996 magistri
1637 962 1718 987 Petri
1736 961 1907 987 cancellarii
1921 961 2099 987 Parisiensis
2113 969 2169 987 non
2184 960 2315 995 excedat,
2333 959 2410 996 quod

620 1014 724 1040 caeihde
738 1014 848 1048 feccrit.

1706 1073 1778 1102 1174,
1795 1072 1912 1098 Octobr-ts
1926 1073 1972 1102 29,
1987 1072 2122 1098 Fet-emitti.

623 1163 825 1197 Alexander
846 1163 1042 1207 episcopus
1068 1173 1197 1194 servus
1224 1173 1413 1194 servorum
1442 1160 1508 1193 Dei
1535 1160 1669 1193 dilecto
1695 1160 1770 1193 filio
1792 1161 1898 1193 Petro
1921 1160 2016 1194 tituli
2039 1160 2154 1194 sancti
2177 1159 2410 1206 Chrysogoni

529 1230 742 1276 presbytero
764 1229 950 1269 cardinali,
973 1228 1173 1274 apostolice
1200 1228 1300 1260 sedis
1322 1227 1454 1273 legato,
1483 1226 1637 1260 salutem
1659 1226 1694 1260 et
1719 1227 1954 1273 apostolicam
1980 1226 2288 1261 benedictionem.
2311 1227 2412 1260 Licet

527 1297 819 1331 mandaverimus
845 1302 884 1329 ut
907 1295 944 1328 hi
970 1295 1031 1340 qui
1056 1294 1185 1329 volunt
1209 1295 1341 1328 docere
1367 1294 1459 1327 nihil
1484 1306 1550 1339 pro
1577 1294 1688 1327 scolis
1715 1294 1889 1340 regendis
1914 1294 1959 1327 ab
1984 1294 2106 1340 aliquo
2128 1294 2286 1340 exigant,
2308 1295 2410 1339 juxta

527 1364 618 1397 illud
648 1376 654 1397 :
682 1356 765 1397 veni
796 1370 831 1396 et
863 1363 946 1396 audi
974 1374 981 1395 :
1008 1362 1174 1395 volentes
1207 1368 1324 1394 tamen
1353 1361 1535 1394 honestati
1566 1368 1601 1394 et
1634 1361 1835 1394 litterature
1867 1361 2032 1407 magistri
2062 1362 2172 1403 Petri,
2203 1361 2410 1394 cancellarii

527 1430 785 1471 Parisiensis⁴,
822 1436 995 1475 quantum
1035 1429 1131 1462 salva
1170 1428 1359 1462 honestate
1397 1440 1608 1474 possumus,
1645 1435 1810 1474 prompta
1844 1428 2070 1474 benignitate
2104 1429 2260 1471 deferre,
2301 1440 2407 1474 quem

527 1498 678 1544 speciali
706 1497 934 1543 prerogativa
961 1496 1149 1542 diligimus
1173 1503 1207 1529 et
1229 1495 1399 1529 volumus
1427 1495 1620 1537 honorare,
1651 1496 1866 1529 discretioni
1894 1502 1955 1529 tue
1983 1496 2196 1529 mandamus
2224 1495 2409 1541 quatinus,

527 1565 650 1598 habito
680 1564 835 1597 consilio
870 1576 951 1596 cum
980 1562 1253 1596 venerabilibus
1287 1562 1460 1595 fratribus
1494 1563 1631 1596 nostris
1661 1562 1852 1599 VVillelmo
1884 1563 2088 1596 Senonensi
2118 1562 2408 1608 archiepiscopo,

528 1631 727 1677 apostolice
754 1631 854 1663 sedis
879 1630 1012 1675 legato,
1035 1637 1070 1663 et
1091 1631 1132 1662 H.
1161 1630 1332 1663 Remensi
1357 1629 1648 1675 archiepiscopo,
1671 1636 1706 1663 et
1726 1629 1807 1662 aliis
1833 1630 1957 1675 dignis
1984 1636 2019 1663 et
2037 1629 2203 1663 honestis
2224 1617 2407 1675 personis,

529 1711 640 1744 super
666 1698 845 1743 regimine
876 1697 1055 1730 scolarum
1084 1697 1357 1737 Parisieusium,
1390 1697 1488 1742 quod
1516 1696 1581 1730 tibi
1611 1697 1728 1730 visum
1760 1697 1882 1738 suerit,
1914 1697 1960 1730 ita
1989 1697 2086 1742 quod
2116 1709 2309 1742 personam
2335 1697 2408 1742 jam

529 1766 616 1799 dicti
650 1765 746 1798 Petri
781 1777 854 1798 non
889 1764 1038 1797 excedat
1071 1764 1168 1809 quod
1203 1764 1333 1797 exinde
1367 1764 1512 1804 seceris,
1549 1764 1811 1810 circumspecta
1847 1763 2036 1809 diligentia
2075 1764 2268 1810 provideas
2302 1770 2409 1810 atque

529 1833 715 1878 disponas,
743 1844 819 1864 eam
847 1831 1021 1864 cautelam
1050 1838 1085 1863 et
1111 1831 1348 1864 maturitatem
1376 1830 1620 1872 adhibiturus,
1647 1831 1744 1876 quod
1771 1843 1844 1864 non
1869 1831 2028 1864 videaris
2049 1831 2196 1864 modum
2218 1831 2408 1874 excedere,

529 1906 565 1933 et
597 1899 650 1932 illi
686 1899 747 1944 qui
782 1898 900 1931 scolas
940 1898 1112 1938 rexerint,
1148 1910 1221 1931 non
1256 1897 1413 1931 debeant
1446 1898 1682 1931 immoderate
1721 1898 1876 1944 gravari.
1916 1899 1994 1931 Dat.
2039 1898 2224 1931 Ferentini
2265 1898 2301 1933 iv
2337 1897 2407 1933 kal.

529 1966 758 2000 Novembris.

623 2063 688 2088 Rec.
703 2065 750 2089 des
765 2063 873 2089 Histor.
887 2065 934 2088 des
951 2063 1053 2088 Gaules
1068 2063 1119 2091 XV,
1137 2063 1191 2086 951.
1208 2077 1239 2080 —
1252 2062 1349 2094 Migne,
1366 2063 1479 2088 Patrol.
1491 2064 1538 2088 lat.
1555 2066 1618 2087 tom.
1636 2063 1685 2092 CC,
1701 2072 1728 2095 p.
1744 2064 1799 2087 998.

623 2148 645 2172 1.
663 2148 733 2172 Petri
749 2148 908 2172 Comcstoris
924 2148 1147 2180 (Mnnducntoris),
1164 2148 1280 2171 auctoris
1302 2156 1313 2171 «
1330 2147 1462 2171 Historiae
1482 2148 1656 2172 scholasticae
1673 2157 1684 2171 υ
1705 2152 1730 2172 et
1750 2149 1894 2172 multorum
1914 2156 2074 2172 sermonum.
2091 2148 2166 2180 Apud
2181 2148 2310 2177 Gue'rard,
2329 2148 2406 2173 Cart.

527 2194 565 2218 de.
578 2193 764 2218 Notre-Dame
780 2194 814 2217 de
833 2194 928 2221 Paris,
950 2196 978 2216 ut
997 2193 1170 2216 cancellarius
1192 2192 1279 2224 primo
1299 2193 1450 2216 nominatur
1469 2202 1537 2216 nuno
1558 2194 1619 2217 1168
1639 2193 1694 2225 (111,
1715 2194 1779 2225 438),
1796 2197 1821 2217 et
1836 2193 1929 2217 ultimo
1945 2202 1986 2217 an.
2003 2193 2064 2216 1178
2079 2193 2121 2225 (ΙΙ,
2138 2193 2201 2225 503).
2218 2193 2275 2217 Non
2293 2195 2406 2222 constat,

529 2246 580 2270 quo
596 2246 664 2261 anno
679 2246 706 2261 se
721 2238 861 2261 contulerit
876 2238 909 2261 ud
925 2237 1081 2265 Victorinos,
1098 2238 1123 2260 in
1140 2246 1252 2269 quorum
1267 2237 1406 2261 Obitunrio
1426 2238 1525 2269 legitur
1540 2238 1572 2261 nd
1589 2238 1623 2270 xij
1640 2238 1691 2262 kal.
1708 2238 1834 2262 Novemb.
1848 2246 1853 2262 :
1869 2247 1879 2261 (ι
1892 2238 2108 2262 Anniversnrium
2124 2238 2269 2270 sollempne
2284 2237 2407 2270 magistri

529 2282 598 2306 Petri
618 2282 812 2306 Munducatoris
832 2282 989 2306 Purisicnsis
1010 2282 1160 2305 cancellarii
1180 2286 1205 2306 et
1224 2282 1307 2305 nostri
1327 2282 1445 2305 canonici
1462 2291 1484 2309 n,
1501 2283 1568 2306 Bibl.
1592 2286 1644 2306 nat.
1666 2283 1750 2307 Paris.
1769 2291 1817 2307 ms.
1835 2283 1880 2306 lat.
1899 2283 1975 2306 14673
1997 2283 2041 2306 fol.
2058 2284 2112 2306 245.
2133 2283 2204 2306 Petri
2223 2290 2361 2306 successor
2378 2281 2406 2306 in

527 2327 694 2355 cancellaria,
711 2330 739 2350 ut
754 2327 866 2355 videtur,
883 2326 1024 2350 nilduinus
1044 2327 1130 2358 primo
1152 2327 1303 2350 nominatur
1323 2335 1365 2350 nn.
1388 2327 1449 2350 1185
1465 2327 1604 2358 (Gursrnrd,
1622 2329 1730 2352 Cat-tul.
1748 2329 1781 2352 de
1796 2327 1987 2352 Notre-Dame
2006 2328 2039 2357 11,
2056 2327 2110 2359 311)
2130 2330 2155 2351 et
2175 2327 2268 2351 ultimo
2289 2335 2331 2351 an.
2348 2327 2407 2351 11⁹1

529 2371 602 2403 (ibid.
615 2372 634 2400 Ι,
646 2372 694 2403 45).
712 2372 781 2395 Petri
797 2375 947 2395 antecessor
964 2371 1013 2395 ruit
1027 2372 1093 2399 Odo,
1110 2372 1155 2403 qui
1170 2372 1289 2395 chartam
1305 2372 1366 2395 anni
1383 2372 1443 2395 1164
1460 2372 1620 2404 subscripsit
1637 2381 1641 2396 :
1657 2382 1668 2395 «
1680 2373 1745 2396 Data
1761 2381 1809 2404 per
1825 2381 1932 2396 manum
1948 2372 2047 2396 odonis
2062 2372 2214 2396 cancellarii
2228 2380 2250 2396 )).
2266 2372 2409 2404 Μαρηυηι

530 2415 675 2441 Pastorale
690 2416 715 2440 in
732 2417 807 2440 Arch.
825 2419 877 2440 nat.
895 2417 978 2440 Puris.
995 2417 1042 2440 LL.
1059 2417 1112 2445 175,
1129 2425 1156 2448 p.
1174 2418 1218 2440 755
1234 2417 1315 2449 (apud
1331 2417 1450 2441 G11c²rard
1465 2417 1482 2440 l.
1500 2426 1521 2440 c.
1540 2418 1571 2445 ll,
1589 2419 1643 2445 503,
1659 2418 1715 2449 ejus
1731 2426 1825 2441 nomen
1841 2417 1883 2441 hic
1898 2417 2093 2449 supprimitur).

529 2599 575 2637 9.
598 2609 765 2635 Aleoeander
785 2611 831 2636 Ill
849 2610 998 2637 Guillelmo
1023 2611 1240 2648 archiepiscopo
1260 2611 1393 2638 Remensi
1413 2611 1542 2646 mandat,
1565 2616 1596 2638 ut
1615 2613 1776 2638 convocatis
1801 2612 1948 2647 magistris
1967 2611 2131 2638 scholarum
2149 2611 2360 2637 Parisiensium
2379 2606 2407 2638 e't

618 2659 807 2693 Remensium,
826 2663 888 2694 etc„
907 2660 1069 2695 interdicat,
1087 2670 1121 2687 nc
1137 2662 1201 2697 quis
1216 2661 1312 2687 dicere
1327 2660 1445 2695 audeat,
1467 2661 1607 2687 Christum
1623 2670 1678 2688 non
1694 2670 1756 2688 esse
1771 2660 1886 2697 aliquid
1900 2660 2055 2687 secundum
2071 2660 2148 2696 quod
2163 2660 2253 2686 homo.

1730 2768 1803 2798 1177,
1818 2767 1951 2794 Februarii
1962 2767 2000 2797 18,
2018 2768 2119 2793 restae.

618 2851 824 2885 Alexander
853 2853 1049 2898 episcopus
1075 2866 1204 2887 servus
1230 2867 1419 2889 servorum
1442 2855 1507 2888 Dei
1529 2854 1729 2888 venerabili
1755 2854 1854 2888 sratri
1875 2854 2071 2891 Willermo
2093 2854 2263 2887 Remensi
2289 2854 2405 2888 archi-

529 2918 715 2964 episcopo,
745 2919 942 2964 apostolice
973 2921 1071 2953 sedis
1101 2921 1233 2966 legato,
1266 2922 1418 2955 salutem
1448 2929 1483 2955 et
1514 2921 1747 2967 apostolicam
1775 2921 2088 2954 benedictionem..
2113 2922 2204 2955 Cum
2235 2921 2404 2955 Christus

530 2985 712 3030 perfectus
734 2987 831 3018 Deus
852 2987 1034 3031 perfectus
1055 2987 1102 3020 sit
1121 2987 1242 3030 homo,
1265 2989 1395 3021 mirum
1418 2995 1485 3030 est,
1509 3001 1578 3034 qua
1598 2988 1799 3022 temeritate
1820 2988 2011 3033 quisquam
2028 2988 2137 3021 audet
2152 2988 2288 3030 dicere,
2306 2989 2404 3034 quod
