2580 3528
397 781 465 809 ¹2²⁴

395 1030 462 1058 1226

398 1177 466 1205 tm

399 1383 465 1411 ¹22⁷

401 2079 466 2106 tm

402 2879 469 2907 ¹820

544 535 701 560 Novembris
716 537 746 560 2⁵

539 699 751 707 .........

562 786 684 811 Januarii
698 787 729 810 16

575 933 673 966 Aprilis
691 933 718 957 14

555 1036 687 1072 ..Ianuarii
701 1037 732 1060 23

584 1183 712 1209 Jmuario

601 1286 695 1311 Martio

582 1389 711 1414 Jannario

577 1540 676 1573 Aprilis
693 1541 724 1564 28

546 1735 703 1761 Novembris
717 1735 747 1759 22

556 1929 708 1956 Decembris
725 1931 740 1954 3

597 2189 671 2215 Junii
685 2191 699 2214 3

602 2429 667 2455 Julii
681 2430 694 2454 7

613 2536 685 2562 Julio

579 2642 691 2676 Augusti
706 2644 721 2667 ³

584 2882 671 2908 uani}
686 2884 716 2907 27

393 3046 488 3073 Chan-
509 3046 588 3073 vnto.
605 3047 701 3073 Paris.
718 3047 739 3072 l.

1118 419 1286 442 TABULA-

780 537 912 561 Honorius
927 537 965 561 111
977 537 1105 562 Gelonem
1119 537 1244 562 abbatem
1260 542 1286 562 et
1298 539 1416 570 priorem
1431 540 1458 563 S.
1476 540 1624 564 Genovefae
1638 544 1663 564 et
1680 541 1839 573 magistrum
1854 543 1880 566 S.
1897 543 2049 567 canonicum

811 581 839 605 S.
859 581 994 605 Benedicti
1014 581 1100 606 Paris.
1127 585 1215 606 monet
1238 590 1270 606 ne
1292 591 1362 615 mag.
1387 583 1515 608 Riccardo
1540 584 1693 608 Ebroicensi
1719 586 1904 610 archidiacono
1926 587 1952 610 in
1976 595 2051 611 sacra

811 626 911 658 pagina
928 626 1056 657 (Parisiis)
1073 627 1190 651 studenti
1204 627 1372 659 quotidianae
1391 628 1592 652 distributiones
1611 629 1785 654 exhibeantur
1787 647 2050 655 ...........

780 685 913 708 Jordanus
928 685 1056 716 magister
1070 684 1202 716 generalis
1218 686 1331 709 fratrum
1345 686 1560 710 Praedicatorum
1575 687 1669 711 scribit
1684 687 1769 711 sorori
1784 688 1883 712 Dianae
1898 689 2050 718 Bononiam,

811 732 869 753 oret
886 737 936 761 pro
955 729 1122 753 scholaribus
1139 729 1344 759 Parisiensibus,
1360 734 1390 754 ut
1404 730 1530 755 Ordinem
1545 731 1638 755 Praed.
1659 731 1766 756 intrent.
1785 749 2052 757 ...........

781 787 913 811 Honorius
937 787 974 811 111
999 787 1133 819 Stephano
1156 787 1359 820 archiepiscopo
1382 788 1567 813 Cantuariensi
1591 789 1700 813 mandat
1723 793 1753 813 ut
1776 790 1905 822 magistro
1932 790 2052 814 Michaoli

813 831 910 860 Scotto,
932 831 977 864 qni
998 831 1068 856 inter
1087 831 1218 856 litteratos
1237 832 1306 856 dono
1325 833 1397 864 viget
1411 833 1536 857 scientiae
1550 833 1692 866 singulari,
1708 834 1734 858 in
1749 834 1887 866 provincia
1906 843 1954 858 sua
1974 835 2054 859 cccl&

813 876 950 900 siasticum
971 876 1128 900 beneficium
1145 877 1264 900 conferat
1267 894 2052 904 ...............................

781 934 915 958 Jordanus
936 934 1065 966 magister
1086 942 1147 966 gen.
1167 935 1280 958 fratrum
1299 935 1515 959 Praedicatorum
1537 935 1631 960 scribit
1652 936 1751 960 Dianae
1773 937 1870 960 multos
1892 937 2053 960 scholarium

813 978 1003 1003 Parisiensium
1022 978 1149 1003 Ordinem
1174 978 1288 1003 intrasse
1295 996 2052 1006 ..............................

782 1036 914 1061 Honorius
930 1037 966 1061 111
981 1045 1048 1068 opus
1061 1037 1115 1069 περὶ
1129 1036 1222 1069 φύσεως
1236 1036 1365 1061 Johannis
1386 1037 1456 1061 Scoti
1476 1039 1605 1062 referente
1619 1038 1821 1062 Bartholomaeo
1838 1039 1962 1071 episcopo
1978 1039 2054 1063 Pari-

814 1081 895 1105 siensi
920 1089 1006 1113 nuper
1026 1084 1160 1113 repertum
1184 1084 1211 1105 et
1231 1089 1247 1105 a
1270 1081 1405 1106 nonnullis
1427 1082 1617 1106 claustralibus
1639 1086 1665 1107 et
1686 1082 1751 1107 viris
1771 1082 1938 1108 scholasticis
1957 1084 2054 1107 lectum

813 1126 922 1149 damnat
941 1129 966 1149 et
984 1125 1112 1150 describit
1113 1142 2052 1153 .....................................

782 1183 813 1208 G.
829 1183 904 1216 prior
919 1185 1031 1208 fratrum
1046 1187 1072 1207 et
1086 1191 1207 1207 sororum
1223 1184 1250 1207 S.
1263 1183 1355 1208 Lasari
1370 1184 1454 1208 Paris.
1470 1187 1496 1208 et
1510 1187 1595 1208 totam
1609 1185 1755 1217 capitulum
1772 1185 1899 1209 fratribus
1914 1186 2055 1210 Praedica-

813 1227 916 1252 torihus
935 1228 1079 1260 quamdam
1097 1231 1196 1252 terram
1215 1231 1288 1252 extra
1306 1231 1413 1260 portam
1428 1229 1455 1252 S.
1473 1228 1566 1253 Jacobi
1581 1229 1729 1253 concedunt
1735 1247 2055 1256 .............

782 1285 910 1318 Magister
927 1286 1060 1309 Jordanus
1082 1285 1167 1310 sorori
1186 1285 1284 1310 Dianae
1298 1286 1445 1310 Bononiam
1459 1286 1529 1310 circa
1544 1286 1721 1319 receptionem
1740 1287 1901 1311 scholarium
1922 1288 2055 1312 Parisien-

814 1330 883 1354 sium
903 1330 930 1354 in
949 1330 1048 1354 Ordine
1062 1329 1156 1354 scribit
1169 1333 1195 1354 et
1209 1330 1309 1354 bonum
1323 1333 1422 1354 statum
1436 1334 1581 1355 conventus
1595 1331 1754 1355 Parisiensis
1774 1332 1866 1356 laudat
1868 1349 2055 1357 ........

782 1392 840 1417 Odo
858 1392 943 1416 abbas
963 1392 990 1416 S.
1011 1392 1135 1417 Germani
1158 1392 1190 1416 de
1208 1392 1296 1416 Pratis
1311 1392 1396 1416 Paris.
1417 1396 1443 1416 et
1462 1396 1606 1417 conventus
1626 1393 1773 1417 concedunt
1791 1394 1881 1418 abbati
1901 1395 2013 1418 Radulfo
2031 1398 2058 1418 et

813 1436 954 1461 conventui
971 1435 1186 1460 cisterciensium
1201 1436 1384 1466 Claraevallis,
1401 1440 1430 1460 ut
1446 1437 1555 1461 domum
1569 1437 1664 1466 Paris.,
1681 1446 1761 1470 quam
1776 1438 1814 1462 eis
1829 1438 1902 1462 dedit
1921 1438 2056 1462 Mathildis

814 1481 847 1505 de
861 1481 1005 1509 Garlanda,
1021 1480 1072 1504 sub
1085 1480 1165 1504 certis
1179 1480 1376 1504 conditionibus
1395 1481 1553 1513 possideant
1555 1499 2056 1508 ....................

783 1543 928 1576 Gregorius
946 1543 980 1567 lx
995 1542 1159 1575 Stephanum
1173 1542 1404 1575 archiepiscopum
1423 1542 1640 1567 cantuariensem
1661 1547 1738 1575 rogat
1753 1547 1783 1568 ut
1802 1543 1930 1568 monitum
1950 1545 2057 1569 Honorii

814 1596 901 1620 papae
919 1588 956 1612 m
975 1595 1121 1620 exsequens
1141 1587 1271 1619 magistro
1291 1587 1413 1611 Michaeli
1429 1587 1527 1616 Scotto,
1544 1596 1596 1612 non
1611 1588 1699 1611 solum
1718 1588 1745 1611 in
1764 1588 1847 1612 latina
1867 1589 1913 1612 sed
1932 1589 2012 1612 etiam
2031 1589 2058 1612 in

814 1632 940 1657 hebraica
958 1635 986 1656 et
1003 1631 1111 1656 arabica
1130 1631 1225 1664 lingua
1242 1631 1309 1656 bene
1329 1631 1468 1660 instructo,
1484 1631 1511 1655 in
1526 1632 1665 1664 provincia
1684 1640 1733 1656 sua
1752 1633 1960 1657 ecclesiasticum
1979 1633 2059 1657 bene-

815 1676 905 1701 ficium
918 1677 1038 1701 conferat
1039 1693 2058 1704 ........................................

784 1739 929 1772 Gregorius
945 1739 979 1763 lx
993 1738 1118 1771 Philippo
1129 1738 1288 1762 cancellario
1300 1738 1445 1762 Parisiensi
1457 1738 1574 1770 injungit
1587 1742 1617 1762 ut
1630 1739 1751 1763 doctores
1765 1739 1914 1772 theologiae
1928 1747 1959 1764 ac
1973 1740 2060 1764 decre-

815 1787 913 1813 torum,
928 1791 994 1816 qnos
1014 1782 1098 1807 abbas
1119 1783 1146 1807 S.
1167 1782 1315 1807 Genovefae
1330 1782 1439 1806 idoneos
1459 1783 1493 1806 ad
1511 1783 1659 1806 docendum
1679 1783 1851 1815 reputaverit,
1867 1783 1950 1808 libere
1968 1792 2060 1816 regere

815 1828 885 1853 sieut
902 1827 1046 1860 magistros
1065 1827 1164 1851 artium
1178 1826 1206 1851 in
1219 1827 1348 1859 parochia
1362 1830 1390 1851 et
1404 1830 1476 1851 terra
1491 1826 1613 1859 ipsorum
1627 1827 1697 1851 infra
1713 1827 1903 1852 Parisiensium
1923 1836 2059 1852 murorum

815 1873 946 1897 ambitum
965 1872 1110 1897 constituta
1128 1871 1273 1904 permittat,
1290 1871 1314 1895 si
1331 1871 1380 1895 hoc
1395 1871 1429 1895 ad
1441 1870 1485 1903 jus
1499 1871 1630 1903 praedicti
1645 1872 1800 1896 monasterii
1814 1871 1945 1904 pertineat
1947 1889 2058 1897 .....

784 1935 929 1968 Gregorius
944 1935 979 1959 lx
992 1934 1163 1966 Radulphum
1175 1933 1298 1958 abbatem
1311 1931 1337 1957 et
1347 1933 1465 1965 priorem
1479 1933 1506 1958 S.
1518 1933 1647 1958 Johannis
1661 1933 1687 1957 in
1700 1934 1789 1958 Vineis
1802 1942 1833 1958 ac
1846 1934 2015 1966 Radulphum
2027 1934 2059 1959 de

815 1980 926 2005 Coudun
944 1978 1161 2004 archidiaconum
1179 1978 1383 2002 Suessionenses
1399 1978 1503 2010 judices
1523 1978 1550 2002 in
1565 1986 1646 2002 causa
1665 1978 1734 2002 inter
1753 1978 1908 2010 Philippum
1927 1979 2059 2003 cancella-

815 2025 885 2049 rium
899 2027 925 2049 et
938 2027 1097 2048 conventum
1112 2023 1139 2047 S.
1155 2022 1304 2048 Genovefae
1322 2022 1453 2055 pendente
1467 2022 1606 2046 constituit
1608 2039 2058 2048 ..................

784 2086 943 2112 Constitutio
956 2086 1020 2110 Ord.
1035 2085 1129 2110 Praed.
1142 2085 1169 2108 in
1181 2084 1298 2117 capitulo
1311 2084 1513 2116 generalissimo
1528 2084 1579 2108 sub
1593 2084 1723 2116 magistro
1738 2084 1855 2108 Jordnno
1868 2085 1978 2109 Parisiis
1989 2085 2059 2109 edita

815 2132 848 2156 de
862 2130 958 2155 studiis
974 2130 1000 2154 in
1015 2130 1114 2154 Ordine
1117 2145 2057 2156 .....................................

783 2194 929 2227 Gregorius
943 2193 977 2217 lx
992 2192 1104 2217 Hem-ico
1120 2191 1321 2224 archiepiscopo
1333 2190 1465 2220 Remensi,
1478 2191 1578 2215 Adamo
1590 2191 1716 2223 episcopo
1731 2190 1931 2219 silvanectensi,
1943 2191 2057 2215 Johanni

815 2239 914 2264 decano
930 2238 956 2262 S.
972 2236 1093 2266 Quintini
1106 2236 1216 2260 mandat
1230 2239 1259 2260 nt
1272 2235 1491 2268 compositionem
1505 2235 1574 2259 inter
1590 2235 1733 2267 magistros
1753 2238 1779 2259 ct
1798 2235 1933 2259 scholares
1949 2244 1981 2259 cx
1995 2244 2056 2264 una,

815 2287 841 2308 et
854 2283 1020 2315 episcopum,
1035 2280 1223 2306 cancellariam
1242 2283 1268 2304 et
1286 2280 1433 2312 capitulum
1452 2279 1602 2304 Parisiense
1620 2287 1652 2303 ex
1671 2280 1754 2303 altera
1768 2282 1853 2311 parte,
1869 2279 2057 2304 interveniente

815 2328 933 2353 Romano
948 2327 974 2351 S.
990 2325 1084 2358 Angeli
1098 2324 1210 2349 diacono
1227 2324 1363 2348 cardinale
1377 2327 1403 2348 et
1417 2327 1503 2356 apost.
1520 2323 1590 2348 sedis
1606 2324 1702 2355 legato,
1720 2325 1815 2347 factam
1835 2327 1927 2347 curent
1946 2324 2057 2348 firmiter

815 2371 1011 2396 observandam
1013 2384 2054 2395 .........................................

784 2433 930 2467 Gregorius
942 2433 976 2457 lx
989 2431 1132 2464 magistros
1143 2430 1171 2455 in
1183 2430 1317 2462 theologia
1332 2429 1443 2454 Parisiis
1458 2433 1579 2462 regentes
1595 2433 1691 2458 monet,
1706 2437 1737 2453 ne
1752 2429 1785 2453 ad
1801 2429 1961 2454 mundanam
1975 2430 2057 2454 scien-

820 2478 888 2503 tiam
896 2477 1031 2502 declineut
1048 2484 1096 2500 nec
1115 2474 1226 2500 verbum
1241 2474 1287 2499 Dei
1300 2473 1522 2506 philosophorum
1537 2473 1670 2506 figmentis
1690 2473 1840 2498 adulterent
1841 2491 2055 2500 .........

784 2537 898 2561 Litterae
917 2533 1052 2561 Guillelmi
1071 2532 1191 2566 episcopi
1209 2531 1377 2560 Parisiensis,
1401 2531 1427 2555 in
1450 2531 1547 2564 quihus
1566 2534 1657 2555 contra
1678 2531 1812 2555 scholares
1835 2531 1862 2555 S.
1886 2531 2002 2556 ‘rhomae
2023 2532 2055 2556 de

815 2581 921 2613 Lapara
933 2578 1075 2607 invehitur,
1087 2581 1113 2602 et
1125 2577 1291 2601 inhonestam
1303 2584 1395 2600 eorum
1405 2575 1511 2600 vivendi
1524 2575 1652 2600 rationem
1664 2575 1849 2608 corrigendam
1859 2584 1917 2600 esse
1927 2576 2053 2600 declarat.

784 2642 914 2668 lienricus
923 2640 1140 2673 archiepiscopus
1153 2638 1298 2667 Remensis,
1310 2638 1394 2662 Adam
1403 2637 1545 2670 episeopus
1558 2637 1772 2666 Silvanectonsis.
1785 2637 1912 2670 magister
1921 2637 2055 2662 lohannes

815 2687 931 2712 decanus
946 2685 973 2710 S.
989 2684 1108 2714 Quintini
1122 2682 1307 2708 transmittunt
1320 2682 1457 2714 magistris
1472 2682 1603 2715 Ardengo,
1618 2681 1716 2706 Jacobo
1731 2681 1763 2706 de
1776 2682 1882 2711 Dinant,
1897 2682 2010 2706 Johanni
2023 2682 2055 2706 de

815 2731 934 2756 Cadumo
957 2729 1067 2754 Parisiis
1089 2727 1314 2753 commorantibus
1334 2726 1438 2751 litteras
1461 2726 1583 2759 Gregorii
1610 2726 1643 2750 lx
1669 2729 1812 2751 tractantes
1838 2726 2054 2759 compositionem

815 2775 884 2800 inter
903 2774 1046 2807 magistros
1067 2776 1093 2798 et
1111 2772 1265 2806 episcopum
1287 2779 1318 2796 ac
1337 2770 1523 2795 cancellarium
1543 2772 1648 2799 factam,
1665 2770 1790 2803 ipsosque
1808 2774 1973 2795 exsecutores
1992 2780 2055 2795 con-

816 2819 929 2844 stituunt
937 2831 2055 2844 ............................................

785 2882 923 2907 Decretum
945 2881 1023 2906 unias
1047 2883 1074 2905 et
1096 2878 1191 2912 viginti
1212 2878 1381 2911 provisorum
1402 2877 1437 2902 ab
1458 2877 1635 2902 Universitate
1657 2877 1741 2902 Paris.
1764 2877 1896 2905 datorum,
1917 2885 1969 2910 qno
1990 2878 2055 2902 nulli

816 2927 895 2951 liceat
909 2925 1007 2951 morari
1025 2925 1051 2949 in
1065 2924 1171 2949 civitate
1185 2922 1228 2948 vel
1242 2922 1356 2947 dioecesi
1370 2921 1454 2947 Paris.
1471 2921 1541 2946 infra
1556 2929 1601 2946 sex
1615 2930 1698 2946 annos
1713 2930 1793 2945 causa
1810 2921 1900 2950 studii,
1916 2921 1967 2945 nisi
1987 2921 2055 2946 intra

818 2978 934 2996 mensem
949 2979 964 2995 a
979 2970 1021 2994 dio
1039 2968 1156 2994 Paschae
1170 2966 1338 2992 universitati
1354 2965 1544 2999 magistrorum
1558 2969 1584 2990 et
1598 2965 1759 2990 scholarium
1780 2965 1860 2990 fucrit
1880 2965 2056 2991 satisfactum.

1992 3041 2022 3066 ⁸⁸

2074 417 2140 451 657

2097 633 2141 657 104

2098 735 2142 757 104

2098 880 2143 904 105

2099 982 2144 1006 10⁶

2099 1127 2146 1153 10⁶

2099 1230 2146 1254 108

2100 1332 2146 1356 108

2102 1482 2148 1509 109

2104 1677 2150 1701 110

2104 1873 2148 1896 111

2104 2023 2148 2047 111

2104 2129 2149 2153 112

2101 2368 2147 2392 11³

2101 2475 2146 2499 114

2101 2581 2146 2605 110

2101 2819 2145 2844 117

2102 2969 2147 2993 ns
