2580 3528
424 369 487 401 130
1005 372 1326 396 annTULAfflUM
1361 372 1554 394 uutvssns.
1593 372 1721 393 rimis.
2203 360 2303 401 [1229

422 451 594 485 edificent
626 450 817 483 nobiscum
853 448 978 489 ceteri,
1014 459 1169 492 quorum
1199 446 1294 479 bona
1323 439 1492 479 voluntas
1522 445 1570 478 sit
1598 445 1642 478 ad
1671 445 1740 478 hoc
1771 444 1928 490 Spiritus
1958 444 2078 477 Sancti
2107 443 2302 476 luminosis

422 519 534 551 radiis
554 517 744 550 illustrata.
768 515 864 548 Dicit
883 515 980 548 enim
1007 514 1135 547 beatus
1159 513 1390 558 Augustinus
1412 524 1419 545 ς
1444 526 1460 543 «
1480 513 1578 545 Deus
1599 511 1821 545 voluntatem
1850 510 1980 544 bonam
2009 516 2176 556 preparat
2202 509 2304 554 adju-

422 585 572 618 vandam
605 591 640 617 et
668 583 813 628 adjuvat
838 587 1075 627 preparatam.
1108 582 1190 625 lpse
1217 579 1364 624 quidem
1395 578 1580 612 nolentem
1612 578 1779 624 prevenit
1807 585 1847 611 ut
1874 577 1974 619 velit,
2005 577 2188 611 volentem
2216 588 2303 609 vero

423 651 662 696 subsequitur
678 662 723 682 ne
739 650 874 682 frustra
889 648 988 681 velit.
1010 662 1025 678 »
1044 647 1163 687 Unde,
1181 646 1425 687 dilectissimi,
1443 645 1564 679 velitis
1582 652 1617 678 et
1632 657 1698 678 vos
1719 644 1911 678 nobiscum
1929 644 2060 677 bonam
2080 643 2302 677 voluntatem

424 718 580 751 Domino
606 728 812 762 preparare,
836 727 956 760 quam,
977 727 1058 747 cum
1080 714 1160 759 ipse
1186 719 1411 758 preparatam
1434 712 1606 753 inveniat,
1629 712 1673 744 ad
1695 723 1804 756 opera
1827 717 1948 744 sancta
1973 711 2159 756 perducat,
2181 716 2221 743 ut
2241 709 2304 742 ubi

423 785 562 829 pridem
586 784 697 829 gladii
724 783 817 816 viam
844 781 950 815 vobis
976 782 1110 822 fecere,
1139 779 1312 825 pugnetis
1338 778 1504 811 acumine
1530 778 1673 823 lingue3
1706 778 1769 811 ubi
1794 777 1924 811 bellica
1950 784 2092 823 strages
2108 776 2302 818 inhorruit,

422 851 568 896 pacifica
589 850 752 883 militetis
774 848 955 886 doctrinm
979 847 1041 880 ubi
1068 846 1254 892 pravitatis
1275 845 1436 878 heretice
1458 845 1639 878 silvestris
1662 844 1845 889 spinetum
1867 844 2039 885 excrevit,
2064 843 2197 876 cedrus
2218 842 2304 876 fidei

422 917 599 951 catholice
621 929 686 962 per
709 928 776 949 vos
801 915 845 948 ad
872 915 992 947 sidera
1013 913 1244 946 sublimetur.
1276 913 1319 945 Et
1342 923 1387 944 ne
1408 923 1475 944 vos
1495 911 1697 944 absterreat
1716 911 1804 944 tanti
1827 910 1963 944 laboris
1984 910 2190 956 aggressiO,
2210 909 2303 943 viam

422 984 528 1017 vobis
556 983 840 1029 preparavimus,
872 981 986 1026 prima
1013 980 1107 1012 tedia
1134 979 1391 1019 sustinuimUS,
1418 977 1591 1011 vexillum
1618 978 1824 1011 securitatis
1849 977 1955 1010 vobis
1980 976 2244 1022 pretendilnus,
2266 981 2306 1009 ut

423 1051 531 1083 nobis
552 1050 685 1083 vestris
706 1048 898 1093 armigeris
925 1045 1210 1092 precedentibus
1229 1045 1380 1079 valeatis
1400 1056 1466 1078 vos
1487 1044 1720 1090 philosophie
1741 1044 1888 1085 milites,
1910 1050 1985 1077 arte
2013 1043 2198 1083 Mercurii,
2221 1042 2304 1076 telis

424 1117 562 1158 Phoebi,
591 1117 714 1149 lancea
744 1116 922 1155 Minerve,
952 1114 1065 1147 tutius
1091 1113 1263 1153 militare3
1294 1119 1334 1145 ut
1360 1112 1488 1145 iterum
1517 1124 1619 1157 spem
1646 1111 1809 1144 habeatis
1833 1111 1877 1144 de
1902 1111 2037 1156 incepti
2061 1110 2173 1143 studii
2194 1108 2305 1143 stabi—

422 1184 532 1225 litate,
565 1183 672 1216 nobis
703 1194 796 1215 onus
825 1182 1028 1226 injunctum
1059 1180 1271 1213 auctoritate
1303 1178 1536 1224 suscepimus
1562 1178 1730 1211 ecclesie.
1766 1179 1851 1211 Erat
1875 1177 1970 1211 enim
2002 1179 2149 1222 Moyses
2179 1182 2305 1209 noster

422 1251 593 1283 dominus
623 1249 818 1283 cardinalis
847 1255 881 1281 et
908 1247 1052 1293 legatus
1073 1247 1110 1279 in
1131 1258 1247 1291 regno
1269 1245 1438 1278 Francie¹
1462 1245 1534 1278 dux
1555 1251 1589 1278 et
1610 1251 1794 1290 protector
1816 1251 1851 1278 et
1877 1251 2002 1277 auctor
2023 1250 2106 1289 post
2132 1245 2247 1276 Deum
2270 1249 2306 1276 et

422 1317 609 1350 dominum
642 1328 766 1362 papam
799 1322 867 1348 tam
899 1314 1011 1347 ardue
1037 1313 1295 1354 inchoationis,
1328 1312 1390 1357 qui
1419 1312 1544 1345 statuit
1571 1312 1669 1357 quod
1699 1323 1827 1344 omnes
1855 1310 2014 1344 Tholose
2039 1310 2242 1352 studentes,
2269 1316 2306 1343 et

422 1384 586 1429 magistri
608 1390 643 1416 et
663 1382 848 1428 discipuli,
871 1381 1032 1414 omnium
1059 1380 1309 1426 peccaminum
1336 1391 1487 1412 suorum
1509 1378 1706 1424 plenariam
1727 1378 1992 1423 indulgentiam
2018 1384 2301 1422 consequantur.

421 1450 478 1483 Ob
508 1450 599 1483 hanc
629 1450 742 1495 igitur
771 1460 915 1482 causam
946 1454 982 1480 et
1011 1453 1161 1492 propter
1190 1446 1467 1479 continuitatem
1498 1445 1647 1491 legendi
1678 1445 1975 1490 disputandique,
2006 1456 2109 1489 quam
2138 1444 2304 1489 magistri

421 1517 637 1562 diligentius
668 1523 703 1549 et
736 1515 902 1548 crebrius
938 1520 1110 1547 exercent
1143 1525 1249 1558 quam
1286 1519 1529 1545 exercuerunt
1567 1512 1742 1553 Parisius,
1783 1511 1886 1544 multi
1920 1511 2081 1544 scolares
2114 1510 2305 1544 confluunt

421 1583 630 1624 Tholosam,
667 1582 834 1616 videntes
870 1581 967 1626 quod
1003 1580 1114 1613 flores
1144 1580 1217 1624 jam
1253 1585 1501 1624 apparuerunt
1529 1579 1566 1611 in
1601 1585 1693 1611 terra
1724 1584 1848 1611 nostra
1874 1585 1909 1611 et
1934 1584 2077 1623 tempus
2106 1577 2304 1623 putationis

421 1650 579 1683 advenit.
610 1651 653 1682 Et
680 1649 813 1682 iccirco
842 1654 1006 1680 nostrum
1035 1646 1215 1679 Achillem
1247 1658 1380 1679 novum
1410 1645 1643 1690 philosophie
1673 1644 1885 1677 militantem
1914 1644 2011 1677 nulla
2037 1645 2195 1677 detineat
2220 1644 2305 1677 Dei-

422 1717 552 1759 damia,
570 1717 657 1762 quin
675 1716 821 1749 alteram
842 1715 947 1748 adeat
966 1715 1124 1758 Trojam,
1148 1713 1193 1746 de
1215 1725 1283 1758 qua
1307 1713 1359 1747 sic
1378 1713 1508 1745 iterum
1532 1718 1658 1757 posset
1677 1712 1799 1744 dicere
1822 1712 1956 1744 Statius
1976 1711 2243 1744 Tholosanus²z

941 1812 1032 1836 Omnis
1049 1812 1132 1834 honos
1150 1811 1212 1839 illic,
1230 1811 1284 1834 illic
1300 1810 1417 1842 ingentia
1432 1814 1534 1833 certant

941 1857 1068 1885 Nomina;
1083 1856 1127 1879 vix
1141 1855 1232 1879 timide
1248 1858 1345 1878 matres
1361 1858 1407 1878 aut
1422 1855 1528 1886 agmina
1544 1858 1649 1878 cessant

941 1901 1079 1933 Virginem
1096 1901 1138 1923 hic
1153 1901 1267 1923 multum
1284 1900 1387 1923 steriles
1403 1900 1543 1923 damnatus
1559 1899 1585 1922 in
1600 1908 1683 1922 annos

940 1946 1098 1977 Invisusquc
1113 1945 1175 1973 Deo,
1193 1945 1215 1968 si
1230 1953 1307 1976 quem
1323 1944 1370 1968 hee
1385 1952 1451 1967 nova
1467 1944 1553 1976 gloria
1569 1952 1676 1975 segnem

940 1990 1062 2014 Preterit.

514 2086 644 2119 Induat
669 2085 781 2130 igitur
807 2083 961 2128 quilibet
986 2082 1124 2128 probus
1157 2082 1363 2115 animosum
1393 2081 1586 2123 Achillem,
1609 2093 1654 2114 ne
1675 2081 1914 2114 meticulosus
1939 2080 2127 2114 Thersites
2153 2087 2307 2127 occupet

423 2154 563 2187 laurum
587 2152 803 2198 promissam
825 2150 925 2195 Ajaci
947 2149 1191 2195 magnanimo,
1214 2155 1252 2181 ut
1272 2148 1398 2182 saltem
1420 2148 1518 2181 bello
1540 2148 1641 2181 finito
1663 2148 1822 2181 studium
1846 2148 2075 2181 militantium
2093 2154 2129 2180 et
2144 2147 2304 2181 studium

425 2219 759 2266 philosophantium
791 2217 1001 2250 admiretur.
1035 2217 1079 2249 Et
1107 2222 1147 2248 ut
1175 2215 1351 2248 libentius
1381 2215 1541 2248 Tholose
1567 2215 1721 2260 gloriam
1752 2214 1860 2248 simul
1890 2227 1971 2248 cum
2001 2215 2122 2248 studio
2148 2215 2305 2248 studiosi

425 2288 630 2327 dinoscant,
661 2285 775 2318 sciant
802 2284 893 2317 hanc
920 2283 1067 2316 alteram
1097 2294 1179 2315 esse
1210 2289 1341 2315 terram
1370 2282 1628 2327 promissionis
1654 2282 1827 2315 fluentem
1852 2281 1905 2314 lac
1932 2288 1967 2314 et
1989 2281 2073 2323 mel,
2101 2281 2163 2314 ubi
2188 2281 2304 2315 fetose

426 2365 558 2399 pascue
587 2353 717 2393 virent,
746 2351 807 2383 ubi
836 2350 987 2383 arbores
1018 2349 1194 2394 pomisere
1224 2349 1409 2390 frondent,
1441 2348 1503 2381 ubi
1534 2348 1698 2381 Bacchus
1728 2355 1856 2394 regnat
1885 2348 1921 2380 in
1946 2348 2077 2389 vineis,
2104 2347 2167 2380 ubi
2192 2348 2305 2382 Ceres

425 2422 577 2466 imperat
603 2420 639 2451 in
661 2419 770 2458 arvis,
795 2417 857 2450 ubi
882 2423 1104 2462 temperatus
1130 2428 1192 2449 aer
1217 2415 1377 2460 antiquis
1399 2415 1630 2461 philosophis
1654 2415 1772 2448 fuerat
1795 2415 2037 2448 consideratis
2062 2421 2157 2447 terre
2178 2413 2306 2448 stadiis

428 2487 645 2533 preelectus.
669 2486 698 2518 O
721 2497 825 2529 quam
848 2482 1236 2528 incomprehensibilia
1256 2489 1341 2515 sunt
1362 2482 1624 2527 omnipotentis
1645 2482 1711 2515 Dei
1731 2481 1927 2526 magnalia!

943 2577 990 2600 Hic
1005 2580 1045 2600 est
1059 2585 1119 2608 pax,
1137 2576 1201 2599 alibi
1217 2579 1271 2599 toto
1287 2576 1356 2599 Mars
1373 2576 1440 2599 sevit.
1455 2575 1481 2599 in
1497 2576 1569 2604 orbe,

945 2622 995 2644 Sed
1011 2621 1121 2644 Martem
1137 2620 1212 2652 prius
1228 2624 1254 2644 et,
1268 2623 1378 2643 mortem
1394 2620 1467 2643 locus
1483 2620 1532 2644 iste
1548 2620 1654 2651 recepit.

517 2718 686 2749 Preterea
714 2727 758 2747 ne
789 2714 934 2759 ligones
965 2714 1008 2746 ad
1040 2714 1185 2746 steriles
1215 2720 1248 2746 et
1278 2713 1437 2746 incultos
1467 2713 1639 2746 deferatis
1666 2724 1788 2758 agros,
1815 2711 1921 2746 vobis
1952 2711 2116 2756 magistri
2145 2711 2305 2744 Tholose

427 2783 594 2829 legentes
616 2781 772 2815 tribulos
793 2780 923 2826 plebee
945 2780 1112 2813 ruditatis
1138 2786 1174 2812 et
1200 2780 1323 2824 spinas
1345 2791 1474 2824 aspere
1495 2779 1696 2812 sterilitatis
1719 2785 1911 2823 ceteraque
1932 2784 2166 2812 removerunt
2185 2777 2306 2811 obsta-

427 2850 520 2883 cula.
544 2850 608 2882 Hic
626 2849 721 2882 enini
739 2847 901 2892 theologi
923 2846 1127 2891 discipulos
1148 2846 1186 2878 in
1208 2846 1359 2891 pulpitis
1381 2852 1416 2878 et
1437 2845 1593 2891 populos
1609 2845 1647 2878 in
1667 2845 1836 2890 compitis
1859 2845 2065 2886 informant,
2083 2844 2194 2890 logici
2214 2844 2306 2877 libe-

429 2916 566 2950 ralibus
602 2916 639 2948 in
677 2914 816 2948 artibus
856 2920 1003 2959 tyrones
1037 2912 1240 2946 Aristotilis
1275 2912 1484 2954 eruderant,
1519 2912 1743 2957 grammatici
1777 2911 2055 2945 balbutientium
2090 2911 2234 2957 linguas
2268 2911 2306 2944 in

555 2975 593 2998 17.
