2580 3528
223 408 323 450 1259]
563 417 610 439 AB
643 417 750 438 nmo
785 415 863 439 mcc
898 415 1031 444 usone
1066 416 1114 437 An
1150 416 1376 438 ruitirrt'n
1413 416 1453 437 iv
1488 417 1576 438 nso.
1614 417 1752 438 ransc.
2033 411 2096 444 407

219 559 356 597 358⁸.
379 567 524 594 Iohannes
552 567 589 594 de
608 567 749 602 Eugabio,
775 567 899 594 vicarius
921 566 1069 602 generalis
1090 567 1209 593 Eremit.
1229 568 1256 593 S.
1278 567 1444 602 Augustini,
1465 567 1494 593 in
1514 568 1685 603 praesentia
1709 568 1978 595 archidiaconorum
2001 571 2096 597 Par-is.

308 617 485 654 recognoscit
498 625 530 644 se
544 616 648 643 emisse
662 625 680 642 α
700 615 886 653 ΤΙιεορΙιαηὶα
902 615 943 642 ad
957 625 1030 653 opus
1044 617 1169 651 fratrum
1185 615 1343 652 quamdam
1359 615 1482 651 domum,
1501 616 1651 652 ipsumque
1667 616 1774 642 habere
1789 618 1970 653 propositum
1994 618 2098 645 ibidem

308 666 423 693 domum
438 669 466 692 et
480 665 637 692 orator-ium
652 665 846 691 construendi.

1309 737 1385 766 7259,
1400 744 1490 763 menso
1504 736 1644 767 Decembri.
1660 736 1679 771 [
1680 737 1787 763 Parisiis
1787 736 1813 771 J.

307 825 500 860 Universis
534 831 726 870 presentes
761 824 900 858 litteras
930 824 1164 869 inspecturis,
1191 823 1391 866 Johannes,
1422 823 1635 869 Radulphus
1666 831 1702 857 et
1730 825 1943 866 Gausridus,
1980 825 2097 858 archi-

217 891 362 926 diaconi
391 892 430 925 in
459 891 614 925 ecclesia
643 891 854 932 Parisiensi,
893 897 929 924 et
958 903 1083 924 eorum
1114 890 1288 924 officiales
1318 890 1470 924 salutem
1508 891 1545 923 in
1575 891 1743 924 Domino.
1775 892 1907 925 Notum
1943 892 2095 925 facimus

216 959 316 1004 quod
345 958 383 992 in
411 965 536 992 nostra
568 958 758 1004 presencia
783 958 1003 991 constitutus
1034 958 1144 991 frater
1174 957 1360 991 Johannes
1387 957 1431 990 de
1464 957 1621 1003 Egubio,
1653 958 1801 990 fratrum
1834 958 2098 991 Heremitarum

215 1024 368 1059 Ordinis
389 1025 510 1059 Sancti
530 1025 742 1070 Augustini,
772 1036 791 1058 a
816 1025 925 1057 fratre
947 1023 1182 1065 Lansranco⁴,
1210 1024 1332 1069 priore
1361 1024 1524 1069 generali
1555 1024 1641 1056 dicti
1672 1024 1835 1065 Ordinis,
1863 1031 1899 1057 et
1922 1037 1941 1058 a
1966 1025 2100 1057 diffini-

216 1091 360 1125 toribus
395 1091 554 1137 Capituli
591 1090 775 1137 generalis
808 1091 958 1124 fratrum
996 1091 1161 1136 ejusdem
1191 1090 1342 1124 Ordinis
1378 1091 1415 1123 in
1450 1090 1575 1135 regnis
1606 1090 1768 1131 Francie,
1807 1091 1952 1136 Anglie,
1991 1098 2099 1136 atque

216 1158 344 1192 Scocie
389 1157 566 1203 partibus,
617 1169 761 1191 necnon
806 1157 1043 1199 Lausanensi,
1083 1157 1316 1191 Verdunensi
1360 1163 1467 1202 atque
1510 1157 1765 1191 Cameracensi
1810 1157 2016 1191 civitatibus
2064 1165 2098 1192 et

215 1223 438 1270 dyocesibus
466 1223 687 1258 constitutus
712 1223 869 1256 vicarius
899 1229 935 1256 et
958 1223 1123 1256 visitator
1147 1222 1344 1268 generaliS,
1376 1230 1416 1256 ut
1441 1223 1600 1264 dicebat,
1626 1223 1786 1256 asseruit
1810 1230 1846 1256 et
1869 1224 2098 1269 recognovit,

215 1301 285 1324 suo
307 1296 344 1324 et
367 1289 546 1324 dictorum
571 1290 693 1323 fratris
719 1296 754 1322 et
778 1289 1014 1322 diffinitorum
1041 1295 1077 1322 et
1098 1289 1256 1334 Capituli
1283 1289 1443 1330 nomine,
1469 1289 1514 1322 ad
1540 1301 1633 1334 opus
1659 1289 1870 1322 eorumdem
1898 1301 1937 1323 se
1964 1290 2098 1323 emisse

213 1368 233 1390 a
269 1355 478 1398 Theofania,
517 1355 641 1389 relicta
676 1355 838 1388 defuncti
874 1355 1031 1400 Philippi
1068 1355 1212 1396 Comin,
1244 1355 1322 1388 cive
1353 1355 1562 1395 Parisie‘iisi,
1602 1355 1792 1400 quamdam
1830 1356 1977 1388 domum
2015 1368 2096 1389 cum

213 1421 371 1468 quodam
396 1422 543 1467 jardino
569 1422 687 1455 eidem
713 1421 837 1454 domui
862 1421 1062 1466 adjacente,
1090 1421 1194 1455 sitam
1220 1421 1381 1454 Parisius
1408 1428 1505 1454 extra
1532 1433 1656 1454 muros
1682 1421 1775 1454 ultra
1807 1429 1946 1466 portam
1978 1423 2098 1456 Sancti

215 1488 413 1531 Eustachii,
444 1489 482 1522 in
510 1489 590 1523 vico
621 1500 687 1534 per
715 1500 823 1534 quem
853 1488 926 1521 itur
954 1488 999 1522 ad
1029 1489 1189 1521 Montem
1217 1488 1418 1529 Martirum,
1445 1488 1483 1520 in
1509 1494 1602 1521 terra
1629 1494 1664 1521 et
1689 1488 1850 1521 dominio
1877 1489 2110 1522 venerabilis·

215 1555 327 1602 patris
366 1555 505 1589 domini
543 1555 763 1589 Parisiensis
793 1555 970 1600 episcopi,
1002 1561 1185 1588 oneratam
1217 1555 1254 1588 in
1284 1555 1522 1600 quadraginta
1559 1561 1594 1588 et
1630 1567 1703 1588 uno
1741 1554 1870 1588 solidis
1903 1556 2095 1600 parisiens.

212 1621 450 1656 censualibus
478 1621 643 1668 capitalis
675 1633 810 1655 census
841 1621 976 1655 debitis
1001 1621 1184 1655 annuatim
1211 1621 1307 1654 dicto
1334 1621 1482 1654 domino
1509 1621 1695 1666 episcopo,
1723 1622 1930 1667 contiguam
1956 1621 2099 1655 culture

213 1688 378 1734 ejusdem
409 1688 587 1735 episcopi,
613 1700 679 1734 pro
705 1688 872 1722 ducentis
893 1687 999 1721 libris
1021 1688 1228 1734 parisiens,
1252 1694 1291 1721 ut
1315 1687 1469 1721 dicebat.
1497 1687 1667 1720 Asseruit
1692 1688 1796 1721 etiam
1824 1694 1859 1721 et
1884 1689 2096 1733 recognovit

212 1755 312 1800 quod
337 1755 416 1801 ipse
442 1754 669 1802 proponebat
693 1755 839 1788 domum
867 1761 902 1788 et
927 1755 1124 1789 oratorium
1151 1754 1286 1787 ibidem
1311 1761 1525 1788 construere
1547 1754 1591 1787 ad
1612 1766 1705 1799 opus
1727 1754 1905 1788 dictorum
1932 1755 2096 1796 fratrum,

212 1828 250 1855 et
286 1828 411 1855 tenere
447 1821 484 1855 in
521 1834 628 1855 manu
666 1828 806 1855 mortua
843 1821 979 1855 dictum
1015 1821 1149 1855 locum.
1180 1822 1333 1866 Propter
1370 1821 1482 1866 quod,
1519 1821 1691 1855 videlicet
1727 1828 1765 1854 ut
1801 1821 1935 1854 dictum
1977 1821 2095 1855 locum

212 1894 337 1922 tenere
367 1894 494 1934 posset
522 1888 559 1921 in
588 1900 695 1922 manu
726 1894 881 1930 mortua,
911 1888 1070 1922 asseruit
1099 1895 1135 1921 et
1163 1888 1378 1933 recognovit
1403 1887 1522 1921 dictus
1546 1887 1732 1921 Johannes
1763 1887 1910 1920 nomine
1940 1900 2007 1921 suo
2038 1892 2097 1929 [ct]

211 1954 391 1988 dictorum
422 1955 556 2000 prioris
586 1961 622 1988 et
650 1955 813 1997 fratrum,
845 1967 885 1988 se
915 1955 1134 1989 convenisse
1168 1966 1248 1987 cum
1281 1954 1483 1987 reverendo
1516 1961 1615 1999 patre
1642 1954 1856 2000 Reginaldo,
1892 1955 1955 1987 Dei
1982 1955 2097 1999 gratia

211 2020 386 2066 episcopo
416 2021 628 2063 Parisiensi,
659 2021 757 2067 quod
787 2021 874 2055 dicti
905 2021 1006 2067 prior
1035 2027 1070 2054 et
1098 2021 1228 2054 fratres
1259 2014 1556 2066 possint⁴tenere
1587 2021 1721 2054 dictum
1754 2020 1873 2054 locum
1914 2021 1951 2054 in
1989 2033 2095 2054 manu

212 2092 354 2121 mortua
382 2099 448 2133 pro
477 2094 633 2133 quatuor
662 2086 768 2121 libris
798 2088 990 2133 parisiens.
1023 2087 1133 2121 annui
1163 2087 1342 2129 redditus,
1375 2087 1481 2120 dictis
1512 2087 1750 2132 quadraginta
1787 2099 1860 2120 uno
1898 2087 2027 2120 solidis
2059 2088 2095 2120 in

211 2164 352 2187 summa
387 2153 497 2199 hujus
533 2154 762 2200 computatis.
801 2154 1022 2188 Promittens
1052 2154 1171 2187 dictus
1202 2154 1311 2187 frater
1339 2153 1524 2187 Johannes
1556 2154 1702 2186 nomine
1740 2166 1806 2187 suo
1844 2160 1880 2186 et
1915 2154 2093 2186 dictorum

213 2219 347 2265 prioris
384 2226 420 2254 et
453 2220 616 2262 fratrum,
643 2227 679 2254 et
700 2232 740 2254 se
763 2205 992 2254 constituens
1015 2221 1058 2254 ad
1083 2220 1298 2254 solvendum
1326 2220 1475 2253 domino
1502 2218 1699 2252 Parisiesnsi
1726 2219 1913 2265 episcopo,
1941 2219 2002 2264 qui
2029 2232 2095 2265 pro

212 2292 376 2332 tempore
405 2286 527 2328 suerit,
558 2293 713 2332 quatuor
748 2286 861 2320 libras
892 2287 1084 2332 parisiens
1121 2287 1231 2320 annui
1264 2286 1428 2319 redditus
1466 2293 1673 2331 prenotatas
1703 2286 1740 2319 in
1772 2286 1962 2319 Nativitatc
1982 2286 2093 2319 beati

209 2352 388 2386 Iohannis
423 2353 598 2398 Baptiste,
635 2365 748 2398 super
783 2353 891 2387 dictis
928 2353 1037 2387 domo
1073 2360 1109 2386 et
1138 2353 1299 2398 jardino,
1333 2353 1472 2386 ratione
1504 2352 1759 2386 conventionis
1793 2353 1967 2397 predicte,
2005 2353 2094 2386 inite

211 2419 307 2452 inter
336 2419 454 2465 ipsum
485 2425 521 2453 et
550 2419 684 2453 dictum
715 2419 903 2453 dominum
935 2419 1160 2465 episcopum,
1192 2419 1237 2452 de
1268 2419 1426 2452 tenendo
1453 2419 1587 2452 dictum
1615 2418 1733 2451 locum
1760 2419 1797 2451 in
1821 2431 1926 2452 manu
1953 2425 2096 2452 mortua

211 2485 249 2518 in
278 2485 452 2528 futurum,
483 2492 518 2519 et
543 2498 582 2519 se
608 2497 727 2519 coram
755 2485 875 2526 nobis,
903 2486 1050 2519 nominc
1076 2498 1143 2519 suo
1169 2492 1204 2519 et
1229 2485 1407 2518 dictorum
1435 2485 1568 2530 prioris
1595 2491 1630 2518 et
1655 2485 1816 2525 fratrum,
1844 2497 1930 2531 erga
1957 2485 2092 2519 dictum

211 2551 398 2586 dominum
443 2552 669 2598 episcopum,
714 2558 886 2598 quantum
931 2552 974 2586 ad
1018 2552 1154 2586 dictum
1196 2563 1346 2585 censum
1384 2558 1540 2597 quatuor
1577 2550 1764 2591 librarum,
1809 2551 2016 2596 specialiter
2057 2558 2093 2586 et

210 2629 384 2664 expresse
414 2617 601 2665 obligavit,
633 2625 669 2652 et
697 2630 741 2652 ex
770 2630 866 2652 nunc
891 2618 1091 2665 obligatum
1118 2618 1266 2664 reliquit
1289 2630 1370 2651 cum
1398 2617 1553 2651 innectis
1579 2617 1712 2650 ibidem
1740 2618 1874 2663 pariter
1899 2625 1934 2652 et
1958 2617 2088 2659 illatis;

209 2683 339 2718 volens
374 2691 410 2719 et
445 2685 653 2719 concedens
689 2684 788 2730 quod
818 2685 1014 2731 episcopus
1047 2684 1278 2725 Parisiensis,
1310 2684 1371 2730 qui
1402 2696 1467 2731 pro
1498 2690 1660 2729 tempore
1691 2684 1811 2725 suerit,
1852 2696 1916 2730 per
1952 2696 1992 2718 se
2028 2684 2086 2718 vel

211 2762 276 2796 per
311 2750 434 2794 alium,
472 2751 590 2797 possit
624 2751 812 2797 assignare
843 2751 886 2785 ad
917 2751 1052 2785 dictum
1082 2751 1215 2790 locum,
1254 2763 1319 2797 pro
1355 2750 1546 2784 solucione
1583 2750 1669 2784 dicti
1701 2762 1848 2792 census,
1887 2751 2091 2784 secundum

210 2817 310 2862 quod
345 2816 416 2851 sibi
453 2818 629 2864 placuerit
664 2824 700 2852 et
734 2817 904 2860 voluerit,
943 2825 1111 2864 tanquam
1148 2818 1319 2852 dominus
1352 2817 1421 2851 loci
1459 2824 1494 2851 et
1530 2817 1645 2858 fundi,
1684 2829 1749 2851 seu
1787 2829 1851 2863 per
1886 2817 2090 2863 captionem

212 2882 407 2929 pignorum
445 2896 509 2919 seu
546 2884 617 2919 alio
654 2883 819 2930 quolibet
855 2885 978 2927 modo,
1017 2892 1125 2931 prout
1159 2884 1229 2918 sibi
1267 2884 1456 2930 placuerit,
1494 2883 1591 2917 salva
1632 2890 1749 2917 tamen
1786 2884 1902 2917 eidem
1944 2884 2092 2917 domino

211 2953 385 3000 episcopo
410 2955 618 2990 omnimoda
642 2955 784 3001 justitia
810 2955 846 2989 in
873 2955 969 2990 dicto
1000 2955 1080 2990 loco
1111 2963 1145 2990 et
1176 2956 1212 2989 in
1242 2955 1445 2989 habitantes
1474 2954 1622 2988 ibidem.
1655 2954 1758 2987 Prior
1787 2955 1906 2995 etium,
1938 2955 1967 2987 si
1999 2966 2092 2999 opus
