2580 3528
455 417 522 449 626
1039 422 1359 446 CHARTULAmnM
1394 421 1586 443 UNIVERS.
1624 420 1753 442 mes.
2235 409 2336 450 [1284

457 499 698 545 sapientiores
720 498 876 532 ecclesie
898 497 1100 538 militantis,
1122 497 1236 541 ipsam
1260 507 1384 529 eorum
1402 494 1610 540 jactantiam
1631 493 1832 527 asserimus
1859 505 1941 527 esse
1967 493 2106 535 falsam,
2136 492 2235 538 quod
2261 505 2336 528 non

458 573 557 600 esset
577 565 724 598 difficile
746 565 944 606 declarare,
967 564 1038 597 nisi
1060 570 1159 597 esset
1180 562 1400 607 comparatio
1423 561 1562 602 odiosa,
1586 560 1831 605 comparando
1852 559 1994 593 scilicet
2013 560 2148 606 scripta
2173 559 2334 606 scriptis,

459 644 634 678 personas
666 632 848 677 personis,
877 638 913 664 et
938 630 1083 663 labores
1110 629 1299 662 laboribus
1329 628 1416 661 satis
1445 627 1553 660 notis.
1587 628 1660 660 Hec
1689 633 1745 660 est
1771 627 1898 672 igitur,
1919 626 2115 668 karissimi,
2137 638 2336 672 processus

459 699 574 732 nostri
604 699 737 732 veritas
762 710 881 731 coram
913 699 1001 730 Deo.
1026 698 1069 729 Et
1095 696 1126 729 si
1152 696 1244 728 sorte
1272 695 1367 727 circa
1397 694 1558 739 predicta
1587 693 1751 726 desectus
1777 693 1885 726 nobis
1912 693 2044 738 aliquis
2071 692 2336 739 subrepsisset,

460 765 676 799 debuissent
709 764 863 810 predicti
896 764 1026 796 fratres
1061 774 1126 807 pro
1162 761 1302 806 paterni
1341 760 1494 793 honoris
1534 759 1658 793 debito
1697 760 1884 806 fragilitati
1923 766 2048 793 nostre
2089 760 2336 794 excusationis

461 832 607 878 pallium
630 831 841 871 obduxisse,
865 829 1057 875 presertim
1080 828 1163 873 quia
1188 827 1273 861 tuba
1299 827 1430 873 legalis
1456 827 1664 872 specialiter
1689 827 1843 872 precipit
1874 827 1946 860 diis
1975 839 2050 860 non
2074 826 2279 869 detrahere,
2301 833 2338 860 et

461 898 617 931 christos
639 897 784 929 Domini
805 908 879 929 non
902 902 1049 940 tangere
1074 920 1137 927 .....
1156 894 1282 928 Valete
1303 894 1340 926 in
1361 893 1507 927 Christo
1530 899 1566 926 et
1579 893 1733 939 Virgine
1754 893 1929 939 gloriosa.
1952 894 2081 927 Datum
2107 893 2204 939 apud
2224 894 2338 927 Bran-

460 965 587 997 (lestan
608 964 654 1008 vij
678 963 726 996 id.
750 961 975 995 Decembris.

550 1060 712 1091 Reqistrum
727 1061 871 1084 Peckham
887 1059 912 1082 in
936 1059 1065 1083 Lambeth
1085 1060 1188 1087 Pulace,
1214 1059 1259 1082 fot.
1285 1059 1340 1082 213.
1361 1073 1393 1076 —
1408 1058 1528 1088 Wilkins,
1549 1058 1676 1083 concilia
1695 1058 1822 1090 Maqnae
1843 1058 2026 1088 Britanniae,
2051 1059 2084 1087 11,
2101 1059 2155 1083 210.
2171 1058 2338 1091 Registrum

457 1105 564 1136 epistol.
576 1106 615 1135 fr.
629 1105 771 1129 Johcmnis
783 1105 935 1132 Peckham,
952 1104 992 1127 ed.
1009 1103 1114 1132 Max-tin,
1131 1104 1177 1132 111,
1192 1105 1246 1127 864.

552 1190 573 1212 1.
594 1189 720 1220 Magistro
738 1189 849 1220 Regem.
869 1202 901 1206 —-
915 1189 937 1212 2.
955 1188 1063 1211 Walteri
1078 1188 1218 1212 Scammel.
1233 1201 1264 1205 —
1280 1189 1301 1211 3.
1319 1187 1383 1211 Vide
1403 1196 1485 1219 supra
1503 1192 1533 1211 n⁰
1547 1189 1601 1212 474.
1617 1201 1650 1206 —
1663 1189 1686 1211 4.
1701 1187 1764 1211 Vide
1784 1188 1817 1211 ad
1837 1188 1886 1211 hoc
1906 1196 1987 1219 supra
2002 1188 2020 1211 l.
2037 1196 2059 1211 c.
2076 1202 2107 1206 —
2121 1190 2144 1212 5.
2159 1188 2224 1212 vide
2239 1190 2340 1212 statuta

458 1234 540 1265 Capp.
557 1234 672 1265 general.
692 1241 773 1265 supra
798 1237 826 1255 11⁰
845 1233 901 1257 481.
920 1247 951 1250 —
965 1234 988 1255 6.
1006 1233 1048 1256 Sic
1070 1236 1096 1256 et.
1117 1233 1144 1256 in
1164 1232 1267 1256 duabus
1283 1232 1343 1255 aliis
1360 1232 1430 1256 infra
1451 1232 1541 1256 relatis
1557 1232 1687 1264 epistolis.
1705 1232 1770 1256 Vide
1792 1233 1823 1256 de
1842 1234 1911 1256 sacto
1929 1233 1972 1256 hie
1987 1235 2095 1256 narrato
2109 1232 2180 1256 infra
2194 1237 2224 1256 n⁰
2238 1234 2292 1257 523.
2307 1245 2340 1252 -·

458 1280 479 1301 7.
496 1278 628 1301 Johanncs
648 1278 702 1301 XXI
718 1286 759 1301 an.
777 1278 846 1305 1277,
864 1278 893 1300 20
909 1277 979 1305 Maii,
995 1277 1061 1300 obiit
1077 1277 1145 1307 (vide
1160 1277 1282 1300 Pouhnst
1298 1280 1360 1308 post
1375 1281 1404 1300 n⁰
1419 1278 1515 1307 21249).
1537 1277 1617 1300 Sedes
1633 1277 1746 1301 vacabat
1760 1285 1808 1309 per
1827 1285 1873 1300 sex
1886 1285 1990 1301 menses
2005 1286 2090 1309 usque
2104 1277 2138 1301 ad
2155 1277 2281 1301 Novemb.
2298 1278 2337 1306 25,

458 1331 508 1354 quo
532 1323 655 1346 Nicolaus
671 1323 707 1345 111
725 1323 822 1345 clectus
838 1325 886 1346 cst.
903 1322 957 1345 lioc
979 1325 1097 1353 tempore
1118 1322 1210 1353 igitur,
1233 1330 1285 1353 quo
1305 1321 1439 1345 Johannes
1459 1322 1591 1345 Peckham
1611 1322 1694 1345 lector
1718 1322 1768 1345 suit.
1784 1321 1811 1345 in
1832 1322 1914 1350 curia,
1935 1322 1967 1345 de
1987 1322 2147 1354 quibusdam
2168 1321 2339 1354 opinionibus

458 1367 572 1390 Thomue
592 1368 623 1390 dc
643 1367 754 1398 Aquino,
775 1366 930 1390 nominatim
949 1368 981 1390 de
1001 1366 1111 1391 unitate
1130 1369 1249 1398 formae,
1274 1366 1301 1390 in
1322 1366 1499 1390 Universitate
1519 1366 1604 1390 Paris.
1624 1366 1783 1398 praesertim
1799 1366 1949 1398 Stephanus
1964 1367 2106 1398 episcopus
2125 1366 2221 1395 Paris„
2241 1366 2288 1399 qui
2310 1366 2338 1391 in

457 1411 587 1443 principio
603 1411 720 1443 ejusdem
736 1411 796 1434 anni
810 1412 855 1434 219
870 1419 973 1434 errores
989 1411 1182 1439 condemnavit,
1199 1419 1229 1434 ex
1244 1411 1355 1434 consilio
1370 1411 1560 1442 magistrorum
1575 1414 1689 1434 tractare
1704 1411 1866 1435 intendebat.
1881 1411 1958 1435 Forte
1971 1412 2063 1435 eodem
2077 1414 2196 1443 tempore
2209 1411 2339 1443 agebatur

457 1456 535 1479 ctiam
551 1457 582 1479 dc
603 1456 761 1488 quibusdam
777 1456 947 1487 opinionibus
964 1456 1054 1479 fratris
1070 1456 1172 1487 Aegidii
1189 1456 1252 1479 Ord.
1269 1456 1377 1479 Eremit.
1394 1456 1421 1479 S.
1438 1455 1587 1487 Augustini,
1604 1456 1636 1479 de
1649 1464 1700 1487 quo
1714 1455 1783 1479 infra
1798 1460 1827 1479 n⁰
1840 1457 1893 1479 522.

459 1644 571 1682 518.
594 1653 738 1680 lohannes
753 1653 903 1688 Pecklzam,
918 1653 1154 1690 archiepiscopus
1172 1655 1401 1688 Canium-densis,
1419 1654 1454 1681 de
1470 1654 1568 1681 eodem
1583 1658 1761 1689 argumento.

1563 1759 1640 1788 1285,
1656 1758 1776 1784 danuam?
1789 1758 1807 1788 1,
1823 1759 1892 1790 apud
1904 1758 2030 1791 Lydinton.

548 1831 775 1873 Reverendo,
792 1837 871 1873 etc.,
891 1831 1056 1864 salutem.
1080 1833 1121 1864 In
1142 1844 1343 1877 progressu
1363 1833 1584 1867 visitationis
1605 1832 1871 1878 metropolitice
1888 1832 2158 1866 Lincolniensis
2180 1832 2341 1867 diocesis

459 1910 575 1943 nuper
596 1910 660 1943 per
681 1898 890 1931 Oxonicnse
913 1898 1073 1931 studium
1094 1899 1269 1932 facientes
1290 1899 1494 1941 transitum,
1514 1906 1615 1945 pater
1631 1900 1874 1941 sanctissime,
1896 1899 2143 1933 intelleximus
2164 1899 2338 1944 quasdam

459 1965 651 2009 opiniones
682 1976 854 1997 erroneas
880 1965 918 1997 in
945 1964 1076 1998 litteris
1106 1965 1373 2011 philosophicis
1403 1967 1518 2000 fuisse
1548 1967 1740 2000 temerarie
1770 1973 1943 2012 quantum
1974 1966 2017 2000 ad
2047 1966 2186 2011 aliquas
2217 1966 2339 2000 denuo

458 2031 662 2071 suscitatas,
694 2043 783 2075 quas
814 2038 937 2063 sancte
968 2032 1142 2064 memorie
1173 2032 1344 2066 dominus
1375 2033 1569 2075 Robertus,
1599 2034 1842 2078 predecessor
1876 2040 2001 2066 noster
2033 2033 2271 2075 novissimus,
2301 2033 2340 2067 in

461 2109 661 2143 progressu
689 2097 872 2130 consimili
894 2097 938 2130 de
960 2098 1217 2142 magistrorum
1243 2100 1399 2133 consilio
1428 2100 1668 2145 reprobavit¹.
1692 2100 1867 2134 Nolentes
1892 2106 2011 2133 autem
2038 2100 2175 2134 nostris
2200 2107 2342 2146 tempo·-

460 2163 562 2198 ribus
592 2175 737 2196 errores
766 2163 976 2208 hujusmodi
1004 2165 1226 2209 prosperari,
1252 2173 1379 2199 vocato
1408 2166 1610 2200 venerabili
1637 2167 1716 2200 viro
1744 2166 1815 2200 loci
1848 2167 2013 2211 ejusdem
2044 2167 2264 2212 dyocesano,
2294 2166 2342 2200 de

461 2230 576 2275 ipsius
598 2229 752 2263 consilio
774 2230 1022 2275 processimus
1043 2230 1080 2263 in
1100 2230 1196 2264 hunc
1218 2232 1378 2273 modum,
1396 2232 1615 2266 ratificantes
1635 2233 1807 2267 videlicet
1827 2245 2041 2279 processum
2063 2233 2341 2279 predecessoris

462 2296 576 2329 nostri
598 2296 634 2328 in
656 2308 825 2329 sermone
843 2296 989 2341 publico
1010 2309 1130 2330 coram
1151 2297 1262 2339 clero,
1281 2311 1320 2331 ac
1338 2298 1546 2332 inhibentes
1568 2312 1612 2332 ne
1633 2300 1765 2345 aliquis
1786 2312 1828 2333 ex
1851 2307 1934 2333 tunc
1955 2300 2111 2345 aliquam
2128 2299 2343 2345 opinionem

463 2363 672 2407 hujusmodi
702 2362 921 2404 defensaret,
953 2363 1069 2396 donec
1099 2364 1274 2397 canonico
1305 2366 1468 2410 ejusdem
1500 2366 1686 2400 diocesani
1714 2366 1868 2400 consilio
1889 2373 1924 2400 et
1949 2367 2054 2400 etiam
2076 2367 2341 2412 magistrorum

464 2429 619 2462 sollicite
639 2429 861 2470 videremus,
884 2436 1002 2462 utrum
1025 2430 1061 2462 in
1083 2430 1173 2475 ipsis
1195 2431 1432 2476 opinionibus
1460 2439 1559 2466 esset
1583 2433 1715 2478 aliquis
1745 2433 1934 2476 articulus,
1956 2434 2018 2479 qui
2039 2445 2104 2479 pro
2134 2445 2221 2479 pace
2249 2445 2341 2478 quo-

466 2496 615 2528 rundam
646 2502 772 2540 posset
800 2496 879 2529 sine
910 2496 1072 2541 periculo
1100 2497 1263 2539 tolerari;
1294 2511 1359 2532 nce
1382 2499 1426 2532 de
1448 2500 1662 2533 defensione
1693 2500 1940 2546 predictorum
1971 2512 2135 2533 errorum
2165 2499 2342 2545 implicite

465 2562 522 2595 vel
543 2561 710 2606 explicite
731 2568 860 2594 statum
882 2562 1038 2607 aliquem
1065 2565 1268 2598 notavimus
1288 2565 1345 2599 vel
1366 2578 1573 2611 personam.
1597 2567 1783 2610 Quandam
1810 2574 1928 2600 autem
1956 2567 2099 2600 illarum
2125 2566 2339 2612 opinionum

467 2628 651 2673 tetigimus
686 2628 903 2672 specialiter,
940 2641 1016 2662 eam
1052 2631 1252 2664 manifestis
1288 2632 1489 2666 rationibus
1530 2633 1800 2679 impugnantes,
1836 2634 2048 2679 ponentium
2083 2632 2266 2674 videlicet,
2301 2632 2340 2666 in

465 2693 611 2726 homine
632 2694 787 2727 existere
810 2696 1055 2729 tantummodo
1076 2697 1226 2730 formam
1248 2710 1367 2741 unam,
1390 2711 1456 2744 pro
1485 2712 1527 2732 eo
1553 2700 1651 2745 quod
1677 2712 1720 2733 ex
1745 2700 1822 2745 ipsa
1843 2700 2021 2745 sequitur,
2044 2699 2184 2733 nullum
2205 2710 2339 2744 corpus

466 2760 585 2793 Sancti
616 2760 771 2793 totaliter
791 2760 848 2793 vel
869 2762 1066 2806 partialiter
1095 2764 1132 2796 in
1162 2771 1237 2798 toto
1266 2765 1354 2798 orbe
1385 2766 1540 2799 existere
1570 2767 1627 2800 vel
1654 2767 1691 2799 in
1719 2766 1842 2808 urbe',
1865 2779 1945 2800 cum
1967 2766 2046 2800 sine
2067 2766 2204 2799 unitate
2224 2766 2340 2798 forme

465 2826 649 2871 generalis
669 2833 729 2859 aut
749 2826 918 2871 specialis
940 2828 1078 2861 nullum
1100 2842 1233 2876 corpus
1255 2832 1372 2876 possit
1392 2833 1628 2866 numeraliter
1655 2845 1737 2866 esse
1763 2833 1906 2866 unum'.
1929 2832 2009 2865 Alia
2035 2832 2141 2865 etiam
2166 2832 2340 2866 inconve-

467 2893 601 2926 nientia
635 2899 839 2937 sequuntur
872 2893 1061 2928 innumera
1089 2907 1132 2928 ex
1160 2896 1228 2929 hoc
1256 2897 1349 2942 ipso.
1379 2899 1460 2931 Fuit
1489 2911 1614 2932 revera
1641 2899 1702 2932 illa
1729 2899 1853 2944 opinio
1886 2899 2008 2932 fratris
2042 2898 2181 2932 Thome
2215 2905 2339 2932 sancte

467 2959 640 2992 memorie
671 2960 715 2992 de
744 2959 907 3004 Aquin03
936 2967 991 2993 set
1016 2961 1094 3006 ipse
1122 2962 1158 2995 in
1179 2962 1236 2997 his
1262 2971 1296 2997 et
1322 2965 1358 2997 in
1379 2965 1460 2998 aliis
1485 2965 1696 3010 hujusmodi
1724 2965 1830 2998 dictis
1858 2966 1936 2999 suis
1966 2977 2068 2999 suam
2093 2965 2340 2998 innocentiam

591 3018 629 3041 79.

2572 3039 2580 3071 1·

2574 3074 2580 3134 ἶ
