2618 3640
267 411 364 452 1202]
581 421 627 442 AB
662 420 767 442 ΑΝΝο
803 419 880 442 uec
916 419 1051 448 usqua
1087 418 1136 441 An
1174 412 1408 441 P’fltLIPPUM
1445 419 1485 441 iv
1520 419 1610 441 RcG.
1648 420 1786 442 fiune.
2103 412 2143 444 61

265 506 360 528 anno
380 494 554 528 vicesimo
575 493 705 540 primo,
728 492 930 527 astantibus
950 493 988 527 in
1010 492 1141 539 palatio
1163 499 1289 527 nostro
1309 504 1464 538 quorum
1486 493 1632 526 nomina
1654 494 1842 538 supposita
1864 501 1947 527 sunt
1968 501 2003 528 ct
2027 495 2144 540 sigua'.

265 561 435 607 Dapifero
470 559 584 594 nullo.
629 560 780 606 Signum
818 560 1002 594 Guidonis
1039 559 1259 593 buticularii.
1299 560 1334 593 S.
1370 559 1503 593 Mathei
1538 560 1739 593 camerarii.
1779 560 1929 605 Signum
1966 562 2146 595 Droconis

263 627 536 662 constabularii.

398 695 486 728 Data
505 700 653 728 vacante
674 695 864 740 (monogr.)
884 693 1112 727 cancellaria.

356 792 492 824 Originale
507 792 533 816 in
548 792 626 816 Arch.
642 795 696 817 nat.
712 792 797 816 Paris.
814 793 848 816 M.
864 793 920 820 affl,
932 796 962 815 n⁰
972 792 996 815 1.
1012 792 1093 816 Deest
1107 791 1236 823 sigillum.
1258 792 1408 824 Supersunt
1422 792 1467 816 fila
1482 792 1582 816 sericea
1596 791 1672 816 rubei
1687 792 1794 816 coloris.
1815 793 1834 816 A
1850 792 1948 816 Denisse
1963 793 2004 816 cd.
2021 792 2047 815 ἰιι
2062 793 2146 816 Mc'm.

261 837 337 862 dela
352 837 414 862 Soc·
429 838 462 861 de
480 836 564 862 l'hist.
583 838 617 861 de
634 837 722 862 Paris
740 841 765 862 et
779 838 811 861 de
825 836 1071 865 l'Ile·de-France,
1095 837 1124 865 X,
1146 837 1201 861 247.
1222 836 1375 865 Pertinebat.
1388 837 1423 860 ad
1438 837 1542 861 Archiv.
1560 837 1759 861 Universitatis.
1775 851 1806 854 —
1821 837 1946 860 Biblioth.
1968 837 2100 868 Phillipps
2121 837 2146 860 iu

262 881 434 905 Cbeltenhum
449 889 498 906 ms.
509 882 564 909 876,
582 882 628 906 tol.
642 881 681 906 51.
697 881 821 910 Bulaeus,
838 882 884 910 111,
901 882 924 906 2.
941 881 1079 911 Jourdain,
1091 885 1120 904 n⁰
1131 881 1154 910 1,
1170 881 1216 904 ubi
1231 881 1321 905 variae
1336 881 1474 910 editiones,
1491 885 1517 906 et
1531 882 1637 910 Delisle,
1655 882 1810 913 Cataloyue
1827 883 1874 907 des
1890 886 1963 906 actes
1974 883 2007 906 cle
2017 881 2148 913 Philippa

261 928 396 957 Anquste,
417 930 446 949 n⁰
464 926 520 954 629,
540 925 587 949 ubi
605 925 685 950 etium
700 926 799 950 diversi
815 934 879 950 mss.
896 927 1058 950 referuntur.
1072 940 1103 944 --
1117 925 1183 949 Cum
1198 926 1248 949 hoc
1263 926 1434 950 celeberrimo
1449 927 1606 951 documento
1626 926 1757 958 incipiunt
1776 929 1944 950 monumenta
1963 926 2147 950 Universitntis

261 970 346 995 Paris.
362 970 460 994 Verum
479 973 528 998 est,
545 970 717 995 Guillelmum
737 970 903 994 Armoricum
918 970 1043 1000 scribere,
1061 971 1118 1002 jam
1137 974 1240 1002 patrem
1261 971 1388 1003 Philippi,
1409 971 1572 995 Ludovicum
1587 971 1642 1000 Vll,
1663 980 1675 994 (ι
1691 971 1841 995 libertatem
1857 974 1882 995 et
1897 971 2039 1003 specialem
2054 979 2147 1003 prero-

261 1014 379 1047 gativam
398 1014 559 1039 detensionis
583 1015 650 1047 ipsis
675 1015 823 1039 scolaribus
846 1015 1008 1047 impendisse
1023 1023 1035 1038 n
1056 1015 1182 1047 (OEuvres
1201 1017 1234 1040 de
1249 1016 1359 1046 thord
1375 1020 1401 1040 et
1415 1017 1448 1040 de
1464 1016 1630 1040 Guillaume
1645 1016 1670 1040 le
1685 1017 1800 1043 Bretou,
1817 1016 1858 1039 ed.
1873 1015 2028 1044 Delnborde,
2046 1016 2064 1044 1,
2082 1016 2146 1047 230).

262 1060 294 1083 At
313 1048 414 1083 frustra(
434 1059 540 1091 quaeris
562 1059 748 1084 documentum
763 1059 843 1092 (quod
863 1061 994 1083 referatur
1013 1060 1046 1083 ud
1067 1060 1183 1084 scolares
1203 1060 1376 1092 Parisienses)
1396 1060 1422 1084 in
1442 1060 1508 1084 actis
1529 1060 1654 1084 Ludovici
1670 1061 1716 1084 Vlt
1731 1060 1800 1091 (vide
1819 1060 1956 1088 Luchnire,
1977 1055 2082 1085 Etudes
2095 1067 2148 1085 sur

262 1104 300 1129 les
314 1106 396 1129 Actes
407 1105 442 1129 de
451 1103 541 1129 Louis
556 1103 619 1128 VII.
634 1104 719 1132 Paris,
736 1104 816 1136 1885).
831 1105 892 1128 Jnm
907 1112 976 1128 saec.
992 1105 1061 1128 xvn
1076 1107 1169 1128 auctor
1183 1104 1271 1136 operis
1287 1105 1481 1130 Universitatis
1491 1105 1586 1130 Paris.
1600 1106 1718 1136 eiusque
1732 1105 1905 1135 facultatum
1918 1109 2044 1136 quatuor
2065 1104 2148 1135 Oriyo

261 1155 328 1173 vera
348 1148 474 1180 scripsit:
492 1157 504 1171 α
521 1148 582 1173 Sive
602 1148 628 1172 in
647 1149 824 1172 decretatibus
840 1149 896 1172 sive
912 1148 938 1172 in
953 1149 1031 1173 libris
1047 1149 1236 1181 manuscriptis
1252 1149 1450 1178 universitatis,
1468 1149 1524 1173 sive
1539 1149 1566 1173 in
1581 1149 1637 1181 ejus
1657 1149 1790 1173 tabulario
1807 1149 1872 1173 nihil
1892 1153 1940 1177 est,
1957 1150 2026 1181 quod
2041 1150 2149 1173 excedat

261 1196 374 1217 aetatem
389 1193 534 1217 tnnocentii
548 1193 619 1217 tertii
634 1196 661 1217 et
675 1193 792 1225 Philippi
803 1193 925 1225 Augusti.
937 1202 949 1216 ι)
966 1193 1036 1218 Bibl.
1051 1193 1174 1219 Univers.
1190 1194 1275 1218 Puris.
1292 1202 1342 1218 ms.
1355 1202 1383 1218 u.
1395 1195 1415 1223 1,
1432 1194 1454 1223 1,
1470 1203 1498 1226 p.
1509 1195 1606 1218 1198.—
1619 1194 1677 1222 Qua
1692 1194 1829 1218 occasione
1844 1194 2015 1226 privilegium
2031 1194 2147 1226 Philippi

261 1237 372 1269 Augusti
392 1245 547 1262 concessum
566 1237 602 1261 sit
615 1237 675 1262 vide
696 1238 799 1263 θὴν-οη.
816 1238 949 1269 maqt'stri
964 1238 1068 1269 Roqeri
1080 1239 1113 1262 de
1125 1238 1285 1268 Houedene,
1301 1239 1342 1262 ed.
1360 1238 1469 1267 Stubbs,
1484 1239 1526 1268 lv,
1543 1239 1598 1263 120.
1619 1238 1713 1262 Evenit
1728 1239 1777 1262 sub
1793 1239 1950 1262 cancellario
1971 1239 2054 1263 Paris.
2071 1239 2147 1262 Petro

261 1282 418 1310 Pictavenni,
443 1282 488 1314 qui
513 1282 641 1306 successit
665 1282 798 1306 Hulduino
822 1282 891 1313 (vide
915 1291 998 1314 supra
1021 1286 1092 1314 part.
1116 1283 1214 1306 introd.
1238 1283 1271 1306 nd
1296 1287 1325 1306 n⁰
1349 1283 1381 1315 8),
1398 1286 1424 1307 et
1438 1291 1507 1307 anno
1531 1283 1592 1306 1193
1607 1283 1724 1315 primum
1747 1287 1775 1307 ut
1799 1283 1976 1307 cancellarius
1997 1283 2148 1307 nominatur

260 1326 304 1357 (cf.
321 1326 450 1355 Gudrard,
468 1326 546 1351 Cart.
566 1327 599 1351 de
617 1326 807 1351 Notre-Dame
826 1327 858 1354 11,
879 1327 943 1358 468),
965 1327 1058 1350 ultimo
1074 1335 1136 1351 vero
1150 1335 1219 1351 anno
1235 1327 1296 1351 1204
1316 1327 1401 1358 (ibim,
1417 1336 1444 1359 p.
1460 1328 1524 1359 513).
1545 1327 1650 1351 Albi-ico
1666 1327 1758 1351 Trium
1779 1328 1900 1351 Pontium
1918 1331 1983 1352 teste
1998 1328 2065 1351 obiit
2078 1336 2146 1351 nnno

261 1371 322 1395 1205
343 1374 368 1394 et
383 1378 431 1402 per
445 1378 528 1394 annos
544 1371 574 1394 38
593 1369 757 1402 theologiam
775 1371 841 1402 legit
860 1371 980 1395 Parisiis.
1001 1371 1055 1403 Ipsi
1076 1371 1204 1395 successit
1225 1371 1377 1395 Boi-nardus
1401 1371 1524 1400 Chnbert,
1541 1371 1615 1403 cujus
1637 1372 1795 1395 mentionem
1817 1372 1879 1396 lucit
1898 1372 2068 1396 Obituurium
2083 1373 2145 1396 eccl.

260 1415 344 1440 Paris.
356 1415 425 1445 (vide
440 1414 570 1443 Guerard,
582 1415 624 1444 lv,
636 1415 675 1443 62,
687 1418 713 1438 et
727 1415 797 1439 infra
812 1415 845 1438 ad
861 1419 890 1439 n⁰
904 1415 938 1447 6).
950 1415 1128 1444 Theobaldus‚
1140 1424 1218 1447 quem
1234 1416 1402 1445 Hcmcraeus,
1419 1417 1459 1440 De
1472 1417 1552 1440 acad.
1567 1416 1670 1445 Paris„
1684 1425 1711 1448 p.
1725 1417 1779 1445 115,
1796 1417 1828 1440 ad
1845 1425 1887 1440 nn.
1903 1417 1960 1440 1200
1976 1420 2003 1440 ut
2016 1417 2147 1440 cnncclln-

260 1459 330 1484 rium
341 1461 430 1488 refert,
446 1467 499 1483 non
515 1459 565 1483 tuit
579 1459 753 1483 cancellarius
769 1460 832 1484 eccl.
849 1460 944 1489 Puris„
961 1460 1006 1483 sed
1021 1460 1196 1484 cancellarius
1211 1460 1315 1484 comitis
1331 1460 1474 1484 Blesensis.
1486 1461 1551 1484 Vide
1566 1461 1695 1489 Gue‘rurd,
1713 1462 1789 1486 Cart.
1801 1462 1834 1485 (le
1849 1461 2041 1486 Notre-Dctme
2056 1462 2075 1489 l,
2092 1462 2146 1486 296.

356 1545 367 1568 1
384 1547 410 1568 et.
424 1545 448 1569 2.
465 1544 554 1568 Primo
568 1547 626 1568 erat
640 1544 770 1576 scriptum
785 1553 798 1568 «
813 1544 854 1568 dei
871 1553 893 1573 u,
916 1545 986 1576 quod
1003 1545 1052 1568 fuit
1066 1548 1215 1569 correctum
1231 1544 1257 1568 in
1274 1554 1286 1568 «
1301 1553 1369 1576 aque
1385 1553 1447 1569 ».-
1457 1546 1480 1569 3.
1498 1545 1606 1577 Legitur
1622 1545 1791 1577 «judicatum
1807 1546 1924 1577 legitime
1939 1554 1964 1571 »:
1982 1554 2029 1577 per
2042 1545 2147 1569 linio'lus

259 1589 391 1613 indicatur
412 1589 554 1621 legendum
574 1597 632 1613 esse
654 1592 683 1613 ut
703 1597 795 1621 supra.
810 1603 842 1607 —
856 1590 880 1614 [ι.
898 1590 927 1613 tn
942 1589 1013 1621 orig.
1029 1597 1033 1612 1
1053 1589 1137 1614 «sicut
1156 1597 1239 1622 supra
1259 1589 1360 1613 dictum
1380 1593 1421 1614 est
1440 1590 1497 1613 sine
1512 1589 1583 1614 omni
1599 1589 1697 1621 injuria
1712 1589 1840 1613 custodiri
1858 1599 1880 1613 n.
1898 1590 2014 1614 Liniolue
2030 1590 2149 1614 indicant

259 1633 417 1666 positionem
432 1633 574 1657 verborum
589 1637 619 1657 ut
633 1641 725 1665 supro.

261 1791 306 1829 2.
330 1800 498 1828 Matthaeus
519 1800 556 1827 de
577 1801 871 1828 Monte-Morenciaco
893 1805 922 1828 et
944 1801 1097 1828 Mathildis
1121 1810 1195 1828 uxor
1220 1803 1282 1838 ejus
1310 1801 1383 1828 dant
1402 1802 1522 1837 vineam,
1547 1810 1623 1838 quae
1645 1801 1798 1828 dicebatur
1819 1801 1937 1828 clausus
1959 1802 2032 1828 Mali
2054 1802 2146 1837 vicini,

349 1849 510 1886 hospin'bus
525 1849 566 1876 ad
580 1849 719 1877 hostisias
733 1850 898 1885 faciendae,
916 1854 944 1878 et
959 1854 1131 1887 componunt
1146 1859 1208 1877 cum
1224 1855 1360 1878 conventu
1377 1854 1404 1878 S.
1425 1852 1593 1886 Genovesae.

1604 1941 1684 1970 1202,
1699 1939 1826 1975 [missia
1827 1940 1854 1975 J.

349 2028 427 2073 Ego
454 2026 619 2061 Matheus
645 2027 690 2061 de
716 2029 1106 2070 Monte—MorenciaeQ
1135 2028 1307 2062 dominus
1335 2028 1508 2070 Marliaci,
1536 2035 1572 2062 et
1597 2027 1770 2062 Maltildis
1798 2041 1888 2062 uxor
1916 2041 1993 2062 mea
2022 2035 2145 2062 notum

259 2093 410 2127 facimus
436 2100 505 2127 tam
532 2094 663 2128 suturis
689 2106 795 2140 quam
817 2094 1066 2140 presentibus,
1095 2095 1194 2141 quod
1221 2095 1363 2129 vineam
1390 2102 1565 2137 nostram,
1588 2107 1664 2142 >que
1685 2095 1873 2129 dicebatur
1894 2095 2041 2129 clausus
2064 2095 2148 2129 Mati

259 2160 382 2201 vicini,
411 2172 519 2206 quem
548 2167 714 2195 tenemus
741 2161 785 2194 ab
813 2161 968 2195 ecclesia
993 2163 1123 2196 Sancte
1148 2162 1349 2204 Genwese,
1378 2161 1447 2196 sub
1473 2174 1594 2196 annuo
1620 2174 1734 2196 censu
1759 2162 1866 2196 trium
1889 2162 2090 2196 solidorum
2113 2169 2149 2196 ct

259 2237 324 2260 vm
345 2226 592 2269 denariorum,
613 2227 782 2262 dedimus
803 2227 1011 2274 hospitibus
1031 2229 1076 2263 ad
1096 2228 1269 2263 hostisias
1289 2229 1474 2263 faciendas
1497 2229 1541 2263 de
1562 2241 1716 2263 assensu
1742 2236 1777 2262 et
1802 2229 1986 2263 voluntate
2007 2229 2147 2262 abbatis

260 2299 296 2326 et
323 2293 581 2327 canonicorum
611 2294 740 2328 Sancte
769 2295 971 2335 Genovese,
1002 2307 1158 2341 quorum
1188 2302 1291 2330 erant
1319 2296 1455 2330 fundus
1486 2302 1581 2329 terre
1606 2295 1707 2329 illius
1735 2302 1770 2329 et
1797 2296 1935 2329 decima
1964 2302 1999 2329 et
2028 2295 2146 2328 onmis

254 2360 414 2406 justicia.
445 2360 622 2394 Statutum
650 2367 707 2395 est
732 2368 864 2404 autem,
894 2362 993 2407 quod
1021 2362 1082 2396 ille
1109 2374 1244 2397 census
1270 2362 1434 2408 capitalis
1463 2374 1608 2408 semper
1636 2362 1704 2395 erit
1731 2363 1990 2395 canonicorum
2017 2362 2147 2395 Sancte

260 2427 460 2468 Genovese,
490 2433 526 2460 et
548 2426 713 2473 hospites
738 2428 800 2473 qui
826 2427 876 2462 ibi
903 2435 1010 2462 erunt
1034 2429 1282 2471 mansionarii,
1305 2429 1363 2463 sui
1384 2435 1492 2462 erunt
1512 2428 1754 2475 parrochiani,
1782 2435 1817 2462 et
1837 2440 1965 2461 omues
1986 2428 2146 2462 (lecimus

260 2500 328 2528 tam
360 2505 510 2540 magnas
539 2505 645 2539 quam
676 2494 833 2528 minutas
863 2494 1051 2541 capellano
1081 2495 1127 2529 de
1156 2497 1280 2530 Monte
1311 2495 1534 2542 persolvent,
1571 2502 1607 2529 et
1640 2502 1759 2529 cetera
1788 2496 1871 2540 jura
1908 2494 2145 2541 parrochialia

259 2560 461 2595 secundum
491 2561 796 2595 consuetudinem
828 2561 1017 2608 parrochie
1047 2574 1125 2596 sue.
1158 2562 1273 2596 Nobis
1302 2569 1421 2596 autem
1449 2561 1560 2596 abbas
1588 2569 1624 2596 et
1649 2569 1853 2596 conventus
1881 2569 2146 2596 concesserunt

260 2633 372 2662 totum
403 2634 638 2674 augmentum
673 2634 808 2662 census
837 2628 1074 2663 hostisiarum
1108 2641 1179 2674 que
1213 2628 1264 2662 ibi
1299 2629 1398 2667 fient.
1435 2629 1533 2675 quod
1567 2629 1678 2675 vulgo
1713 2629 1847 2662 dicitur
1881 2629 2079 2663 Croiscens
2109 2636 2145 2662 et

260 2694 488 2728 medietatem
509 2694 776 2737 venditionum,
798 2695 973 2737 thelonei,
1001 2696 1145 2742 rotagii,
1174 2696 1303 2741 foragii
1325 2703 1361 2730 et
1380 2696 1541 2730 omnium
1564 2702 1804 2742 proventuum
1829 2702 1896 2729 tam
1913 2696 2142 2741 justiciarium

259 2772 366 2807 quam
400 2760 552 2795 aliorum
589 2762 796 2797 reddituum
832 2762 894 2808 qui
929 2763 1114 2809 pertinent
1146 2763 1191 2797 ad
1223 2763 1422 2809 jtisticiam‚
1459 2770 1495 2797 et
1532 2763 1760 2797 medietatem
1801 2763 1930 2809 ripagii
1970 2769 2141 2809 quantum

260 2827 406 2862 clausus
435 2834 648 2874 comportat.
681 2822 1020 2875 Quotienscumque
1050 2836 1198 2864 ventum
1228 2830 1338 2864 suerit
1365 2830 1409 2863 ad
1439 2830 1542 2864 vadia
1572 2829 1698 2872 duelli,
1730 2830 1883 2864 ducetur
1913 2829 2075 2863 ducllum
2107 2830 2142 2862 in

260 2894 395 2929 curiam
423 2894 681 2929 canonicorum
712 2896 748 2929 in
778 2897 902 2930 Monte
931 2902 967 2931 et
997 2896 1047 2930 ibi
1077 2896 1237 2938 finietur,
1266 2897 1364 2930 salva
1392 2903 1511 2930 tamen
1542 2897 1734 2930 medietate
1765 2903 1887 2930 nostra
1918 2897 1962 2929 ‹le
1990 2896 2141 2931 emenda

261 2960 387 2995 duelli.
418 2961 547 2995 Omnis
576 2961 643 2996 alia
668 2963 816 3008 justicia
847 2963 1031 2998 tenebitur
1057 2975 1169 3009 super
1197 2964 1398 3010 predictum
1426 2963 1588 2998 clausum
1621 2976 1736 3009 usque
1767 2964 1810 2997 ad
1841 2963 1983 2996 vadium
2014 2962 2139 2995 duelli.
