2580 3528
492 381 555 413 532
1076 389 1393 412 ciun‘rumnmm
1428 387 1617 410 uuivsns.
1653 386 1782 409 Pinus.
2260 377 2360 418 [1275

492 463 594 497 ribus
615 464 816 509 pretendat,
839 471 871 497 et
893 475 1003 509 super
1023 463 1090 496 hoc
1112 463 1218 495 fidem
1240 463 1344 495 saciat
1363 462 1393 494 si
1414 461 1523 494 suerit
1543 460 1755 505 requisitus,
1777 466 1967 505 antequam
1988 459 2033 493 ad
2053 460 2231 506 premissa
2250 461 2360 494 suerit

491 530 748 564 admittendus.
770 529 927 564 Secundo
948 530 1138 563 statuimus
1160 529 1257 574 quod
1278 529 1447 561 decctero
1469 539 1541 559 non
1563 527 1623 559 fiat
1642 526 1679 558 in
1705 538 1775 559 una
1796 526 1995 571 septimana
2020 527 2092 560 nisi
2113 539 2184 560 una
2204 539 2367 573 congre-

491 597 588 642 gatio
610 604 733 630 nostre
754 597 946 637 facultatis,
975 596 1045 629 nisi
1071 607 1177 629 casus
1203 594 1394 627 emerserit
1419 606 1483 638 pro
1510 605 1581 638 quo
1608 598 1774 637 oporteat
1796 604 1954 635 cessare,
1983 600 2023 626 ut
2042 593 2280 627 mutilationis
2300 593 2358 628 vel

491 664 774 704 intersectionis3
804 663 869 696 sed
896 663 962 695 alia
990 662 1141 707 negocia
1169 673 1233 706 per
1261 667 1437 693 rectorem
1467 666 1502 692 et
1526 666 1783 704 procuratores
1807 659 2060 705 expediantur,
2086 667 2122 694 et
2146 660 2177 694 si
2201 660 2358 694 consilio

491 730 691 775 indigeant,
712 736 843 763 vocent
862 729 1086 773 antiquiores
1112 727 1254 772 aliquos
1280 733 1315 759 et
1340 727 1532 767 discretos,
1559 725 1617 759 vel
1642 737 1760 771 usque
1785 725 1829 759 ad
1854 727 2177 772 congregationem
2205 727 2358 772 negocia

492 803 735 829 reserventur.
759 797 799 829 Et
822 796 881 828 ssat
900 794 1135 839 congregatio
1157 794 1215 826 die
1237 792 1461 838 disputabili,
1484 792 1530 825 ita
1553 799 1671 825 tamen
1697 792 1794 837 quod
1816 792 2085 838 disputationes
2110 805 2184 826 non
2209 800 2359 839 propter

491 862 558 895 hoc
580 862 834 907 impediantur,
863 861 926 894 sed
953 861 1013 905 qui
1040 860 1223 893 voluerint
1249 859 1449 904 disputare,
1479 859 1522 891 de
1549 858 1702 892 licencia
1723 859 1876 892 rectoris
1902 865 1938 892 et
1961 859 2019 892 sui
2043 860 2292 905 procuratoris
2312 859 2357 894 de

490 928 774 973 congregatione
809 928 990 960 recedant.
1027 927 1063 959 Si
1097 938 1183 959 vero
1218 926 1255 958 in
1290 925 1489 970 septimana
1524 937 1597 958 non
1630 925 1739 958 suerit
1768 925 1847 959 dies
1876 925 2124 971 disputabilis,
2147 926 2247 971 quod
2276 938 2357 960 raro

489 995 630 1035 accidit,
653 995 710 1027 die
732 994 870 1027 sabbati
898 1000 981 1038 post
1006 994 1136 1026 missas
1158 992 1349 1025 nacionum
1376 991 1436 1025 fiat.
1456 992 1707 1038 congregatio,
1734 999 1770 1025 et
1789 992 1850 1026 illa
1872 992 1930 1026 die
1951 993 2116 1026 cursorie
2136 999 2264 1038 postea
2283 1005 2358 1026 non

488 1061 640 1106 legatur.
675 1061 801 1094 Tercio
829 1060 1019 1093 statuimus
1047 1066 1085 1092 ut
1112 1059 1235 1092 nullus
1264 1059 1438 1104 magister
1464 1060 1716 1104 cujuscunque
1743 1059 1854 1092 fuerit
1880 1059 2058 1101 nacionis,
2088 1059 2275 1105 provincie
2299 1059 2358 1094 vel

488 1128 731 1172 episcopatus,
754 1127 967 1159 intromittat
986 1138 1025 1159 se
1047 1126 1117 1159 nisi
1143 1126 1187 1158 de
1214 1126 1321 1158 unico
1346 1126 1440 1159 festo
1466 1125 1658 1171 principali
1683 1126 1721 1158 in
1742 1138 1811 1159 una
1832 1126 1986 1159 nacione
2011 1133 2048 1160 et
2066 1126 2173 1160 etiam
2193 1126 2356 1172 speciali,

488 1194 646 1239 exceptis
671 1193 774 1226 sestis
799 1193 894 1226 beati
923 1192 1085 1226 Nicholai
1116 1199 1152 1225 et
1179 1192 1283 1225 beate
1314 1192 1498 1234 Katerine,
1531 1204 1600 1237 que
1632 1199 1716 1226 sunt
1746 1193 1952 1226 communia
1982 1199 2018 1226 et
2046 1192 2263 1238 sollempnia
2291 1193 2358 1227 toti

486 1260 596 1293 clero.
621 1261 760 1305 Quarto
781 1260 971 1293 statuimus
993 1266 1031 1292 ut
1050 1260 1087 1292 in
1108 1259 1247 1292 eisdem
1269 1259 1372 1292 festis
1394 1259 1451 1293 vel
1471 1259 1552 1292 aliis
1574 1259 1697 1292 nullus
1719 1259 1893 1305 magister
1913 1260 2019 1293 saciat
2038 1271 2105 1293 nec
2126 1266 2299 1304 quantum
2319 1259 2358 1293 in

487 1339 525 1360 se
547 1334 602 1360 est
621 1327 699 1360 fieri
719 1326 901 1372 permittat
921 1333 1125 1372 paramenta
1153 1339 1219 1359 nec
1245 1338 1372 1360 coreas
1398 1326 1481 1359 duci
1506 1327 1544 1359 in
1571 1326 1651 1360 vico
1674 1326 1718 1359 de
1740 1326 1798 1359 die
1820 1338 1887 1360 nec
1908 1327 1953 1360 de
1973 1333 2080 1360 nocte
2100 1339 2181 1359 cum
2203 1326 2357 1360 torticiis

486 1394 542 1427 vel
563 1395 656 1435 sine,
678 1406 757 1426 cum
780 1393 861 1426 talia
882 1393 1035 1426 clericos
1057 1406 1130 1426 non
1157 1393 1310 1426 deceant
1336 1405 1402 1426 nec
1428 1393 1624 1438 magistros
1650 1393 1836 1438 precipue,
1864 1393 1929 1427 sed
1950 1394 2072 1439 potius
2093 1393 2301 1427 redundent
2319 1393 2357 1427 in

488 1461 701 1506 vituperium
725 1460 952 1493 clericorum.

575 1529 647 1560 Hec
674 1534 791 1560 autem
819 1528 937 1578 omnia
964 1528 1155 1560 statuimus
1183 1533 1218 1560 et
1239 1527 1443 1572 juravimus
1469 1527 1729 1560 inviolabiliter
1758 1526 1998 1568 observanda,
2031 1533 2170 1560 retenta
2197 1526 2356 1560 facultati

485 1594 646 1638 predicte
676 1600 852 1639 potestate
880 1594 1050 1636 addendi,
1082 1593 1256 1633 mutandi,
1289 1593 1491 1635 minuendi,
1523 1594 1733 1639 corrigendi
1761 1600 1796 1627 et
1822 1593 1927 1627 etiam
1956 1593 2177 1639 exponendi,
2208 1593 2357 1639 dispen-

485 1660 589 1693 sandi
610 1661 789 1702 similiter,
811 1661 1144 1705 quocienscumque
1165 1659 1349 1694 videbitur
1369 1660 1555 1706 expedire,
1577 1661 1624 1693 ita
1645 1667 1764 1693 tamen
1783 1660 1881 1705 quod
1902 1660 1947 1693 de
1968 1660 2152 1693 communi
2172 1671 2356 1694 consensu

484 1727 643 1759 omnium
664 1727 731 1760 hoc
753 1727 934 1772 procedat.
959 1727 994 1760 Si
1016 1727 1098 1772 quis
1118 1739 1205 1760 vero
1227 1727 1400 1772 magister
1420 1727 1478 1760 vel
1499 1726 1742 1760 bachellarius
1768 1733 1893 1760 contra
1919 1726 2098 1772 premissa
2122 1726 2182 1760 vel
2202 1725 2357 1772 premis-

486 1805 607 1826 sorum
636 1794 772 1839 aliquid
793 1794 983 1839 quicquam
1009 1800 1220 1839 attemptare
1242 1794 1519 1839 presumpserit,
1546 1806 1565 1826 a
1590 1800 1715 1827 nostra
1740 1794 1912 1827 societate
1938 1805 1978 1827 se
2004 1793 2148 1826 noverit
2171 1792 2357 1838 expellen-

486 1860 583 1902 dum,
612 1861 727 1893 donec
756 1861 999 1894 satisfactione
1026 1861 1203 1906 premissa
1231 1867 1303 1894 tota
1330 1860 1480 1894 facultas
1501 1861 1620 1906 ipsum
1649 1860 1793 1893 duxerit
1817 1859 2075 1894 revocandum.
2106 1861 2146 1892 In
2172 1860 2277 1904 cujus
2303 1858 2356 1892 rei

487 1927 730 1960 testimonium
759 1928 900 1960 statutis
928 1927 1161 1972 presentibus
1188 1927 1334 1973 signum
1362 1927 1515 1960 rectoris
1543 1934 1579 1960 et
1607 1927 1752 1972 signum
1781 1933 1936 1972 quatuor
1962 1926 2154 1959 nacionum
2186 1926 2356 1959 duximus

486 1994 710 2038 apponenda.
751 1995 877 2027 Datum
918 2006 1011 2027 anno
1051 1994 1197 2026 Domini
1232 1994 1522 2035 M⁰CC⁰LXXV⁰,
1551 1993 1609 2027 die
1642 1994 1740 2038 jovis
1772 1999 1853 2026 ante
1887 1993 2019 2026 festum
2061 1992 2158 2025 beati
2191 1991 2356 2026 Nicholai

486 2059 662 2093 hiemalis.

579 2157 641 2181 Cod.
659 2158 714 2180 Vat.
731 2158 793 2189 Reg.
810 2159 864 2186 406,
881 2159 924 2182 fol.
941 2160 979 2182 69.
996 2158 1064 2182 Bihl.
1081 2158 1212 2190 Phillipps
1229 2158 1255 2181 in
1271 2157 1450 2186 Cheltenham,
1467 2166 1516 2181 ms.
1534 2159 1588 2186 876,
1604 2158 1649 2182 fol.
1665 2157 1720 2186 66¹2,
1737 2157 1787 2180 sub
1802 2157 1908 2180 rubrica
1926 2165 1932 2180 2
1951 2166 1962 2180 t(
1978 2157 2014 2180 De
2029 2157 2106 2180 modo
2121 2155 2313 2180 determinandi
2330 2160 2358 2181 et

486 2201 636 2224 licentiundi
650 2205 674 2225 et
687 2202 827 2233 incipiendi
844 2202 1032 2234 magistrorum
1046 2211 1067 2226 ».
1083 2217 1113 2220 —
1129 2203 1252 2231 Bulaeus,
1269 2203 1315 2231 111,
1331 2203 1386 2226 420.

582 2286 603 2309 1.
623 2287 658 2309 De
673 2287 896 2318 disputationibus
913 2288 981 2311 circa
998 2288 1088 2311 Nutale
1104 2288 1163 2311 vide
1178 2287 1283 2312 Archiv
1298 2288 1318 2317 s.
1334 2287 1508 2311 maceratur-
1526 2293 1555 2310 u.
1571 2287 1785 2318 Kirchenqesch.
1801 2288 1848 2311 des
1862 2286 2012 2315 Mittelalae„
2028 2287 2074 2315 ΙΙΙ,
2090 2287 2144 2315 320,
2160 2289 2230 2310 nota.

488 2474 600 2511 462.
628 2484 777 2510 Ordinatio
797 2485 995 2510 Universitatis
1010 2485 1189 2511 Parisiensis
1205 2485 1240 2511 de
1255 2484 1385 2510 librariis
1399 2485 1457 2511 sive
1472 2485 1668 2512 stationariis.

1665 2581 1741 2610 1275,
1756 2580 1902 2607 Decembris
1915 2580 1941 2610 8,
1957 2580 2070 2606 Parisiis.

581 2651 804 2685 Uuiversitas
825 2653 1080 2697 magistrorum
1102 2661 1137 2687 et
1156 2654 1348 2687 scolarium
1370 2655 1530 2687 Parisius
1552 2655 1595 2687 ad
1617 2662 1827 2700 perpetuam
1848 2654 1900 2687 rei
1925 2654 2148 2687 memoriam.
2176 2652 2352 2695 Quoniam

491 2728 577 2762 ager
598 2716 658 2749 ille
679 2718 816 2750 fructus
838 2718 968 2752 uberes
994 2720 1121 2753 afferre
1143 2721 1319 2762 noscitur,
1348 2721 1405 2754 cui
1432 2733 1517 2754 cura
1545 2721 1665 2754 coloni
1693 2721 1840 2754 caucius
1868 2720 2030 2765 undique
2057 2719 2284 2765 providetur,
2309 2730 2355 2751 ne

492 2794 558 2815 nos
580 2783 761 2815 dominico
781 2783 986 2817 laborantes
1012 2786 1049 2818 in
1073 2798 1159 2831 agro
1185 2787 1229 2819 ad
1256 2787 1411 2820 fructum
1437 2794 1630 2820 centenum
1654 2786 1850 2821 virtutibus
1871 2793 1906 2820 et
1930 2786 2081 2819 scientia
2106 2785 2262 2818 Domino
2285 2785 2355 2818 dis-

492 2855 648 2893 ponente
674 2850 896 2894 querendum
925 2857 1105 2895 utrunque
1131 2852 1313 2885 molestari
1338 2853 1395 2886 vel
1422 2853 1591 2898 impediri
1616 2853 1814 2899 contingat,
1840 2852 1884 2886 ab
1909 2852 1983 2886 illis
2003 2851 2156 2885 maxime
2178 2851 2239 2896 qui
2260 2851 2354 2884 circa

492 2915 696 2948 parisiense
722 2916 878 2948 studium
906 2923 1052 2961 propter
1077 2925 1242 2961 questum
1269 2919 1305 2951 in
1331 2919 1504 2964 operibus
1529 2920 1790 2953 mercennariis
1816 2925 1852 2952 et
1876 2918 2079 2952 ministerio
2100 2917 2199 2963 quod
2218 2917 2354 2962 impen-
