2580 3528
237 404 334 452 12'71]
571 419 621 442 ΑΒ
653 418 761 441 Anno
795 417 874 440 nec
909 417 1044 446 usque
1078 417 1128 439 An
1162 416 1393 439 munerum
1428 417 1470 438 1v
1503 417 1593 439 nnc.
1630 417 1768 439 firme.
2046 410 2113 443 495

234 494 371 528 bonum
390 504 458 527 seu
476 492 666 526 meliorem
687 492 797 526 situm
818 492 914 525 inter
934 490 1114 537 quandam
1139 491 1292 536 domum·
1312 491 1463 524 fratrum
1490 490 1761 524 Predicatorum
1787 491 2047 525 parisiensium
2068 505 2112 526 ex

233 572 304 594 unu
328 566 442 606 parte,
465 565 502 593 et
520 558 719 605 predictam
741 558 888 592 domum
910 570 981 603 que
1000 557 1069 591 suit
1090 564 1131 591 ut
1149 557 1353 603 predictum
1370 563 1427 590 est
1446 557 1577 590 domus
1603 557 1669 590 Dei
1695 557 1906 598 Parisiens.,
1931 570 1974 591 ex
1999 558 2109 592 altera

233 633 334 674 parte
364 637 373 661 z
406 637 475 660 nos
503 626 547 659 ad
579 625 859 672 requisitionem
890 624 1138 671 predictorum
1171 623 1312 658 abbatis
1342 631 1377 657 et
1410 630 1614 657 conventus
1643 623 1776 657 intuitu
1808 624 1951 669 pietatis
1982 631 2017 658 et
2045 636 2111 670 pro

233 693 485 739 redemptione
518 692 685 738 ejusdem
723 698 900 738 perpetuo
934 691 1186 725 concessimus
1221 697 1258 724 et
1289 691 1506 724 donavimus
1535 690 1671 724 dictum
1707 690 1826 724 vicum
1851 691 1953 735 juxta
1983 691 2112 725 domos

233 771 319 795 suas
347 771 392 794 ex
420 766 572 805 utraque
599 765 701 805 parte
730 759 841 793 situm
871 765 911 792 ut
939 758 1076 792 dictum
1106 764 1163 792 est
1190 769 1257 804 pro
1287 758 1366 792 suis
1395 757 1566 791 domibus
1587 757 1790 803 jungendis
1816 764 1851 791 et
1876 758 2111 803 perficiendis

232 827 328 862 sicut
355 826 540 861 voluerint
567 833 604 860 et
630 825 791 860 viderint
819 825 1004 872 expedire.
1035 825 1213 859 Volentes
1244 831 1363 858 tamen
1392 824 1646 870 indempnitati
1675 836 1715 858 ae
1746 824 2020 870 tranquillitati⁸
2045 826 2111 859 sra-

233 900 328 928 trum
351 893 638 935 Predicatorum,
659 893 721 939 qui
742 892 861 926 scolas
883 904 982 935 suas,
1006 891 1260 925 dormitorium
1282 898 1318 926 et
1339 891 1428 925 alias
1451 891 1614 925 officinas
1637 903 1722 925 suas
1747 891 1882 925 habere
1906 899 2108 926 noscuntur

233 960 331 995 dieto
363 960 444 995 vico
477 960 631 1003 vicinas,
665 959 804 994 utiliter
837 959 1045 1005 providere,
1076 959 1115 992 in
1143 959 1385 992 concessione
1414 958 1625 1004 hujusmodi
1659 959 1730 992 vici
1763 958 1852 1003 (h)as
1880 959 2112 993 conditiones

233 1027 404 1062 duximus
423 1026 672 1073 apponendas,
692 1026 866 1060 videlicet
884 1025 983 1072 quod
1004 1037 1078 1059 non
1102 1025 1210 1059 liceat
1234 1025 1342 1059 dietis
1368 1024 1488 1059 abbati
1513 1032 1549 1059 et
1573 1025 1769 1059 conventui
1795 1025 1959 1060 Cluniae.
1981 1038 2112 1060 versus

233 1094 363 1128 fratres
389 1093 427 1128 in
453 1093 637 1140 superiori
664 1100 764 1139 parte
793 1093 864 1127 vici
891 1093 1046 1139 predicti
1070 1092 1263 1138 coquinam
1287 1092 1346 1126 vel
1371 1092 1545 1126 cloactam
1572 1092 1690 1126 facere
1717 1104 1783 1126 seu
1810 1099 2026 1127 construere
2053 1093 2111 1127 vel

232 1161 372 1207 aliquid
390 1161 489 1207 quod
509 1160 644 1203 turbet,
670 1160 850 1206 inquietet
871 1166 934 1194 aut
957 1159 1191 1206 dampnifieet
1211 1159 1329 1193 dictos
1348 1159 1493 1201 fratres,
1520 1166 1582 1193 aut
1605 1159 1711 1193 etiam
1738 1171 1946 1206 campanam
1967 1160 2112 1206 erigere

234 1240 300 1262 seu
323 1227 461 1274 aliquid
486 1227 585 1261 aliud
610 1233 822 1273 attemptare
847 1226 886 1260 in
912 1233 1013 1272 parte
1046 1226 1221 1272 predicta,
1255 1226 1353 1272 quod
1378 1232 1637 1260 nocumentum
1666 1238 1732 1259 seu
1758 1226 1953 1272 dampnum
1982 1227 2113 1260 inferat

232 1293 406 1329 fratribus
432 1292 639 1336 antedictis,
666 1300 728 1327 aut
755 1293 930 1335 studium,
961 1293 1121 1338 quietem
1152 1305 1218 1326 seu
1249 1293 1407 1326 officium
1438 1305 1564 1342 eorum
1595 1293 1768 1338 impediat
1795 1293 2025 1339 aliquatenus
2052 1300 2113 1327 aut

232 1360 433 1408 perturbet.
462 1360 619 1394 Predicti
645 1366 764 1394 autem
791 1359 904 1393 abbas
931 1366 967 1393 et
992 1366 1196 1393 conventus
1226 1359 1339 1393 nichil
1363 1360 1472 1404 juris,
1503 1360 1755 1405 possessionis
1785 1372 1850 1393 seu
1879 1361 2111 1406 proprietatis

232 1428 379 1475 penitus
399 1427 559 1461 retinent
577 1427 614 1461 in
634 1427 732 1461 dicto
752 1427 833 1461 vico
854 1426 962 1460 nobis
983 1425 1026 1460 ab
1047 1426 1187 1460 eisdem
1209 1433 1249 1460 ut
1268 1426 1404 1460 dietum
1425 1427 1463 1459 in
1484 1427 1860 1472 recompensationem
1883 1427 1979 1468 dato,
2002 1427 2111 1462 immo

232 1506 301 1529 nos
330 1501 366 1528 et
394 1505 631 1528 successores
659 1493 776 1527 nostri
806 1493 844 1526 in
874 1493 1003 1527 eodem
1030 1493 1111 1527 vieo
1141 1492 1358 1526 habebimus
1388 1493 1426 1526 in
1454 1493 1614 1527 futurum
1651 1493 1895 1526 omnimodam
1926 1494 2111 1539 justiciam

232 1561 338 1596 altam
357 1568 394 1595 et
412 1560 556 1595 bassam
576 1560 672 1595 sicut
690 1560 728 1594 in
747 1559 818 1594 alio
838 1560 933 1602 vieo,
950 1571 1059 1606 quem
1080 1559 1151 1594 sibi
1171 1560 1437 1602 concessimus,
1456 1560 1558 1605 prius
1578 1559 1816 1602 habebamus,
1839 1559 2011 1594 omnibus
2031 1560 2112 1595 aliis

231 1627 364 1662 litteris
384 1628 521 1662 nostris
542 1634 645 1662 antea
665 1639 777 1673 super
797 1627 988 1673 premissis
1009 1626 1285 1661 conditionibus
1305 1627 1482 1661 consectis
1502 1634 1563 1661 aut
1582 1627 1865 1673 quibuscunque
1887 1627 2029 1661 traditis
2050 1634 2111 1661 aut

231 1694 422 1729 concessis
448 1694 618 1728 decetero
644 1693 818 1728 minime*
845 1693 1023 1728 valituris.
1050 1695 1092 1727 In
1117 1694 1222 1740 cujus
1248 1694 1301 1728 rei
1327 1694 1577 1728 testimonium
1605 1693 1840 1740 presentibus
1868 1693 2000 1728 litteris
2026 1706 2112 1728 nos-

233 1768 328 1796 trum
361 1761 514 1796 fecimus
547 1761 680 1807 apponi
713 1760 890 1807 sigillum.
924 1761 1055 1795 Actum
1091 1761 1187 1807 apud
1228 1762 1388 1795 Mentem
1423 1761 1528 1806 Argi,
1569 1761 1628 1794 die
1663 1761 1834 1794 mercurii
1869 1767 1951 1794 ante
1986 1760 2110 1795 Natale

233 1828 380 1863 Domini
398 1840 493 1862 anno
514 1828 677 1874 ejusdem
700 1828 831 1863 M⁰CC⁰
851 1828 1126 1874 septuagesimo
1146 1828 1278 1874 primo,
1301 1839 1427 1862 mense
1447 1827 1675 1862 Decembris.

327 1921 458 1948 Chartul.
481 1921 667 1948 cluniacense
689 1923 766 1952 (saec.
788 1922 857 1952 xm)
877 1921 905 1945 in
923 1921 993 1945 Bibl.
1013 1924 1067 1945 nat.
1088 1921 1173 1946 Puris.
1195 1930 1244 1946 ms.
1265 1922 1312 1946 lut.
1333 1922 1404 1950 5458,
1424 1926 1454 1945 n⁰
1473 1922 1528 1950 209,
1548 1921 1598 1945 sub
1618 1921 1724 1945 rubrica
1741 1930 1747 1945 ε
1765 1930 1777 1944 r(
1792 1921 1872 1945 Curta
1892 1921 2010 1954 Philippi
2030 1921 2111 1953 regis.

229 1966 344 1992 nonum
363 1969 483 1991 nostrum
497 1966 623 1991 Pari-ian.
641 1975 665 1991 ι.
687 1966 858 1991 occideretur
873 1965 899 1990 in
916 1966 1110 1992 Charmlam'is
1125 1974 1188 1990 mu.
1203 1966 1250 1990 lat.
1268 1967 1329 1990 5459
1343 1969 1369 1990 et
1384 1967 1468 1990 17087.
1486 1966 1522 1990 De
1537 1966 1604 1998 ipsis
1620 1966 1679 1990 vide
1696 1966 1802 1995 uenale,
1820 1966 1986 1992 Inventaire
1997 1968 2044 1992 des
2058 1973 2110 1992 ms.

231 2012 266 2036 de
280 2011 310 2037 la
322 2011 394 2037 Bm.
407 2015 478 2042 mu„
494 2012 587 2037 Famis
603 2012 636 2037 de
653 2011 748 2042 Cluui,
763 2011 798 2035 11¹¹
813 2011 928 2035 iss-1110.
951 2025 982 2029 —
998 2011 1073 2035 nand
1095 2010 1174 2036 dubie
1196 2011 1238 2035 hie
1262 2011 1351 2043 agitur
1370 2011 1402 2035 de
1432 2011 1543 2043 collegio
1568 2011 1781 2035 Cluniacensium
1805 2014 1830 2035 et
1851 2011 1957 2044 quidem
1977 2012 2009 2035 de
2037 2014 2113 2043 purte

231 2054 350 2088 ejudem
367 2063 461 2080 versu·
474 2056 623 2089 posteriora
642 2059 786 2081 conventus
807 2057 919 2080 fratrum
937 2056 1161 2080 praedicatorum.
1186 2065 1198 2080 ι(
1213 2057 1274 2080 Jum
1293 2056 1339 2080 diu
1363 2059 1403 2080 est
1418 2064 1430 2079 ι)
1451 2064 1532 2080 unam
1546 2056 1654 2080 domum
1669 2056 1779 2080 Parisiis
1799 2056 1939 2080 aedificare
1959 2059 2109 2088 coeperunt.

233 2100 272 2124 Cf.
288 2108 371 2133 supr·
384 2100 419 2124 n*
431 2101 487 2130 870,
500 2101 556 2125 875.

327 2179 350 2204 1.
366 2180 503 2213 Repetam
515 2180 543 2204 iu
557 2188 606 2205 me.
621 2194 653 2200 -—
666 2182 689 2205 2.
705 2181 754 2206 Hs.
771 2189 777 2205 ι
795 2190 807 2205 α
822 2181 968 2205 faciendum
984 2189 1005 2205 ».
1022 2195 1051 2200 -
1067 2182 1090 2206 3.
1107 2181 1155 2206 Mu.
1173 2190 1185 2204 c«
1201 2181 1402 2214 tranquillitati
1417 2189 1439 2205 ν.
1455 2194 1487 2199 -
1500 2182 1524 2205 4.
1541 2181 1588 2204 Mn.
1606 2189 1611 2204 z
1627 2189 1640 2204 ι(
1655 2181 1800 2205 munimine
1813 2189 1835 2205 n.

232 2332 347 2371 439.
370 2342 512 2378 Magister
529 2341 667 2369 Nicotaus
693 2343 875 2370 Lexoviemiae
898 2343 999 2370 scribit
1021 2342 1170 2370 Guillelmo
1199 2342 1235 2370 de
1260 2346 1288 2370 S.
1312 2344 1416 2370 Amore
1439 2344 1469 2369 ιἰι
1494 2342 1628 2369 exsilium
1650 2344 1738 2379 ejecto
1763 2343 1877 2379 ipsique
1898 2352 1981 2369 suum
2006 2342 2110 2370 librum

323 2394 423 2418 contra
437 2390 632 2418 mendicantes
647 2392 838 2428 compositum
853 2392 1031 2419 transmittit.

1531 2428 1573 2455 dn,
1592 2428 1749 2455 1270-1277.

324 2488 379 2523 Si*
401 2488 564 2523 instituta
584 2489 794 2535 apostolica,
816 2495 855 2524 ut
874 2488 982 2523 nobis
1003 2496 1089 2524 sunt
1107 2501 1126 2523 a
1147 2489 1283 2523 sanctis
1303 2488 1479 2535 apostolis
1501 2489 1629 2523 tradita
1650 2495 1685 2523 et
1704 2489 1748 2523 ab
1769 2501 1895 2523 eorum
1917 2501 2109 2523 successo-

235 2553 337 2588 ribus
376 2554 541 2589 doctrina
578 2562 612 2589 et
651 2567 763 2602 opere
803 2555 986 2598 roborata,
1019 2555 1131 2589 corde
1166 2555 1323 2602 simplici
1357 2567 1603 2598 servaremus,
1642 2555 1741 2589 nulla
1780 2556 1875 2590 inter
1908 2555 2108 2590 catholicos

233 2620 414 2664 dubietas,
449 2621 547 2656 nulla
581 2622 750 2665 varietas,
785 2621 882 2656 nulla
918 2622 1102 2669 prophana
1130 2622 1271 2657 novitas
1305 2622 1474 2657 oriretur.
1509 2622 1579 2656 Sed
1615 2621 1722 2657 nobis
1757 2635 1911 2669 sompno
1946 2623 2105 2669 torporis

233 2687 500 2723 dormientibus
521 2689 691 2723 inimicus
712 2701 777 2736 per
797 2702 885 2724 suos
907 2689 1097 2724 testiculos
1118 2689 1154 2723 in
1176 2689 1296 2723 medio
1319 2689 1427 2724 tritici
1448 2701 1522 2724 non
1543 2689 1679 2723 desinit
1698 2690 1831 2724 zizania
1855 2690 2050 2732 seminare,
2072 2697 2108 2723 ct

233 2754 345 2789 cauda
365 2767 431 2789 sua
452 2767 525 2790 non
545 2755 662 2790 solum
683 2757 823 2790 tertiam
847 2763 983 2803 partem
1005 2756 1071 2790 sed
1092 2755 1393 2799 innumerabiles,
1410 2763 1445 2790 et
1464 2757 1540 2790 sere
1561 2768 1703 2798 omnes,
1724 2757 1807 2803 quia
1829 2756 1926 2790 [ilius
1946 2757 2105 2791 hominis

233 2821 386 2855 veniens
406 2821 515 2856 fidem
535 2822 573 2857 in
598 2829 693 2857 terra
717 2835 790 2858 non
815 2823 990 2865 inveniet,
1013 2835 1136 2857 secum
1163 2823 1199 2857 in
1226 2830 1357 2857 terram
1379 2822 1521 2857 trahere
1542 2829 1578 2857 et
1597 2823 1742 2857 deicere
1770 2823 1806 2857 in
1827 2836 2002 2858 errorem.
2029 2825 2105 2858 Jam

234 2887 331 2922 enim
356 2888 501 2923 videtur
524 2902 602 2923 enm
630 2890 813 2937 stringere
839 2890 943 2937 quasi
971 2890 1120 2924 cedrum
1149 2890 1259 2925 immo
1288 2890 1423 2924 utinam
1450 2902 1524 2924 non
1553 2901 1662 2936 supra
1691 2890 1854 2924 cedrum.
1884 2892 1960 2924 Jam
1991 2902 2105 2924 cornu

234 2953 417 2989 modicum
445 2966 486 2990 se
514 2956 623 3002 erigit
651 2953 691 2991 ut
715 2956 886 3003 loquatur
914 2956 1105 3003 :inagnissca
1133 2964 1165 2991 et
1194 2957 1231 2991 in
1261 2956 1446 2991 Christum
1475 2956 1633 3003 proferat
1661 2956 1919 3002 blasphemias.
1952 2956 2104 3000 Quidam
