2580 3528
274 446 371 488 1246]
617 456 664 477 ΑΒ
699 455 804 478 Almo
840 455 916 478 uec
952 455 1084 484 usouss
1120 456 1167 477 An
1203 455 1431 478 PutLIPPUM
1467 445 1513 490 lv,
1543 456 1630 478 aas.
1669 456 1805 479 rumne.
2088 449 2150 481 195

271 529 466 576 sepissime
486 529 691 571 sustinetis,
714 529 799 562 dum
826 529 963 574 privata
984 535 1020 562 et
1038 529 1149 562 ardua
1170 536 1290 563 vestra
1315 529 1462 575 negotia
1482 541 1563 562 cum
1585 529 1738 574 queritis
1764 529 1872 562 alieni
1894 530 2007 575 sigilli
2034 542 2149 563 reme-

270 590 371 630 dium
399 596 553 631 veniunt
579 596 617 630 in
646 596 815 629 noticiam
846 595 1012 629 aliorum.
1046 597 1120 629 Nos
1150 596 1271 642 itaque
1300 602 1421 630 vestre
1448 596 1655 629 devotionis
1683 595 1855 642 precibus
1882 603 2085 630 annuentes
2111 604 2151 630 ut

271 662 435 709 sigillum
456 662 644 709 proprium
667 674 732 708 pro
753 662 913 708 negotiis
934 662 971 695 in
992 661 1127 708 quibus
1147 674 1255 696 causa
1275 669 1396 696 vestre
1418 662 1583 696 utilitatis
1605 662 1663 696 vel
1679 662 1831 696 honoris
1847 663 1996 708 agitur',
2015 663 2060 696 de
2076 675 2148 708 quo

271 736 391 763 tamen
411 729 492 764 sine
516 735 638 763 vestre
666 729 923 763 Universitatis
950 736 1011 763 aut
1040 730 1188 775 majoris
1216 729 1328 775 partis
1359 729 1563 775 regentium
1591 729 1847 775 magistrorum
1873 741 2028 763 assensu
2050 729 2149 763 nulle

270 796 390 830 littere
416 795 639 842 sigillentur,
668 807 786 842 usque
811 796 856 829 ad
882 796 1115 842 septennium
1142 796 1276 830 habere
1304 797 1455 842 possitis
1482 797 1630 830 fratrum
1652 802 1861 830 nostrorum
1883 796 2148 830 communicato

270 862 426 897 consilio
445 863 658 897 auctoritate
678 862 784 897 vobis
805 863 1029 908 presentium
1051 863 1299 909 indulgemus.
1316 863 1414 897 Nulli
1435 875 1538 909 ergO,
1554 869 1634 905 etc.,
1652 869 1777 896 nostre
1797 863 2065 903 concessionis,
2082 869 2146 898 etc.

271 930 309 964 Si
329 930 412 976 quis
431 936 566 971 autem,
585 935 650 965 etc.
674 931 753 964 Dat.
776 930 946 976 Lugduni
967 930 1004 976 iij
1028 930 1097 964 kal.
1119 930 1337 964 Novembris
1357 929 1590 976 pontificatus
1610 930 1727 964 nostri
1747 942 1843 964 anno
1863 937 2004 976 quarto.

363 1015 440 1039 Arch.
456 1017 510 1039 nat.
526 1015 611 1039 Paris.
627 1015 661 1039 Μ.
677 1015 734 1044 66⁸,
750 1019 779 1038 n⁰
793 1017 816 1039 3.
840 1015 909 1038 Haec
928 1015 1041 1047 epistola
1060 1024 1120 1039 cum
1140 1015 1300 1047 quibusdum
1319 1015 1379 1039 aliis
1399 1015 1518 1047 ejusdem
1537 1023 1622 1047 papae
1642 1015 1775 1039 invenitur
1796 1015 1896 1039 inserta
1914 1015 2010 1039 litteris
2030 1015 2150 1047 episcopi

270 1059 475 1084 silvanectensis
489 1059 553 1084 anni
567 1060 638 1088 1252,
654 1060 682 1083 11
699 1060 837 1084 Februarii
847 1061 916 1090 (vide
931 1060 1001 1084 infra
1017 1065 1046 1083 n⁰
1061 1060 1123 1092 199).
1135 1060 1256 1085 -Μόνη,
1267 1061 1300 1084 de
1315 1060 1344 1085 la
1358 1061 1421 1085 Soc.
1431 1061 1465 1085 de
1479 1059 1562 1084 l'ht‘st.
1573 1061 1606 1084 de
1620 1060 1708 1085 Paris
1722 1064 1747 1085 et
1761 1061 1794 1084 de
1806 1058 2041 1088 Ille-de-France,
2052 1060 2082 1087 X.
2094 1060 2149 1086 25³.

365 1131 388 1155 1.
404 1130 470 1155 Vide
484 1139 567 1163 supra
582 1131 615 1155 ad
631 1135 661 1155 πθ
674 1132 713 1155 45.
730 1145 761 1150 -
776 1133 798 1156 2.
815 1132 856 1156 Cf.
872 1132 905 1155 ad
922 1131 970 1155 hoc
985 1139 1068 1163 supra
1082 1135 1111 1155 η’)
1126 1131 1180 1159 113,
1198 1134 1267 1155 notu.

275 1283 383 1321 166.
405 1294 539 1320 oceanus
561 1297 590 1320 et
609 1293 768 1330 capitulum
782 1294 941 1320 Parisiens.
960 1293 1102 1329 fratr-ibus
1128 1293 1194 1319 ord.
1215 1293 1412 1320 Cisterciensis
1435 1293 1560 1319 Parisiis
1582 1292 1765 1319 studentibus
1790 1293 1941 1329 quemdam
1957 1293 2048 1319 locum
2058 1293 2149 1328 juxta

359 1350 454 1369 muros
467 1338 651 1369 Parisienses
666 1342 832 1369 concedunt.

1425 1392 1502 1422 1246.
1515 1391 1661 1418 Novembris
1676 1393 1695 1422 1,
1709 1391 1862 1427 [Ρω-Ῐείἰε].

358 1465 550 1500 Universis
577 1472 768 1512 presentes
796 1466 935 1499 litteras
963 1466 1185 1512 inspecturis
1213 1466 1374 1499 decanus
1399 1473 1435 1499 et
1454 1465 1651 1511 capitulum
1679 1465 1906 1499 Parisienses
1933 1465 2086 1499 salutem
2113 1467 2150 1499 in

271 1532 439 1567 Domino.
461 1533 595 1567 Notum
616 1533 768 1566 facimus
795 1532 895 1578 quod
922 1545 1003 1566 cum
1025 1545 1093 1566 nos
1113 1532 1332 1566 haberemus
1354 1539 1389 1566 et
1412 1533 1688 1578 possideremus
1710 1544 1774 1566 sex
1794 1539 1942 1578 arpenta
1963 1533 2149 1566 vinearum

270 1605 352 1634 octo
378 1599 573 1645 quarrellis
601 1599 721 1633 minus
748 1599 785 1633 in
811 1611 920 1633 manu
946 1606 1087 1633 mortua
1115 1600 1182 1633 sita
1204 1600 1306 1645 juxta
1331 1611 1457 1633 muros
1484 1600 1712 1633 Parisienses
1743 1611 1856 1645 prope
1886 1606 2024 1645 portam
2053 1600 2152 1633 Pari-

270 1666 444 1708 siensem,
473 1678 538 1712 per
562 1678 668 1712 quam
695 1666 767 1700 itur
793 1666 888 1712 apud
917 1667 1085 1700 Sanctum
1112 1666 1315 1707 Victorem;
1344 1666 1430 1700 item
1460 1678 1541 1699 cum
1567 1678 1635 1700 nos
1660 1666 1821 1699 decanus
1848 1666 1994 1700 racione
2020 1666 2151 1700 domus

270 1739 395 1767 nostre
415 1744 521 1778 quam
541 1731 718 1766 habemus
738 1733 776 1766 in
797 1732 956 1767 claustro
982 1733 1179 1767 Parisiensi
1201 1732 1370 1766 similiter
1390 1732 1608 1766 haberemus
1629 1739 1665 1766 et
1684 1733 1961 1778 possideremus
1986 1733 2022 1766 in
2044 1745 2151 1766 manu

270 1805 410 1833 mortua
439 1799 629 1846 quamdam
659 1800 790 1846 petiam
822 1800 927 1834 vinee
962 1800 1066 1834 sitam
1102 1800 1196 1834 inter
1224 1800 1349 1834 vineas
1379 1806 1416 1833 et
1444 1811 1568 1833 muros
1598 1799 1808 1845 predictos:
1832 1811 1900 1833 nos
1928 1799 2088 1833 decanus
2118 1806 2154 1833 et

269 1866 466 1912 capitulum
495 1866 657 1912 predicta
687 1879 751 1900 sex
779 1873 928 1913 arpenta
958 1874 1040 1901 octo
1075 1867 1269 1913 quarrellis
1299 1867 1420 1900 minus
1454 1873 1489 1900 et
1518 1867 1623 1900 etiam
1655 1867 1785 1900 dictam
1817 1867 1947 1912 petiam
1978 1867 2084 1900 vinee
2115 1867 2151 1900 in

270 1944 378 1966 manu
413 1939 552 1967 mortua
586 1945 667 1967 cum
703 1934 801 1967 omni
836 1946 877 1967 ea
912 1933 1078 1968 libertate
1110 1946 1179 1980 qua
1209 1946 1271 1967 eas
1301 1933 1594 1979 possidebamus,
1627 1933 1724 1967 salva
1759 1932 1866 1967 nobis
1902 1933 2150 1967 tantummodo

264 1999 418 2045 justitia,
439 2006 613 2045 quantum
634 2000 679 2034 ad
699 2012 849 2034 censum
872 2007 1037 2034 nostrum
1059 2000 1313 2046 repetendum,
1330 2000 1546 2046 capiendum
1568 2007 1603 2033 et
1622 1999 1843 2041 habendum,
1862 2007 1970 2046 prout
1990 2000 2150 2034 Parisius

269 2071 326 2100 est
351 2073 567 2100 consuetum
595 2067 632 2100 in
659 2066 805 2109 talibus,
835 2068 866 2101 si
893 2068 986 2101 forte
1014 2067 1213 2101 deficerent
1238 2067 1275 2101 in
1301 2067 1484 2101 solutione
1506 2067 1622 2100 nostri
1642 2078 1789 2108 census,
1812 2067 1940 2100 damus
1965 2073 2001 2100 et
2020 2079 2150 2100 conce-

269 2132 391 2166 dimus
419 2132 607 2179 religiosis
637 2133 725 2167 viris
754 2133 888 2175 abbati,
918 2135 1115 2169 conventui
1144 2141 1180 2168 et
1207 2134 1381 2168 fratribus
1415 2133 1629 2168 Clarevallis
1660 2134 1695 2167 in
1727 2133 1808 2167 loco
1837 2134 1938 2167 Beati
1973 2134 2149 2167 Bernardi

268 2198 429 2233 Parisius
456 2199 690 2234 studentibus
716 2200 761 2234 ad
789 2212 949 2234 annuum
976 2213 1126 2235 censum
1158 2207 1373 2247 perpetuum
1404 2212 1469 2246 pro
1496 2200 1626 2246 viginti
1652 2200 1814 2245 quinque
1840 2199 1944 2233 libris
1970 2200 2147 2245 parisien-

270 2265 374 2299 sibus
409 2266 575 2312 perpetui
609 2267 720 2300 annui
753 2279 891 2301 census
926 2267 1035 2301 nobis
1069 2268 1105 2301 in
1139 2267 1298 2301 claustro
1335 2267 1533 2301 Parisiensi
1568 2267 1605 2300 in
1640 2266 1779 2300 octabis
1817 2266 2019 2300 Nativitatis
2049 2267 2149 2300 Beati

267 2331 444 2366 Johannis
472 2333 634 2378 Baptiste
661 2333 820 2379 singulis
845 2334 952 2368 annis
978 2334 1015 2367 in
1046 2341 1232 2380 posterum
1263 2333 1531 2380 persolvendis.
1561 2334 1675 2377 Quam
1704 2333 1904 2366 libertatem
1934 2333 1986 2366 sie
2014 2333 2149 2366 intelli-

269 2399 404 2445 gimus,
425 2398 598 2433 videlicet
624 2399 723 2445 quod
749 2400 856 2433 vinee
881 2412 972 2446 quas
1000 2401 1054 2434 eis
1082 2400 1258 2434 tradimus
1283 2400 1399 2434 libere
1424 2401 1498 2433 sint
1521 2399 1565 2433 ab
1585 2399 1684 2433 omni
1706 2399 1880 2433 servitute
1907 2399 2091 2444 personali
2113 2406 2149 2433 et

271 2465 436 2511 prediali,
458 2464 527 2499 hoc
548 2472 699 2512 excepto
719 2466 819 2512 quod
839 2467 945 2500 vinee
966 2466 1028 2500 ille
1049 2478 1199 2501 censum
1221 2466 1358 2500 debent
1377 2465 1564 2500 monachis
1585 2466 1630 2500 de
1645 2467 1796 2511 Tyron',
1815 2478 1882 2499 nos
1904 2472 2022 2499 tamen
2043 2466 2145 2500 illum

266 2543 417 2566 censum
446 2531 633 2566 solvemus
654 2531 728 2566 illis
756 2533 801 2567 de
828 2534 962 2580 Tyron,
993 2539 1028 2567 et
1054 2533 1122 2567 hoc
1149 2540 1300 2579 excepto
1327 2533 1426 2579 quod
1454 2533 1485 2566 si
1510 2533 1556 2566 de
1580 2533 1699 2566 vineis
1724 2532 1798 2566 illis
1823 2544 1890 2566 nos
1911 2531 2145 2567 solvebamus
2193 2576 2197 2580 Ι

266 2597 325 2632 vel
345 2598 490 2633 solvere
510 2598 724 2632 tenebamur
742 2599 851 2633 alicui
872 2599 1044 2641 decimas,
1068 2599 1138 2646 ipsi
1163 2600 1292 2633 fratres
1313 2599 1458 2633 solvent
1477 2611 1552 2641 eas,
1573 2599 1604 2632 si
1625 2611 1712 2633 vero
1737 2611 1811 2632 non
1832 2598 2065 2633 solvebamus
2085 2599 2143 2633 vel

266 2664 411 2699 solvere
431 2677 506 2699 non
527 2664 741 2700 tenebamur
760 2666 921 2700 decimas
942 2666 987 2700 de
1007 2666 1125 2701 vineis
1147 2666 1232 2709 illis,
1256 2678 1322 2700 nec
1343 2666 1413 2712 ipsi
1434 2666 1564 2700 fratres
1584 2665 1628 2699 ad
1653 2665 1721 2699 hoc
1742 2665 1980 2708 tenebuntur;
2003 2666 2035 2700 si
2055 2678 2142 2700 vero

266 2730 311 2765 de
335 2731 454 2783 vineis
481 2732 573 2778 ipsis
602 2731 709 2766 nobis
739 2732 879 2767 decima
908 2732 1116 2775 deberetur,
1148 2733 1179 2767 si
1206 2733 1299 2767 alius
1327 2744 1433 2779 quam
1460 2745 1528 2766 nos
1553 2744 1615 2766 eas
1643 2739 1795 2774 teneret,
1824 2732 1938 2778 ipsam
1965 2733 2139 2766 decimam

267 2797 420 2844 predicti
439 2798 570 2833 fratres
590 2798 790 2842 habebunt,
813 2812 879 2834 nec
900 2812 978 2834 eam
999 2799 1108 2834 nobis
1128 2800 1272 2834 solvere
1294 2799 1527 2834 tenebuntur.

353 2865 603 2900 Promittimus
632 2867 738 2901 etiam
769 2867 1004 2913 stipulatione
1033 2867 1210 2914 legittima
1239 2867 1427 2913 interjecta
1457 2867 1555 2913 quod
1585 2866 1723 2900 eisdem
1743 2866 1915 2909 ..abbati,
1945 2867 2139 2901 conventui

265 2937 301 2965 et
318 2931 491 2966 fratribus
517 2933 679 2979 predicta
705 2933 1011 2980 garantiznbimus
1031 2934 1075 2968 ad
1097 2946 1187 2969 usus
1208 2941 1244 2968 et
1263 2933 1551 2968 consuetudines
1570 2933 1726 2967 civitatis
1747 2934 1977 2975 Parisieusis,
2000 2934 2030 2967 si
2057 2934 2139 2978 quis

264 3007 376 3043 super
399 2997 573 3044 predictis
599 3000 635 3033 in
661 3006 736 3034 toto
762 3000 819 3035 vel
840 3001 875 3035 in
902 3007 1002 3047 parte
1022 3002 1085 3047 jus
1106 3001 1176 3035 sibi
1198 3001 1345 3047 aliquod
1366 3000 1577 3035 vindicaret.
1600 3000 1848 3034 Promittimus
1875 3001 2025 3045 insuper
2045 2999 2138 3033 bona
