2580 3528
250 445 346 486 1240]
595 454 643 476 AB
676 453 783 476 Anao
817 453 894 475 nce
928 453 1062 481 usqua:
1096 453 1145 475 An
1179 453 1408 475 ΡιιιιιΡΡυΜ
1444 453 1483 475 {v
1518 454 1607 476 asc..
1645 454 1781 476 ruane.
2064 446 2126 478 169

242 528 384 574 justitia
412 533 449 561 et
476 527 698 573 proprietate
723 526 886 560 locorum
915 527 1011 560 sicut
1039 525 1222 560 habebant
1248 527 1449 572 antiquitus
1479 527 1516 559 in
1545 527 1684 560 eisdem
1715 534 1784 560 tam
1810 528 1991 573 spirituali
2019 540 2123 573 quam

248 594 438 640 temporali
463 600 499 627 et
524 593 730 640 privilegiis
758 593 983 627 eorumdem.
1011 593 1102 627 Acto
1131 593 1237 627 etiam
1259 593 1354 626 inter
1374 599 1495 639 partes
1516 600 1552 626 et
1570 605 1589 626 a
1610 593 1719 627 nobis
1745 594 1942 639 promisso,
1963 594 2062 639 quod
2088 595 2125 627 in

247 672 352 695 muro
378 673 486 695 secus
514 660 622 702 viam,
652 672 722 706 que
753 660 854 693 ducit
878 672 897 693 a
923 666 1025 705 porta
1054 660 1210 694 civitatis
1240 660 1458 694 Parisiensis
1485 660 1705 693 monasterio
1732 667 1858 694 nostro
1884 661 2056 706 contigua
2081 661 2125 694 ad

247 729 409 774 Burgum
445 727 566 761 Sancti
598 727 784 768 Germani,
813 739 881 760 nec
915 727 1050 760 aditum
1082 738 1149 760 nec
1183 738 1374 772 egressum
1409 726 1625 760 habebimus
1653 726 1712 761 vel
1740 726 1875 760 habere
1909 728 2124 773 poterimus,

247 801 366 828 tamen
391 794 422 827 si
447 794 649 828 necessitas
669 793 846 839 operandi
866 794 903 826 in
924 793 988 827 illo
1004 793 1086 827 loco
1107 793 1214 827 nobis
1239 793 1475 834 imminuerit,
1498 806 1641 827 murum
1662 794 1832 839 frangere
1854 794 2068 839 poterimus,
2091 801 2127 827 et

246 873 328 894 cum
350 872 443 907 opus
462 861 554 894 illud
575 860 762 906 impletum
784 860 906 902 suerit,
928 861 1119 894 fracturam
1141 861 1235 894 muri
1256 860 1448 894 obstruere
1470 860 1676 894 tenebimur
1696 867 1732 894 et
1755 860 1963 906 sumptibus
1988 861 2125 894 nostris

249 927 400 962 reficere
420 939 575 961 murum.
603 928 678 961 Nos
699 934 817 961 autem
839 927 1117 961 concessionem
1143 927 1247 961 istam
1269 927 1313 960 ab
1334 927 1425 973 ipsis
1446 927 1554 961 nobis
1574 927 1785 974 benigniter
1808 928 1948 969 saetam,
1972 934 2007 961 et
2027 927 2125 973 quod

247 994 507 1028 monasterium
533 1001 699 1028 nostrum
724 1006 805 1027 cum
831 994 986 1027 edificiis
1011 994 1147 1028 nostris
1168 994 1213 1027 ad
1233 1006 1300 1027 nos
1321 994 1456 1028 ibidem
1478 993 1727 1040 spectantibus
1747 994 1856 1027 situm
1878 1001 1935 1027 est
1954 994 1990 1027 in
2012 995 2124 1027 sundo

247 1061 344 1095 beati
363 1061 550 1103 Germani,
566 1061 678 1094 corde
699 1073 791 1107 puro
813 1067 849 1094 et
868 1061 938 1107 piis
959 1060 1077 1094 oculis
1096 1061 1338 1103 attendentes,
1359 1073 1404 1094 ne
1425 1060 1536 1095 abbas
1557 1067 1594 1094 et
1612 1067 1814 1095 conventus
1836 1060 1931 1094 beati
1951 1061 2125 1094 Germani

248 1128 293 1162 de
318 1128 435 1162 Pratis
461 1127 679 1162 Parisiensis
706 1127 875 1162 dubitent
901 1128 1085 1169 decetero,
1111 1128 1210 1173 quod
1238 1139 1305 1161 nos
1333 1139 1445 1174 super
1469 1127 1604 1161 finibus
1626 1128 1762 1161 nostris
1783 1128 1820 1160 in
1841 1134 1935 1161 terra
1960 1128 2124 1174 ipsorum

248 1194 403 1241 amplius
432 1194 626 1228 dilatandis
654 1207 719 1228 seu
750 1206 861 1240 super
889 1194 1011 1240 aliquo
1042 1195 1078 1227 in
1106 1201 1202 1228 terra
1232 1195 1395 1240 ipsorum
1423 1194 1531 1228 nobis
1557 1194 1726 1228 habendo
1754 1195 1855 1240 ipsos
1885 1195 2125 1240 imposterum

249 1261 498 1303 molestemus,
534 1261 778 1307 promittimus
812 1261 866 1294 eis
901 1260 995 1294 bona
1029 1261 1114 1302 fide,
1150 1261 1248 1306 quod
1283 1273 1395 1307 super
1428 1261 1564 1294 finibus
1597 1261 1735 1294 nostris
1769 1261 1806 1294 in
1835 1267 1930 1294 terra
1960 1261 2123 1306 ipsorum

247 1327 404 1374 amplius
432 1327 627 1361 dilatandis
653 1327 711 1361 vel
741 1340 852 1373 super
879 1327 1000 1373 aliquo
1022 1328 1059 1360 in
1080 1334 1175 1361 terra
1199 1328 1362 1373 ipsorum
1391 1327 1497 1361 nobis
1517 1328 1673 1373 amplius
1693 1327 1862 1361 habendo
1887 1328 1988 1373 ipsos
2009 1327 2125 1361 nulla-

249 1401 356 1428 tenus
383 1393 670 1435 molestabimus,
694 1406 760 1427 nec
788 1406 852 1439 per
880 1406 947 1427 nos
975 1406 1043 1427 nec
1064 1406 1129 1440 per
1154 1394 1245 1427 alios
1266 1394 1403 1440 aliquid
1424 1394 1713 1440 impetrabimus,
1735 1407 1802 1428 nec
1824 1401 1968 1428 utemur
1988 1394 2125 1440 aliqua-

248 1467 356 1495 tenus
385 1461 599 1507 impetratis,
631 1461 662 1494 si
692 1461 802 1494 fuerit
829 1460 967 1506 aliquid
996 1461 1240 1506 impetratum,
1271 1468 1307 1494 et
1333 1461 1431 1506 quod
1465 1462 1496 1495 si
1527 1461 1697 1494 dominus
1727 1473 1817 1506 papa
1847 1467 1945 1494 motu
1976 1461 2124 1507 proprio

248 1527 356 1562 nobis
376 1539 488 1574 super
507 1527 578 1562 hiis
605 1528 755 1573 gratiam
777 1528 917 1569 fecerit,
939 1527 1085 1561 obtenta
1111 1528 1225 1573 gratia
1251 1540 1323 1561 non
1351 1534 1506 1561 utemur.
1535 1528 1642 1571 Quod
1663 1534 1703 1562 ut
1722 1534 1835 1561 ratum
1863 1534 2072 1573 permaneat
2091 1534 2127 1561 et

248 1594 378 1629 stabile
399 1601 622 1641 perseveret,
644 1601 836 1641 presentes
856 1594 995 1628 litteras
1016 1594 1222 1641 sigillorum
1243 1601 1451 1628 nostrorum
1474 1595 1674 1628 munimine
1695 1595 1866 1628 duximus
1886 1594 2124 1628 roborandas.

249 1662 377 1695 Actum
397 1673 492 1695 anno
514 1661 660 1695 Domini
681 1661 876 1695 millesimo
898 1661 1149 1695 ducentesimo
1171 1661 1463 1707 quadragesimo.

342 1759 399 1784 Duo
413 1759 556 1792 originalia
571 1760 596 1784 in
612 1760 690 1784 Arch.
707 1763 759 1784 nat.
779 1760 863 1784 Paris.
882 1761 908 1784 L.
929 1761 983 1789 767,
999 1760 1096 1792 lnyette
1111 1761 1134 1788 3,
1155 1760 1236 1784 liasse
1250 1761 1273 1788 (ι,
1290 1763 1358 1784 cutte
1373 1761 1440 1784 ³.1n
1455 1769 1507 1783 uno
1527 1761 1623 1784 desunt
1639 1761 1692 1784 duo
1708 1760 1814 1792 sigillam
1830 1760 1857 1783 in
1879 1760 1963 1784 altero
1984 1763 2128 1792 supersunt

248 1804 300 1828 duo
315 1804 430 1828 taeniola
444 1804 645 1828 membranacea
660 1808 686 1828 et
701 1805 878 1836 fragmentum
895 1804 978 1837 sigilli
998 1804 1075 1828 cerei.
1090 1818 1123 1823 —
1139 1804 1266 1833 Felibien,
1288 1805 1409 1830 Histoire
1430 1806 1463 1829 de
1483 1805 1512 1829 Ia
1531 1805 1596 1830 ville
1615 1806 1648 1830 de
1666 1805 1760 1833 Paris,
1782 1805 1828 1833 ΙΙΙ,
1851 1805 1904 1828 115.
1926 1804 2071 1836 Gregorius
2093 1805 2127 1828 lx

248 1849 274 1880 vj
290 1848 326 1874 id.
342 1849 462 1873 Decemb.
473 1857 524 1881 ‚ori-
538 1849 567 1873 14
583 1850 607 1879 (8
628 1849 748 1873 Decemb.
766 1850 836 1880 1240)
852 1849 1028 1873 confirmabat
1047 1849 1175 1873 fratribus
1191 1849 1338 1873 Minoribus
1358 1849 1501 1873 Purisiens.
1518 1849 1696 1873 venditionem
1715 1849 1788 1873 illius
1804 1852 1898 1878 terrae,
1915 1857 1982 1881 quae
1999 1849 2126 1872 fratribus

249 1892 394 1917 Minoribus
409 1893 443 1917 ad
457 1893 664 1918 construendum
679 1897 836 1918 conventum
852 1894 989 1917 commodo
1004 1897 1069 1918 erat.
1086 1893 1192 1918 Litteris
1207 1894 1341 1926 pontificis
1362 1894 1461 1917 inserto
1476 1897 1516 1917 est
1530 1893 1623 1925 petitio
1639 1893 1744 1917 abbatis
1760 1897 1786 1917 ct
1800 1897 1944 1917 conventus
1960 1895 1985 1919 S.
2002 1893 2127 1918 Germani

249 1937 282 1961 de
296 1937 391 1966 Penus.
409 1946 421 1961 α
437 1937 562 1970 quatinus
577 1938 774 1962 concessionem
789 1938 935 1962 Minoribus
951 1939 1047 1962 sactum
1063 1938 1189 1970 dignetur
1202 1939 1359 1962 confirmare
1377 1947 1399 1962 ν.
1417 1939 1479 1970 Reg.
1497 1939 1555 1962 Vnt.
1572 1938 1695 1970 Gregorii
1710 1939 1742 1962 lx
1759 1946 1800 1962 tm.
1819 1939 1857 1967 14,
1873 1947 1914 1970 ep.
1937 1939 1990 1966 180,
2009 1938 2053 1962 l'ol.
2070 1938 2127 1962 32¹⁵.

250 1981 386 2011 sui-alea,
400 1982 480 2007 Bull.
498 1983 610 2011 Franc..
625 1983 644 2011 Ι,
661 1984 715 2006 286.
733 1983 772 2007 Cl'.
789 1983 899 2015 insuper
914 1991 996 2015 supra
1011 1987 1049 2006 n⁰·
1065 1983 1119 2011 109,
1137 1983 1190 2007 110,

344 2067 367 2090 1.
383 2066 475 2091 Adam.

257 2206 364 2244 127.
387 2215 528 2243 Robertue
553 2217 728 2243 Grosseteste
743 2217 830 2253 episc.
849 2216 1057 2243 lincolniensis
1073 2220 1166 2244 monet
1181 2217 1335 2252 magistros
1354 2217 1485 2243 Oaeoniae
1505 2216 1534 2242 in
1554 2215 1715 2251 theologica
1734 2216 1879 2250 facultate
1898 2220 2028 2251 regentes
2049 2219 2080 2242 ut
2100 2217 2128 2242 in

341 2264 441 2291 ordine
455 2264 608 2292 lectionum
623 2265 772 2300 magistris
788 2265 1004 2292 Parisiensibus
1019 2275 1051 2292 se
1065 2267 1250 2301 conforment.

1534 2310 1607 2336 Circa
1621 2318 1660 2336 an.
1677 2310 1752 2336 1240.

343 2391 525 2426 Robertus
546 2392 612 2426 Dei
639 2393 754 2438 gratia
776 2393 1045 2427 Lincolniensis
1066 2394 1263 2439 episcopus
1284 2393 1428 2427 dilectis
1450 2393 1485 2426 in
1506 2393 1653 2427 Christo
1675 2392 1760 2426 filiis
1783 2393 1966 2438 magistris
1988 2392 2128 2426 Oxonie

254 2459 290 2492 in
312 2458 496 2505 theologia
524 2459 753 2505 regentibus,
781 2459 948 2502 salutem,
980 2460 1131 2506 gratiam
1160 2466 1196 2494 et
1220 2459 1526 2494 benedictionem.
1550 2459 1660 2492 Periti
1687 2458 1914 2492 edificiorum
1940 2465 2129 2492 construc-

253 2532 353 2560 tores
379 2525 478 2559 omni
506 2526 735 2571 prospiciunt
760 2526 963 2572 diligentia,
992 2526 1091 2572 quod
1119 2526 1258 2572 lapides
1288 2538 1416 2559 omnes
1444 2526 1481 2558 in
1505 2525 1741 2559 fundamento
1766 2525 1926 2571 ponendi
1947 2537 2032 2559 vere
2057 2525 2131 2559 sint

254 2591 557 2634 fundamentales,
583 2593 707 2626 oneris
732 2592 903 2626 videlicet
932 2593 1066 2626 edificii
1096 2593 1377 2639 supererigendi
1404 2592 1670 2638 supportationi
1697 2604 1761 2625 sua
1788 2591 1970 2626 soliditate
1997 2604 2130 2626 conve-

254 2659 398 2693 nientes
427 2665 464 2692 et
490 2659 575 2705 apti.
606 2660 681 2693 vos
710 2666 827 2693 autem
859 2660 948 2694 estis
978 2660 1109 2693 domus
1139 2660 1205 2693 Dei
1235 2665 1521 2701 constructores,
1552 2658 1877 2704 superedificantes
1907 2671 1984 2692 eam
2020 2671 2131 2705 super

254 2725 490 2760 fundamento
510 2725 759 2772 apostolorum
781 2733 817 2760 et
836 2725 1108 2772 prophetarum,
1125 2726 1206 2772 ipso
1227 2726 1392 2772 angulari
1414 2725 1534 2772 lapide
1554 2725 1700 2760 Christo
1721 2727 1820 2759 Jesu.
1844 2725 1999 2771 Lapides
2019 2726 2132 2771 igitur

255 2791 544 2826 fundamentales
571 2792 719 2835 edificii,
746 2797 851 2838 cujus
881 2793 970 2827 estis
997 2792 1284 2835 architectonici,
1311 2799 1432 2838 preter
1453 2804 1546 2838 quos
1574 2804 1680 2826 nemo
1707 2798 1826 2838 potest
1850 2792 1942 2826 alios
1967 2792 2132 2825 invenire

255 2864 317 2892 aut
342 2858 379 2892 in
404 2858 640 2893 fundamento
668 2871 819 2905 ponere,
848 2859 932 2893 libri
959 2866 1046 2894 sunt
1069 2859 1341 2906 prophetarum,
1372 2859 1467 2892 inter
1493 2870 1587 2904 quos
1613 2865 1649 2892 et
1674 2858 1863 2904 legislator
1888 2860 2034 2904 Moyses
2060 2871 2132 2892 non

257 2924 438 2959 immerito
471 2931 528 2959 est
559 2925 872 2968 adnumerandum
909 2925 993 2960 libri
1032 2938 1178 2972 quoque
1213 2925 1460 2972 apostolorum
1500 2932 1537 2959 et
1574 2924 1825 2971 Evangelium,
1867 2937 1960 2971 quos
1993 2925 2132 2970 lapides

258 2990 548 3026 fundamentales
575 3004 642 3026 vos
670 2993 707 3026 in
736 2993 972 3027 fundamento
1002 2993 1138 3039 ponitis
1167 2999 1203 3027 et
1231 2993 1439 3039 disponitis,
1468 3004 1549 3025 cum
1580 2991 1728 3025 eosdem
1766 2991 1880 3025 libros
1908 3003 1972 3037 per
1997 2991 2132 3024 donum

385 3049 483 3075 Chart-
503 3049 583 3075 vnio.
602 3050 698 3076 Paris.
716 3050 738 3075 Ῑ.
1980 3049 2010 3072 ²2
