2580 3528
453 372 519 405 304
1037 378 1354 403 CHARTULARHJM
1388 376 1579 399 nummis,
1615 376 1745 399 rmus.
2228 367 2328 409 [1256

456 498 568 535 267.
591 506 758 533 Alexander
773 507 817 532 IV
826 505 926 531 scribit
946 504 1105 539 Reginaldo
1121 504 1253 540 episcopo
1268 502 1431 528 parisiensi
1445 501 1481 527 de
1501 501 1710 527 contributione
1730 502 1759 527 in
1779 502 1915 538 eacpensis
1939 501 2147 538 Universitatis,
2165 505 2193 529 et
2212 506 2243 529 ut
2257 501 2325 538 illis,

544 556 594 592 qui
608 559 762 582 renuerunt
776 557 913 589 conferre,
932 553 972 579 ad
986 553 1129 579 cautelam
1145 551 1336 578 absolutionis
1352 554 1380 576 et
1394 549 1622 586 dispensationis
1639 549 1807 585 beneficium
1823 550 1980 587 impendat.

1634 639 1708 669 7256,
1723 638 1856 666 Februarii
1868 640 1901 670 11,
1916 640 2043 666 Laterani.

544 717 751 751 Alexander
789 716 984 761 episeopus
1023 725 1151 747 servus
1186 725 1375 747 servorum
1411 713 1479 746 Dei
1512 712 1714 747 venerabili
1747 714 1848 747 fratri
1873 740 1894 747 ..
1919 714 2094 760 episcopo
2131 714 2329 748 Parisiensi

457 784 609 818 salutem
631 790 666 816 et
685 782 917 827 apostolicam
940 780 1246 813 benedictionem.
1269 779 1401 813 Felicis
1422 779 1688 813 recordationis
1709 780 1945 814 Innocentius
1970 793 2074 827 papa,
2094 786 2158 816 etc.
2178 781 2273 816 sicut
2292 781 2329 816 in

455 851 594 886 litteris
622 853 659 882 n⁰
684 850 760 889 263,
791 859 867 881 cum
896 847 966 881 ista
991 846 1210 880 conclusione
1235 858 1246 879 .·
1277 845 1356 879 sine
1383 845 1592 880 difficultate
1622 846 1741 892 aliqua
1770 854 1996 890 revocarent,
2023 847 2150 882 dantes
2178 859 2330 882 venera-

455 917 591 950 bilibus
622 915 793 948 fratribus
828 914 964 946 nostris
988 939 1008 945 ..
1032 912 1290 945 Aurelianensi
1317 919 1353 946 et
1376 938 1397 946 ..
1420 913 1718 947 Autisiodorensi
1750 914 1934 959 episcopis
1966 914 2102 948 nostris
2133 914 2266 948 litteris
2292 914 2329 948 in

455 982 644 1023 mandatis,
667 987 705 1014 ut
725 980 930 1014 mandatum
957 986 1122 1012 nostrum
1149 991 1262 1024 super
1281 978 1351 1012 hoc
1373 980 1503 1025 exequi
1529 986 1780 1025 procurarent.
1800 980 1978 1014 Volentes
1998 987 2116 1014 autem
2137 980 2182 1014 de
2203 993 2331 1026 supra-

456 1049 634 1082 dictorum
667 1046 841 1080 cordibus
876 1058 1020 1078 omnem
1055 1045 1251 1079 dubietatis
1284 1046 1497 1092 scrupulum
1532 1046 1679 1092 penitus
1712 1059 1894 1087 amovere,
1928 1047 2142 1080 fraternitati
2174 1054 2235 1080 tue
2266 1059 2332 1093 per

453 1114 649 1160 apostolica
671 1113 803 1158 scripta
825 1113 1048 1154 mandamus,
1072 1112 1243 1157 quatinus
1264 1112 1296 1146 si
1317 1113 1380 1158 qui
1400 1113 1454 1146 eis
1476 1112 1603 1147 subtili
1618 1113 1822 1147 reverentia
1842 1114 1932 1147 tenti
1953 1114 2108 1159 prefatas
2129 1113 2330 1148 sententias

453 1188 488 1214 et
507 1180 785 1226 irregularitatis
806 1186 926 1212 notam
953 1191 992 1212 se
1017 1185 1179 1212 metuant
1204 1179 1406 1213 incurrisse
1428 1186 1464 1213 et
1484 1179 1555 1213 sibi
1581 1192 1693 1226 super
1712 1180 1781 1214 hoc
1802 1180 1990 1226 postulent
2008 1180 2207 1226 provideri,
2229 1187 2266 1214 tu
2285 1180 2330 1214 ad

452 1247 626 1281 cautelam
652 1246 894 1279 absolutionis
919 1252 955 1279 et
979 1246 1266 1291 dispensationis
1291 1245 1510 1279 beneficium
1533 1247 1635 1292 juxta
1661 1247 1811 1280 formam
1837 1247 1993 1281 ecclesie
2018 1259 2084 1292 per
2102 1254 2137 1280 te
2155 1247 2214 1281 vel
2238 1246 2331 1281 alios

453 1314 663 1360 impendere
684 1325 757 1346 non
778 1319 989 1358 postponas.
1009 1313 1087 1345 Dat.
1106 1312 1274 1346 Laterani
1293 1313 1331 1358 iij
1353 1313 1403 1346 id.
1426 1312 1629 1356 Februarii,
1647 1313 1879 1359 pontificatus
1900 1314 2017 1347 nostri
2037 1326 2132 1347 anno
2153 1313 2328 1347 secundo.

548 1411 683 1443 Originale
698 1412 724 1434 in
740 1411 816 1435 Arch.
834 1414 887 1435 nat.
904 1410 988 1435 Paris.
1005 1411 1033 1436 L.
1049 1412 1103 1439 250,
1120 1415 1150 1434 n⁰
1165 1411 1202 1434 76.
1219 1411 1329 1434 Restant
1342 1411 1388 1434 fila
1402 1411 1515 1435 cannah.

456 1620 567 1657 268,
591 1629 717 1655 Litterae
746 1627 875 1664 Philippi
905 1627 1103 1663 Bitaricensis,
1141 1627 1264 1654 Thomae
1288 1628 1444 1663 Remensis,
1471 1627 1590 1654 Henrici
1620 1627 1800 1662 SenonensiS,
1832 1627 1938 1654 Odonis
1968 1628 2207 1664 Rothomagensis
2235 1628 2332 1656 archi-

542 1679 746 1714 episcoporum,
765 1677 868 1713 quibus
883 1681 980 1703 notam
995 1677 1110 1711 faciunt
1124 1677 1355 1712 compositionem
1372 1677 1473 1703 initam
1490 1677 1564 1703 inter
1575 1678 1684 1711 fratros
1694 1676 1918 1703 praedicatores
1930 1680 1958 1703 et
1970 1677 2124 1712 magistros
2138 1678 2329 1706 Parisienses.

1741 1766 1817 1796 1256,
1833 1766 1921 1792 Martii
1933 1767 1950 1796 1,
1965 1766 1986 1801 [
1986 1767 2092 1793 Parisiis
2091 1766 2118 1801 J.

508 1875 511 1880 ,
545 1841 735 1875 Universis
771 1847 962 1886 presentes
995 1840 1135 1874 litteras
1168 1840 1390 1886 inspecturis
1424 1840 1615 1886 Philippus
1651 1840 1906 1883 Bituricensis,
1935 1840 2091 1874 Thomas
2127 1840 2332 1883 Remensis,

458 1908 635 1941 Henricus
663 1908 887 1941 Senonensis
909 1914 944 1940 et
964 1907 1044 1941 Odo
1066 1907 1390 1953 Rothomagensis¹
1414 1907 1480 1940 Dei
1502 1907 1617 1952 gratia
1638 1907 1904 1953 archiepiscopi
1930 1907 2083 1941 salutem
2104 1908 2142 1941 in
2163 1907 2332 1941 Domino.

438 1975 607 2021 &Noverit
627 1974 844 2023 universitas
864 1981 997 2016 vestra,
1021 1974 1119 2019 quod
1141 1974 1325 2007 discordia
1346 1980 1441 2007 mota
1462 1974 1556 2007 inter
1577 1974 1736 2020 priorem
1758 1980 1793 2007 et
1812 1974 1942 2007 fratres
1963 1975 2215 2008 Predicatores
2235 1974 2334 2008 Pari-

460 2042 602 2074 sienses
624 2054 666 2074 ex
687 2054 755 2074 una
778 2048 891 2086 parte,
910 2048 945 2074 et
965 2041 1161 2086 magistros
1177 2044 1235 2082 [et]
1252 2040 1414 2074 scolares
1435 2040 1662 2074 Parisienses
1683 2052 1727 2073 ex
1747 2040 1871 2082 altera,
1888 2041 1926 2073 in
1946 2041 2130 2086 presentia
2150 2047 2274 2075 nostra
2294 2053 2334 2075 ac

458 2107 565 2141 nobis
587 2114 622 2140 et
642 2108 765 2141 multis
791 2108 975 2153 episeopis
1002 2107 1247 2140 mediantibus
1274 2106 1457 2152 pacificata
1479 2113 1535 2140 est
1553 2107 1591 2140 in
1611 2107 1759 2140 modum
1785 2089 2240 2152 infrascript11mfi÷ratres
2260 2119 2334 2142 non
2373 2122 2377 2125 ¹

456 2173 641 2207 habebunt
666 2174 790 2219 plures
812 2174 929 2207 scolas
951 2186 1056 2219 quam
1079 2167 1349 2225 duasJ'Fratres
1369 2180 1439 2207 tam
1461 2180 1633 2219 regentes
1654 2185 1760 2219 quam
1781 2186 1855 2207 non
1881 2180 2053 2219 regentes
2078 2174 2333 2220 inperpetuum

458 2247 565 2274 erunt
585 2241 740 2286 separati
761 2254 778 2274 a
800 2242 973 2274 societate
995 2241 1186 2274 scolastica
1206 2240 1464 2286 magistrorum
1487 2246 1523 2273 et
1543 2240 1737 2273 scolarium
1764 2240 1997 2282 secularium,
2019 2240 2091 2274 nisi
2116 2240 2280 2286 magistri
2300 2246 2337 2274 et

459 2308 618 2341 scolares
646 2308 830 2340 seculares
852 2315 1051 2353 spontanea
1075 2307 1261 2341 voluntate
1285 2306 1329 2340 ad
1355 2307 1565 2340 societatem
1592 2307 1819 2340 scolasticam
1848 2319 1912 2340 eos
1936 2307 2121 2341 voluerint
2149 2319 2333 2342 revocare.

461 2373 626 2407 Scolares
652 2374 831 2407 (lictorum
855 2375 1019 2416 fratrum,
1042 2374 1119 2407 sive
1145 2374 1330 2407 seculares
1357 2373 1433 2407 sive
1461 2373 1534 2415 alii,
1558 2374 1619 2418 qui
1645 2386 1719 2407 non
1745 2373 1818 2407 sint
1838 2373 1882 2406 de
1904 2373 2033 2406 ordine
2058 2385 2198 2416 eorum,
2219 2373 2335 2407 libere

461 2453 479 2473 a
498 2440 682 2485 magistris
708 2440 936 2474 secularibus
964 2447 999 2473 et
1023 2440 1227 2474 scolaribus
1254 2441 1466 2474 eorumdem
1494 2440 1719 2486 recipientur
1743 2440 1787 2473 ad
1813 2440 2040 2474 scolasticam
2067 2440 2276 2473 societatem
2301 2429 2338 2474 et

461 2506 576 2539 libere
598 2513 744 2540 utentur
765 2507 889 2540 eadem
912 2508 1007 2540 sicut
1026 2507 1087 2540 alii
1113 2507 1332 2540 secularium
1359 2507 1559 2540 auditores.
1582 2507 1756 2540 Similiter
1777 2519 1795 2540 e
1816 2519 1995 2540 converso
2017 2507 2178 2540 scolares
2202 2506 2337 2552 magis-

464 2579 600 2605 trorum
631 2573 848 2606 secularium
877 2574 1100 2619 recipientur
1124 2574 1239 2607 libere
1265 2586 1283 2607 a
1310 2573 1484 2607 fratribus
1510 2580 1546 2607 et
1570 2573 1774 2607 scolaribus
1804 2573 2015 2606 eorumdem
2041 2573 2084 2606 ad
2109 2563 2335 2606 scolasticam

465 2639 673 2672 societatem
695 2646 731 2672 et
749 2639 864 2672 libere
885 2647 1032 2673 utentur
1054 2641 1192 2673 eadem.
1214 2641 1381 2686 Magistri
1407 2640 1592 2674 seculares
1613 2647 1649 2673 et
1669 2652 1794 2673 eorum
1817 2639 1978 2673 scolares
2003 2639 2143 2672 nullum
2165 2646 2336 2673 statutum

466 2717 531 2738 seu
561 2705 824 2738 ordinationem
850 2706 982 2740 sacient
1007 2714 1131 2740 contra
1160 2707 1320 2740 scolares
1345 2708 1495 2740 fratrum
1516 2706 1574 2740 vel
1595 2718 1683 2740 suos
1703 2707 1896 2740 occasione
1921 2706 2002 2748 ista,
2025 2706 2220 2751 quominus
2246 2706 2338 2739 reci-

466 2771 610 2817 piantur
630 2772 673 2804 ad
694 2784 818 2804 eorum
841 2773 1063 2815 societatem,
1085 2780 1121 2806 et
1140 2774 1258 2806 statim
1280 2773 1503 2818 recipientur
1524 2785 1541 2806 a
1563 2772 1790 2806 secularibus
1811 2772 1971 2806 scolares
1993 2772 2153 2805 extranei
2173 2773 2336 2814 fratrum,

467 2837 499 2871 si
519 2837 666 2883 prelatis
690 2837 884 2880 videbitur,
908 2839 1004 2883 quod
1030 2840 1174 2884 possint
1199 2840 1384 2873 seculares
1413 2840 1607 2885 magistros
1628 2846 1664 2872 et
1684 2838 1844 2872 scolares
1869 2838 2060 2873 absolvere
2081 2851 2100 2872 a
2115 2839 2336 2884 juramento,

464 2904 567 2949 'quod
592 2903 776 2937 seculares
802 2905 967 2938 fecerunt
987 2905 1031 2938 de
1051 2905 1224 2939 fratribus
1245 2913 1280 2939 et
1300 2918 1425 2940 eorum
1452 2905 1656 2939 scolaribus
1684 2917 1757 2938 non
1787 2905 2033 2947 admittendis,
2059 2905 2189 2947 donec,
2217 2912 2336 2939 utrum
