2580 3528
265 402 361 443 1248]
598 412 646 434 Aa
679 412 786 434 Auno
820 412 899 434 mcc
933 411 1067 440 usqua
1102 412 1150 433 An
1187 412 1415 449 ramerum
1453 413 1491 434 iv
1526 413 1613 434 nso.
1652 414 1786 435 raANc.
2072 406 2137 439 21‘3

266 528 379 566 182.·
392 538 578 564 Innocentius
593 539 638 564 W
642 538 768 574 priorem
786 538 815 564 Β.
834 537 950 564 Mariae
963 537 1000 564 de
1014 538 1104 563 Prata
1118 537 1357 572 Rothomagensis
1372 541 1596 564 conservator-em
1609 538 1756 574 praedicti
1769 539 1913 575 privilegii
1927 535 2082 567 consumit.

1497 639 1576 669 1248,
1591 639 1662 665 ..lunii
1673 639 1717 668 22,
1733 639 1850 672 Lugduni.

350 722 587 759 Innocentius
613 722 811 768 episcopus
836 733 966 755 servus
990 734 1180 755 servorum
1208 722 1274 755 Dei
1300 722 1363 755 dil.
1391 722 1466 755 filio
1495 749 1515 755 ..
1546 722 1658 768 priori
1687 722 1790 756 beate
1820 724 1933 756 Marie
1961 724 2005 757 de
2031 725 2136 758 Prato

259 788 566 835 Rothomagensis
599 788 753 823 salutem
787 795 823 822 et
855 788 1090 834 apostolicam
1123 789 1431 823 benedictionem.
1467 791 1519 822 Ex
1553 796 1653 835 parte
1683 789 1900 823 dilectorum
1930 790 2088 826 filiorum
2114 818 2134 824 ..

259 855 400 890 abbatis
429 862 465 889 et
492 861 696 890 conventus
725 855 937 889 monasterii
968 856 1087 889 Sancti
1119 856 1214 889 Petri
1247 856 1486 890 Carnotensis
1514 857 1582 890 fuit
1608 857 1835 902 propositum
1864 869 1985 891 coram
2013 858 2135 899 nobis⁷

259 922 357 968 quod
383 949 404 955 ..
426 921 666 956 cancellarius
693 922 925 964 Parisiensis‚
951 923 1009 956 cui
1035 934 1147 968 super
1172 923 1382 968 provisione
1403 923 1566 957 facienda
1593 923 1811 969 quibusdam
1834 925 1959 970 pueris
1979 925 2138 958 orienta-

258 988 358 1022 libus
381 989 543 1023 Parisius
563 989 797 1023 studentibus
816 989 956 1023 litteras
981 996 1126 1023 nostras
1146 990 1360 1032 direximus,
1382 991 1436 1024 eis
1457 990 1652 1032 mandavit,
1674 997 1713 1024 ut
1738 991 1846 1025 dictis
1873 991 1998 1037 pueris
2025 991 2138 1025 debe-

259 1063 342 1090 rent
373 1056 411 1089 in
435 1055 560 1090 decem
591 1055 697 1090 libris
727 1056 899 1102 parisien.
928 1057 1034 1090 annis
1063 1056 1223 1102 singulis
1253 1057 1478 1102 providere:
1502 1069 1570 1091 nos
1599 1058 1842 1098 attendentes,
1877 1058 1976 1104 quod
2009 1071 2134 1092 eorum

259 1112 518 1157 monasterium
546 1129 603 1157 est
630 1130 832 1169 gravatum,
869 1123 924 1156 eis
956 1123 1126 1156 duximus
1166 1124 1446 1170 indulgendum,
1483 1131 1521 1158 ut
1551 1125 1595 1158 ad
1634 1125 1882 1170 provisionem
1923 1126 2135 1159 eorumdem

259 1201 471 1235 puerorum,
506 1189 705 1224 dummodo
740 1201 804 1235 per
838 1197 913 1227 tres
947 1202 1062 1223 annos
1097 1190 1151 1224 eis
1185 1191 1399 1236 pensionem
1436 1191 1633 1237 predictam
1673 1191 1864 1234 solverint,
1895 1204 1960 1238 per
1997 1192 2136 1227 litteras

259 1243 478 1302 apostolicas
507 1256 716 1302 impetratas
745 1256 802 1290 vel
828 1257 934 1290 etiam
956 1257 1202 1302 impetrandas
1228 1257 1398 1303 compelli
1427 1270 1500 1291 non
1528 1258 1683 1303 possint.
1713 1259 1891 1302 Quocirca
1921 1259 2135 1293 discretioni

258 1329 319 1357 tue
355 1334 422 1369 per
447 1322 646 1368 apostolica
676 1323 811 1368 scripta
837 1323 1064 1365 mandamus,
1095 1324 1266 1369 quatinus
1296 1325 1456 1370 prefatos
1486 1324 1651 1358 abbatem
1687 1332 1722 1359 et
1753 1333 1971 1360 conventum
2010 1333 2135 1360 contra

257 1389 511 1424 concessionis
537 1395 663 1423 nostre
693 1396 856 1423 tenorem
888 1402 961 1423 non
989 1390 1177 1435 permittas
1206 1390 1250 1424 ab
1279 1390 1464 1436 aliquibus
1498 1403 1609 1437 super
1641 1391 1712 1425 hiis
1744 1392 1905 1426 indebite
1934 1393 2134 1435 molestari,

258 1456 512 1490 molestatores
532 1455 743 1501 hujusmodi
765 1468 830 1501 per
845 1468 1036 1490 censuram
1059 1457 1342 1491 ecclesiasticam
1363 1458 1607 1503 appellatione
1630 1459 1830 1503 postposita
1851 1460 2133 1505 compescendo.

258 1524 336 1557 Dat.
364 1523 534 1569 Lugduni
560 1535 582 1556 x
607 1522 675 1556 kal.
702 1522 802 1564 Julii,
825 1522 1057 1568 pontificatus
1079 1523 1195 1556 nostri
1215 1535 1311 1557 anno
1332 1524 1472 1569 quinto.

349 1621 486 1653 Originule
501 1621 526 1644 in
543 1621 610 1645 Bibl.
625 1624 678 1645 nat.
696 1621 779 1645 Paria.
797 1629 847 1645 ms.
861 1621 907 1646 lat.
923 1622 994 1649 9222,
1012 1622 1141 1647 Chartul.
1158 1621 1186 1646 S.
1202 1622 1282 1647 Petri
1298 1623 1412 1648 Carnot.
1427 1623 1482 1651 182,
1498 1623 1536 1646 82.
1554 1623 1631 1647 Deest
1646 1623 1718 1647 bulla
1733 1624 1867 1655 plumbea.

261 1824 369 1862 183.
393 1836 537 1860 Stanacum
552 1834 640 1870 capit.
656 1834 803 1870 generalia
822 1834 887 1861 ord.
909 1835 1036 1870 Cisterc„
1055 1835 1133 1871 quod
1143 1837 1313 1871 praefectus
1328 1835 1504 1862 studentium
1519 1837 1615 1862 Paris.
1634 1845 1688 1862 non
1707 1837 1788 1872 prior
1802 1836 1856 1863 sed
1866 1837 1998 1873 provisor·
2013 1841 2132 1864 vocetur.

1360 1941 1440 1971 12⁴8,
1455 1940 1616 1974 septembri·
1632 1942 1668 1971 12,
1683 1941 1703 1976 [
1703 1941 1824 1968 cistercii
1821 1941 1847 1977 J.

345 2027 476 2060 Statuit
500 2033 537 2060 et
560 2027 704 2061 ordinat
729 2027 925 2073 capitulum
952 2027 1138 2073 generale,
1165 2035 1204 2061 ut
1228 2027 1290 2061 ille
1316 2028 1529 2071 monachus,
1551 2029 1612 2075 qui
1639 2041 1704 2075 per
1727 2029 1892 2064 abbatem
1920 2030 2133 2065 Clarevallis

255 2104 322 2139 pro
343 2099 506 2139 tempore
527 2093 703 2139 prefuerit
730 2094 917 2128 monachis
938 2094 1099 2128 Parisius
1126 2095 1162 2128 in
1191 2094 1272 2128 loco
1299 2095 1333 2129 S.
1362 2095 1538 2129 Bernardi
1566 2096 1814 2138 studentibus,
1843 2097 1888 2130 de
1915 2104 2038 2131 cetero
2059 2110 2132 2131 non

256 2159 356 2205 prior
381 2159 447 2194 sed
472 2160 641 2205 provisor
666 2161 847 2194 vocetur'.
878 2162 922 2194 Et
946 2161 1116 2206 quoniam
1145 2161 1281 2195 decens
1308 2169 1361 2195 est
1391 2169 1427 2196 et
1451 2162 1660 2204 honestum,
1690 2169 1728 2196 ut
1753 2162 1973 2209 ubicumque
1998 2153 2134 2197 suerint

254 2225 422 2260 monachi
451 2226 567 2260 nostri
597 2226 751 2269 ordinis,
781 2227 903 2260 vivant
931 2227 1000 2261 sub
1030 2227 1261 2262 observantia
1292 2228 1465 2274 regulari,
1500 2229 1737 2263 committitur
1770 2229 1889 2263 abbati
1919 2230 2132 2264 Clarevallis

254 2292 466 2326 auctoritate
492 2291 639 2338 capituli
666 2293 864 2339 generalis,
894 2300 933 2327 ut
959 2294 1121 2327 eamdem
1145 2294 1442 2340 jurisdictionem
1467 2296 1676 2341 corrigendi
1703 2303 1738 2329 et
1761 2295 1977 2330 absolvendi
2003 2296 2132 2330 habeat

255 2358 292 2392 in
313 2358 500 2392 monachis
519 2358 728 2404 hospitibus
754 2359 797 2392 ad
825 2371 864 2393 se
892 2360 1029 2402 missis,
1050 2372 1130 2393 cum
1159 2360 1290 2394 domus
1318 2361 1377 2394 illa
1399 2362 1443 2395 sit
1469 2361 1670 2395 membrum
1694 2362 1880 2407 proprium
1902 2362 2130 2404 Clarevallis,

256 2425 484 2471 propriorum
507 2431 543 2459 et
563 2431 702 2471 patrum
724 2425 892 2459 abbatum
914 2426 950 2459 in
971 2425 1143 2460 omnibus
1158 2428 1242 2472 jure
1264 2427 1376 2461 salvo.

347 2522 416 2547 Bibl.
430 2522 577 2552 Trecentis,
591 2531 640 2547 mu.
655 2523 725 2551 1796,
738 2523 782 2547 fol.
798 2523 837 2547 2¹&
855 2523 918 2547 cod.
934 2523 1033 2547 definit.
1051 2527 1076 2547 et
1091 2532 1168 2555 cupp.
1185 2532 1244 2555 gen.
1257 2524 1321 2548 Ord.
1337 2524 1401 2548 Cin.
1418 2525 1443 2548 in
1459 2525 1535 2549 Arch.
1553 2529 1614 2550 stat..
1629 2525 1654 2549 in
1671 2526 1780 2555 Luzorn,
1796 2526 1813 2550 l.
1834 2527 1853 2555 Ι,
1869 2534 1932 2558 pure
1948 2527 1970 2555 1,
1987 2535 2014 2558 p.
2028 2528 2082 2550 202.
2098 2540 2129 2545 -—

253 2566 377 2596 numne,
397 2566 474 2592 Thes.
490 2574 555 2592 nov.
568 2569 666 2595 anecd,
683 2567 725 2596 lv,
740 2567 810 2596 1³⁸9,
826 2571 855 2591 n⁰
870 2568 892 2591 ³.

347 2651 368 2675 1.
386 2651 425 2675 Ex
439 2651 542 2675 docum.
559 2651 703 2683 (originali)
719 2651 744 2675 in
760 2652 838 2676 ,ΑΙ-«τὴ.
853 2654 905 2675 unt..
923 2651 1008 2676 Parin.
1025 2653 1052 2676 S.
1068 2653 1138 2681 3669,
1156 2657 1184 2676 n⁰
1206 2653 1244 2681 w,
1267 2653 1328 2676 anni
1345 2653 1415 2682 1247,
1436 2661 1526 2678 menne
1546 2654 1629 2686 Aprili
1652 2654 1810 2685 (continente
1834 2655 2010 2679 venditionem
2031 2657 2126 2680 ructum

251 2695 379 2719 tratribu-
393 2695 560 2720 studentibus
576 2695 660 2720 Pnrin.
676 2695 702 2719 in
716 2695 866 2728 praesentia
878 2695 1013 2720 Guillelmi
1024 2696 1153 2729 epitropi)
1163 2696 1317 2726 ediscimus,
1333 2697 1449 2729 priorem
1459 2701 1520 2722 tunc
1535 2698 1662 2730 temporis
1678 2698 1760 2723 fuine
1773 2700 1805 2723 fr.
1819 2699 2001 2730 Guillelmum,
2018 2700 2127 2724 insimul

251 2743 450 2772 procuratorem
465 2739 570 2764 abbati·
585 2743 611 2764 et.
624 2743 768 2764 conventu·
783 2740 996 2765 Clnrevallemst.
