2580 3528
273 439 370 480 1240]
614 449 660 471 ΑΒ
694 448 800 470 nmo
835 447 911 470 lucc
945 447 1079 476 usone
1113 447 1162 470 An
1198 447 1427 470 rmmrpum
1463 447 1502 469 iv
1537 447 1625 470 nnc..
1662 447 1800 469 rame.
2083 438 2144 471 167

270 523 353 557 ficio
383 522 481 569 quod
513 522 658 556 obtines
692 521 847 555 habente
877 533 999 555 curam
1030 521 1185 555 similem
1219 520 1335 554 libere
1369 520 1541 562 retinere,
1578 532 1651 554 non
1686 520 1852 554 obstante
1885 521 2145 555 constitutione

269 589 426 624 Concilii
446 588 644 635 generalis,
670 589 718 622 ita
738 595 858 622 tamen
884 588 982 633 quod
1009 588 1046 621 in
1073 600 1147 621 uno
1171 587 1335 633 ipsorum
1361 587 1604 633 personaliter
1624 587 1810 620 deservias
1831 587 1922 620 etin
1943 587 2056 620 altero
2082 599 2146 632 per

268 656 441 690 idoneum
478 655 651 689 vicarium
692 655 802 688 facias
843 654 1036 696 deserviri,
1075 661 1194 688 tecum
1230 654 1443 687 auctoritate
1479 654 1705 699 presentium
1742 653 2011 698 dispensamus.
2048 653 2145 687 Nulli

267 734 371 769 ergo,
387 727 467 763 etc„
485 728 611 756 nostre
626 721 895 763 concessionis,
912 727 976 756 etc.
996 721 1032 754 Si
1053 721 1150 766 quis,
1165 726 1230 755 etc.
1248 722 1327 754 Dat.
1350 721 1516 754 Laterani
1537 733 1559 754 v
1579 720 1649 754 kal.
1668 719 1895 761 Decembris,
1914 719 2146 765 pontificatus

267 789 384 823 nostri
399 800 495 823 anno
515 788 747 822 duodecimo.

359 887 424 919 Bag.
439 887 496 910 Vnt.
517 886 639 918 Gregorii
660 887 694 910 lx
713 895 755 910 nn.
773 887 811 915 12,
828 895 869 918 ep.
886 887 941 915 344,
959 886 1003 910 tol.
1019 886 1075 910 64⁵.
1096 899 1128 905 —
1147 887 1201 910 1100
1221 889 1261 910 est
1279 886 1396 918 primum
1416 886 1611 915 documentum,
1627 886 1697 918 quod
1717 886 1749 909 ad
1765 885 1937 910 Guillelmum
1954 885 1986 908 de
2002 885 2029 908 S.
2043 886 2146 914 Amore,

265 932 328 955 dnm
342 931 376 955 lis
391 931 542 955 traheretur
556 930 624 955 inter
637 931 843 955 Univenitntem
858 931 944 955 Paris.
960 934 986 954 et
1000 930 1178 954 Mendirantaes
1194 931 1287 954 ducem
1304 933 1330 954 et
1344 931 1548 962 antesignanum
1564 930 1760 959 Universitatis,
1777 933 1887 962 spectet.
2037 939 2039 941 ·

268 1098 379 1137 123.
401 1107 526 1135 lacobus
540 1108 748 1134 Praenestinus
770 1108 922 1144 episcopus
940 1108 1046 1134 statuit
1065 1116 1100 1134 ne
1119 1107 1196 1134 ullus
1216 1108 1418 1142 magistrorum
1438 1111 1466 1133 el
1485 1106 1661 1133 scholarium
1680 1107 1839 1134 Parisiens.
1861 1107 1983 1134 alterius
2003 1107 2145 1134 conducat

352 1156 517 1194 hospitium,
533 1156 673 1193 quamdiu
689 1157 781 1193 ipsum
798 1156 957 1193 inquilinus
973 1157 1095 1183 retinere
1111 1156 1237 1183 voluerit.

1508 1206 1585 1236 1239,
1600 1205 1692 1239 Aprilis
1707 1206 1725 1236 1,
1741 1205 1854 1233 Sotionis.

353 1282 477 1315 Frater
503 1280 661 1315 ,lacobus
691 1280 924 1314 miseratione
953 1280 1074 1314 divina
1104 1280 1343 1313 Prenestinus
1381 1280 1589 1326 episcopus,
1620 1280 1820 1326 apostolice
1850 1281 1949 1315 sedis
1983 1281 2137 1328 legatus,

261 1347 348 1382 licet
370 1347 559 1393 indignus,
588 1347 721 1380 dilecto
746 1346 822 1380 filio
842 1373 862 1379 ..
881 1346 1098 1380 cancellario
1119 1346 1333 1380 Parisiensi¹
1357 1346 1509 1380 salutem
1530 1347 1567 1380 in
1589 1347 1757 1381 Domino.
1780 1347 1872 1391 Quia
1897 1359 1970 1381 non
1994 1359 2136 1390 omnes,

261 1413 323 1459 qui
351 1413 513 1448 Parisius
542 1414 586 1447 ad
619 1413 839 1447 studendum
869 1413 1034 1455 veniunt,
1063 1413 1227 1446 moribus
1257 1413 1320 1458 qui
1349 1413 1535 1447 scientiam
1568 1413 1724 1447 efferunt
1752 1426 1791 1447 se
1817 1421 1999 1456 exercent,
2026 1415 2136 1449 immo

259 1492 355 1515 unus
392 1480 436 1514 ad
473 1479 624 1514 alterius
657 1480 822 1526 aspirans
856 1479 1061 1525 hospicium
1096 1480 1214 1525 ipsum
1250 1479 1321 1513 sibi
1354 1479 1476 1513 reddit
1508 1480 1691 1513 interdum
1726 1481 1833 1526 pretii
1867 1481 2044 1516 carioris:
2067 1494 2135 1527 nos

258 1546 425 1583 volentes
453 1547 706 1593 indempnitati
733 1558 858 1580 eorum
885 1546 1079 1580 consulere
1100 1558 1139 1580 ac
1159 1546 1427 1592 presumptioni
1452 1546 1727 1592 malignantium
1749 1546 1896 1580 obviare
1921 1547 2134 1583 discretioni

258 1620 319 1647 tue
339 1625 409 1660 qua
432 1614 620 1659 fungimur
642 1613 854 1647 auctoritate
881 1613 1106 1655 mandamus,
1129 1613 1300 1659 quatinus
1324 1612 1580 1647 inhibitionem
1600 1613 1711 1647 facias
1735 1614 1944 1659 generalem
1966 1614 2002 1647 in
2022 1615 2135 1649 scolis

258 1680 417 1726 singulis
437 1680 705 1726 publicandam,
721 1687 762 1714 ut
780 1679 905 1714 nullus
923 1680 1182 1726 magistrorum
1203 1692 1268 1714 seu
1289 1680 1483 1714 scolarium
1505 1680 1765 1714 parisiensium
1786 1681 1936 1714 alterius
1956 1681 2136 1715 conducat

257 1746 476 1793 hospicium,
503 1747 675 1793 quamdiu
700 1747 819 1793 ipsum
847 1746 986 1792 absque
1010 1747 1199 1781 manifesta
1223 1746 1362 1780 malicia
1388 1747 1546 1780 retinere
1566 1747 1725 1781 voluerit
1743 1747 1958 1793 inquilinus.
1982 1748 2135 1794 Contra-

257 1813 417 1847 dictores
446 1819 564 1847 autem
590 1813 621 1847 si
647 1813 709 1859 qui
736 1813 871 1847 suerint
899 1813 957 1847 vel
982 1813 1142 1847 rebelles
1169 1813 1416 1847 ecclesiastica
1438 1813 1596 1847 'censura
1622 1825 1846 1859 compescas.
1875 1815 1952 1848 Dat.
1977 1815 2134 1849 Senonis

257 1880 327 1914 kal.
349 1880 488 1926 Aprilis
509 1892 604 1913 anno
625 1880 770 1914 Domini
790 1880 986 1914 millesimo
1008 1880 1260 1914 ducentesimo
1282 1880 1467 1914 tricesimo
1489 1893 1599 1914 nono.
1898 1869 1903 1874 ⁵

349 1978 485 2011 originale
500 1978 527 2002 in
542 1978 618 2003 Arch.
635 1978 758 2003 Univers.
774 1978 857 2002 Paris.
875 1978 951 2002 theca
965 1978 1007 2002 lv.
1026 1979 1053 2002 A.
1071 1979 1108 2002 19.
1126 1987 1151 2010 g.
1169 1979 1260 2003 Restat
1277 1978 1422 2002 taeniolum
1436 1978 1675 2003 membranaceum.
1696 1993 1727 1997 —
1745 1979 1934 2012 Apographum
1954 1979 2016 2003 nnnt
2031 1980 2093 2004 1244
2107 1980 2135 2004 in

255 2023 348 2047 eodem
363 2022 439 2047 Arch.
455 2022 531 2047 theca
546 2023 587 2047 lv.
605 2023 633 2047 Α.
650 2023 688 2047 19.
705 2022 730 2047 h.
746 2022 884 2052 Jourdain,
900 2027 930 2046 n⁰
944 2025 983 2047 55.

350 2107 372 2131 1.
389 2107 474 2133 odoni
489 2107 522 2132 de
536 2107 630 2132 Castro
646 2107 788 2139 Radulphi.
807 2107 869 2131 Vide
884 2116 967 2140 supra
982 2108 1016 2132 ad
1031 2112 1061 2131 n⁰
1076 2108 1130 2137 115,
1149 2111 1210 2132 nota
1225 2108 1247 2133 1.

260 2273 368 2311 124.
395 2282 546 2310 Ordinatio
563 2283 691 2320 Capituli
703 2283 850 2319 gener-alie
868 2283 934 2310 Ord.
952 2283 1057 2310 Praed.
1075 2284 1128 2310 sub
1144 2293 1219 2319 mag.
1237 2284 1406 2320 Raymundo
1421 2285 1571 2311 Bononiae
1586 2284 1726 2311 celebrati
1740 2284 1776 2311 de
1790 2284 1982 2320 studentibus,
2000 2284 2050 2321 qui
2064 2289 2132 2326 sunt

342 2331 476 2359 Parisiis.

1299 2382 1376 2412 1240.
1391 2390 1481 2409 maneo
1494 2382 1569 2409 «lunio
1583 2383 1693 2412 ineunte.
1707 2383 1840 2410 Bononiae.

343 2457 447 2498 Item,
468 2456 598 2490 fratres
617 2456 808 2490 studentes
828 2456 1002 2498 parisius,
1024 2457 1086 2502 qui
1107 2463 1193 2490 sunt
1212 2468 1278 2502 pro
1299 2456 1499 2491 lectoribus
1518 2457 1707 2502 assignati,
1730 2457 1766 2490 in
1786 2456 1976 2491 ferialibus
1996 2457 2127 2491 diebus

252 2522 297 2556 ad
317 2521 605 2568 Completorium
631 2529 767 2557 tantum
793 2522 919 2556 venire
944 2529 1152 2564 teneantur3
1184 2523 1222 2556 in
1246 2523 1350 2557 sestis
1370 2535 1458 2557 vero
1478 2535 1608 2557 novem
1634 2523 1830 2557 lectionum
1852 2523 1890 2556 in
1910 2523 1992 2558 aliis
2011 2522 2125 2566 horis,

252 2588 323 2623 nisi
351 2589 594 2623 remanserint
620 2589 665 2623 de
692 2589 838 2623 licentia
859 2589 1022 2635 speciali,
1049 2601 1114 2623 eos
1136 2589 1306 2623 volumus
1333 2589 1528 2632 interesse,
1555 2601 1621 2623 nec
1647 2589 1691 2623 ad
1715 2590 1904 2624 servitium
1929 2590 2126 2630 infirmarie

252 2654 468 2690 scribantur.

341 2723 445 2765 Item,
467 2723 658 2757 studentes
679 2723 866 2757 mittantur
884 2723 1045 2757 Parisius
1065 2735 1083 2757 a
1105 2723 1226 2769 priore
1246 2723 1459 2769 provinciali
1482 2723 1527 2757 de
1546 2723 1702 2758 consilio
1722 2724 1958 2758 diffinitorum
1979 2724 2126 2770 capituli

251 2788 498 2835 provincialis.

342 2886 423 2912 Codd.
439 2886 572 2911 Romanu·
589 2888 666 2917 (naec.
688 2887 757 2920 xm)
771 2891 798 2912 ct
817 2888 943 2913 Rutenan.
959 2890 1037 2918 (naec.
1054 2888 1127 2920 xtv).
1144 2888 1227 2920 Capp.
1244 2888 1361 2920 general.
1382 2887 1444 2912 Ord.
1466 2887 1558 2912 Praed.
1576 2887 1738 2912 continentes
1757 2892 1783 2912 ct
1802 2889 1834 2911 nd
1855 2887 1918 2912 Ord.
1934 2888 2027 2913 Praed.
2043 2889 2125 2920 perti,-

249 2933 350 2955 unm.
364 2944 394 2950 -
411 2931 535 2961 namne,
554 2931 631 2957 Thes.
647 2938 710 2958 nov.
727 2933 836 2962 anecd„
852 2932 894 2962 lv,
910 2933 980 2962 1⁶81,
997 2936 1036 2956 n0·
1049 2932 1088 2962 21,
1104 2933 1143 2957 80.
