2580 3528
229 660 277 684 47³

230 763 278 787 ¹174

231 866 278 889 1275

232 1012 280 1036 ¹⁵76

232 1116 280 1139 477

232 1174 280 1197 ⁴7⁸

233 1231 281 1255 479

233 1333 281 1357 480

233 1479 279 1504 ¹2⁸¹

234 1625 282 1650 ¹18²

234 1772 282 1796 ¹1⁸³

238 2305 285 2329 ¹187

243 2910 291 2934 no

367 554 435 582 mv

374 2019 443 2047 ¹²⁷0

523 555 662 581 Februarii
676 556 706 580 18

555 657 644 682 nan-tii
661 659 674 682 7

581 773 614 779 —
646 760 676 784 18

556 862 630 887 lunii
647 862 678 886 19

513 1243 725 1251 nnnnnnnnn

578 1475 658 1500 Sunio

582 1621 655 1646 Jnlio

519 1767 683 1800 Septembris
699 1767 728 1791 12

590 1884 621 1889 —-
699 1870 729 1893 18

538 2017 678 2042 Februarii
692 2018 707 2041 ³

594 2489 669 2513 -102

557 2907 668 2941 Augu-ti
683 2908 699 2931 5

1084 437 1252 460 ‘FABULA-

750 555 889 580 Ordinatio
901 555 1035 580 facultatis
1049 556 1214 581 decretorum
1233 559 1324 580 contra
1343 556 1501 588 magistrum
1516 557 1721 586 Emmanuelem,
1734 557 1948 580 archidiaconum
1963 558 2022 581 Cre-

782 608 942 629 monensem,
958 600 1097 632 perjurum
1115 603 1141 624 et
1159 604 1340 624 contumacem
1343 618 2020 626 ...........................

751 658 895 691 Opinione·
913 659 1042 683 ducentae
1060 658 1226 691 undeviginti
1245 659 1332 691 Sigeri
1351 659 1384 683 de
1401 659 1555 687 Brabantia,
1571 659 1655 683 Boetii
1673 659 1705 683 de
1724 659 1803 683 Dacia
1818 659 1991 691 aliorumque,
2007 668 2021 682 a

783 703 917 736 Stephano
932 703 1057 736 episcopo
1071 703 1215 728 Parisiensi
1229 704 1262 727 de
1276 703 1386 727 consilio
1401 704 1539 728 doctorum
1554 712 1645 727 sacrae
1660 703 1807 736 scripturae
1825 704 2021 727 condemnatae.

752 761 883 786 Robertus
897 761 1062 793 Kilwardby,
1077 761 1109 786 Ο.
1123 762 1151 786 P.
1168 761 1286 793 archiep.
1302 761 1510 792 Cantuariensis,
1531 762 1660 794 quosdam
1675 770 1778 785 errores
1793 762 1819 785 in
1834 761 2022 793 grammatica-

782 806 864 835 libus,
877 806 1036 838 logicalihus
1049 809 1075 830 et
1086 805 1254 830 naturalibus
1266 806 1299 830 de
1310 814 1442 830 consensu
1454 806 1643 838 magistrorum
1656 806 1843 831 oxoniensium
1858 806 2021 830 condemnat.

752 863 918 888 Universilas
942 863 1100 888 Parisiensis
1119 864 1262 888 Robertum
1282 864 1437 896 episcopum
1456 864 1679 888 Silvanectensem
1702 867 1780 896 rogat
1800 867 1829 888 ut
1850 864 1978 888 Adamum
1999 867 2025 887 et

784 909 926 932 Hem-icum
947 908 1071 940 Anglicos
1093 909 1228 932 scholares
1247 908 1419 938 Parisienses,
1438 917 1487 941 per
1510 909 1640 941 quosdam
1659 909 1761 932 villicos
1781 909 1932 932 vulneratos
1951 911 1977 932 et
1998 908 2023 932 in

783 961 888 977 carcere
902 953 1031 982 detentos,
1047 953 1200 977 liberandos
1215 956 1288 977 curet
1290 970 2022 978 .............................

754 1011 920 1035 Universitas
940 1010 1098 1035 Parisiensis
1118 1011 1261 1035 Robertum
1275 1011 1430 1043 episcopum
1445 1011 1668 1035 Silvonectensem
1687 1015 1764 1043 rogat
1783 1015 1812 1035 ut
1831 1011 1940 1043 injurias
1955 1011 2025 1035 Adae

785 1058 810 1079 et
825 1055 937 1079 ilenrico
951 1055 1068 1087 Anglicis
1084 1055 1250 1079 scholaribus
1265 1055 1461 1079 Parisieasibus
1477 1055 1565 1079 illatas
1579 1056 1673 1088 puniat
1676 1072 2023 1080 ..............

754 1113 920 1137 Universitas
935 1113 1095 1137 Parisiensia
1114 1113 1148 1136 ad
1168 1113 1323 1145 episcopum
1338 1113 1560 1137 Silvanectensem
1575 1113 1607 1137 de
1621 1113 1713 1137 codem
1729 1116 1885 1145 argumento
1888 1130 2023 1136 ......

754 1171 888 1195 Statutum
903 1171 935 1195 de
949 1179 1001 1194 non
1016 1171 1149 1195 reddendo
1164 1171 1272 1194 domum
1285 1171 1326 1195 vel
1341 1171 1427 1195 scolas
1441 1171 1531 1203 aliquo
1545 1171 1657 1195 termino
1669 1171 1731 1194 anni
1734 1187 2024 1195 ............

755 1237 768 1252 α
782 1229 883 1252 Accord
897 1228 947 1253 fait
959 1229 984 1252 le
998 1229 1054 1260 Roy
1067 1231 1175 1260 present
1189 1231 1262 1252 entre
1276 1229 1315 1252 les
1330 1228 1435 1252 nations
1449 1229 1629 1259 d'Angleterre
1643 1231 1670 1252 et
1685 1228 1717 1252 de
1736 1228 1872 1260 Picardye,
1887 1231 1914 1252 et
1927 1228 2027 1252 semble

785 1281 836 1306 que
851 1281 880 1297 ce
895 1274 1013 1297 feussent
1026 1273 1160 1297 eseolliers
1177 1280 1190 1296 s
1193 1289 2026 1298 .................................

755 1331 882 1355 Enormes
905 1339 1028 1354 excessus
1052 1339 1068 1354 a
1091 1330 1209 1355 Gerardo
1233 1330 1328 1354 abbate
1351 1334 1377 1354 et
1399 1330 1584 1355 monaehir‘S.
1607 1330 1732 1355 Germani
1755 1331 1787 1354 de
1808 1330 1894 1354 Pratis
1915 1330 2028 1362 aliisque

786 1375 906 1407 nequiter
925 1375 1037 1406 irrogati
1052 1375 1188 1406 magistris
1203 1378 1230 1398 et
1243 1375 1410 1398 scholaribus
1425 1374 1621 1399 Parisiensibus
1636 1383 1702 1407 quos
1716 1378 1810 1407 petunt
1827 1383 1876 1407 per
1895 1374 2028 1398 Simonem

785 1419 948 1452 apostolicae
962 1419 1033 1443 sedis
1053 1419 1171 1451 legatum
1186 1419 1320 1443 emendari
1335 1427 1365 1443 ac
1380 1419 1407 1443 in
1421 1419 1571 1451 exemplum
1585 1419 1685 1451 puniri.
1709 1436 2027 1444 .............

755 1477 907 1510 Capitulum
921 1477 1045 1509 generale
1060 1477 1124 1502 Ord.
1138 1477 1230 1501 Praed.
1245 1477 1296 1500 sub
1309 1477 1430 1501 Johanne
1444 1477 1476 1500 de
1491 1477 1616 1501 Vercellis
1632 1477 1771 1501 Mediolani
1787 1477 1949 1501 celebratum
1963 1477 2029 1500 duos

785 1522 896 1546 lectores
916 1522 943 1545 in
963 1521 1085 1554 Angliam
1100 1521 1181 1546 mittit
1195 1524 1224 1545 ut
1237 1521 1298 1546 illos
1314 1523 1410 1546 fratres
1425 1521 1544 1554 puniant,
1561 1522 1606 1554 qui
1621 1521 1728 1554 scriptis
1744 1522 1859 1545 Thomao
1878 1522 1909 1545 dc
1929 1521 2030 1553 Aquino

786 1567 953 1591 detraxerant
956 1583 2029 1591 ..........................................

756 1625 869 1649 Litterae
883 1624 1000 1656 Philippi
1017 1624 1062 1652 ΙΙΙ,
1078 1624 1150 1656 regis
1165 1624 1335 1652 Francorum,
1352 1624 1448 1656 quibus
1464 1624 1543 1648 edicit
1558 1627 1587 1648 ut
1600 1624 1633 1648 ad
1649 1624 1806 1656 expiandam
1825 1624 1938 1648 duorum
1953 1623 2031 1647 scho-

787 1668 883 1692 larium
904 1668 1111 1692 intersectionem
1131 1668 1215 1692 abhas
1234 1671 1260 1692 et
1278 1671 1422 1692 conventus
1442 1669 1468 1692 S.
1485 1669 1608 1693 Germani
1628 1669 1660 1692 de
1679 1668 1765 1692 Pratis
1785 1669 1851 1692 dnus
1869 1668 2031 1700 capellanias

787 1713 935 1742 instituant,
947 1715 973 1737 et
985 1716 1124 1745 utramque
1137 1713 1228 1736 dotent
1239 1713 1271 1737 de
1282 1712 1376 1744 viginti
1389 1713 1466 1736 libris
1478 1713 1619 1745 parisiens.
1633 1713 1714 1737 annui
1726 1716 1752 1737 et
1764 1713 1884 1745 perpetui
1902 1713 2030 1737 redditus.

757 1771 891 1795 Statutum
903 1770 1019 1803 Capituli
1034 1770 1166 1803 generalis
1182 1770 1245 1795 Ord.
1259 1770 1369 1795 Cisterc.
1382 1771 1414 1794 de
1427 1770 1515 1794 indole
1527 1779 1627 1798 eorum,
1639 1770 1684 1803 qui
1697 1770 1813 1795 Parisios
1826 1771 1860 1794 ad
1873 1771 2031 1794 studendum

789 1815 930 1839 mittuntur
932 1832 2030 1839 ...........................................

758 1873 849 1898 Simon
864 1872 1007 1897 cardinalis
1022 1873 1126 1904 legatus
1141 1873 1268 1902 Gerardo,
1281 1873 1414 1905 quondam
1427 1872 1518 1896 abbati
1531 1873 1557 1897 S.
1571 1873 1695 1897 Germani
1710 1873 1742 1896 de
1757 1873 1852 1901 Pratis,
1866 1873 1910 1905 qui
1924 1876 2032 1905 propter

789 1921 891 1942 atroces
910 1925 925 1941 a
945 1917 1081 1941 monachis
1101 1917 1142 1941 sui
1161 1917 1314 1941 monasterii
1334 1917 1422 1941 illatas
1442 1917 1609 1941 scholaribus
1628 1917 1739 1949 injurias
1757 1917 1845 1941 officio
1864 1920 1890 1941 et
1907 1917 2030 1949 dignitati

789 1965 883 1995 sponte
897 1962 986 1990 cessit,
1001 1961 1184 1994 possessiones
1199 1961 1320 1994 assignat
1322 1979 2030 1987 ............................

758 2021 896 2045 Decretum
918 2019 1051 2044 facultatis
1073 2019 1170 2043 artium
1191 2022 1220 2043 ut
1241 2019 1307 2043 nulli
1329 2019 1385 2043 dies
1407 2020 1440 2043 ad
1463 2019 1642 2052 incipiendum
1663 2019 1815 2052 assignetur
1836 2020 1977 2052 nullusque
1998 2019 2031 2043 ad

789 2073 898 2089 examen
913 2064 1037 2096 superius
1052 2064 1216 2093 admittatur,
1233 2063 1284 2088 nisi
1297 2064 1428 2096 juraverit
1442 2072 1469 2088 se
1484 2064 1674 2088 determinasse
1689 2064 1799 2088 Parisiis
1814 2064 1855 2087 vel
1871 2064 1916 2088 ubi
1931 2064 1985 2088 sint
1999 2064 2031 2088 ad

790 2109 877 2133 minus
896 2109 1035 2133 duodecim
1055 2109 1177 2140 magistri
1196 2112 1316 2140 regentes
1320 2125 2031 2133 ............................

759 2163 883 2187 Nicolaus
907 2162 943 2187 ln
967 2162 1068 2186 Simoni
1090 2161 1220 2186 cardinali
1242 2163 1330 2194 legato
1352 2165 1378 2186 et
1399 2161 1532 2194 Stephano
1554 2162 1680 2194 episcopo
1701 2162 1844 2186 Purisicnsi
1867 2162 1982 2194 injungit
2004 2165 2033 2186 ut

790 2207 934 2240 inquirant,
948 2215 981 2231 an
996 2206 1133 2231 monachis
1147 2206 1365 2231 Cluniaccnsihus
1379 2206 1484 2238 collegii
1499 2206 1584 2231 Paris.
1600 2206 1712 2230 facultas
1726 2206 1790 2230 dare
1804 2206 1890 2238 possit
1903 2207 1956 2230 alta
1972 2214 2032 2230 voce

791 2252 817 2276 in
832 2260 924 2276 eorum
938 2251 1055 2276 oratorio
1069 2251 1220 2275 celebrandi
1235 2254 1262 2275 et
1275 2251 1460 2275 coemeterium
1474 2251 1639 2283 possidendi.
1663 2267 2031 2275 ...............

760 2306 874 2330 Litterae
895 2304 1017 2337 magistri
1041 2304 1176 2330 Guillelmi
1197 2304 1230 2328 de
1252 2305 1347 2334 Saana,
1371 2304 1571 2336 Rotomagensis
1594 2303 1720 2328 ecclesiae
1743 2304 1912 2332 thesaurarii,
1936 2303 2032 2336 quibus

791 2349 934 2374 Ricardum
952 2349 985 2373 do
1004 2348 1189 2378 Alacrimonte,
1205 2349 1339 2378 clericum,
1355 2348 1492 2373 constituit
1510 2352 1709 2381 procuratorem
1728 2357 1805 2372 snum
1824 2348 1858 2372 ad
1877 2348 2033 2372 mittendum

792 2394 911 2422 clericos,
927 2402 943 2417 a
962 2393 1104 2418 Guillolmo
1119 2392 1182 2417 olim
1197 2392 1360 2426 designatos,
1377 2393 1403 2417 in
1417 2393 1614 2425 possessionem
1629 2393 1758 2416 bonorum
1772 2392 1890 2417 omnium
1909 2401 1976 2425 quae
1994 2392 2033 2416 eis

790 2438 943 2471 praedictus
958 2437 991 2462 de
1006 2438 1092 2462 Saena
1107 2437 1216 2462 dederat
1218 2454 2032 2463 ................................

761 2492 875 2517 Litterae
889 2491 1012 2516 officialis
1027 2490 1237 2523 Rotomagensis,
1253 2490 1349 2523 quibu·
1369 2494 1460 2515 notum
1480 2490 1544 2515 tacit
1560 2499 1576 2515 a
1596 2490 1724 2524 mugi-tro
1738 2490 1880 2515 Guillelmo
1898 2490 1931 2514 de
1948 2490 2034 2515 Suana

792 2535 949 2561 constitutos
965 2535 1047 2560 fuisso
1061 2535 1219 2568 magistrum
1234 2535 1395 2560 Bertaudam
1409 2535 1442 2559 de
1455 2536 1481 2559 S.
1495 2534 1629 2567 Dionysio,
1642 2535 1797 2559 canonicum
1812 2534 1996 2564 Parisieasem,
2009 2538 2035 2559 et

793 2580 987 2606 Guillehertam
1005 2579 1038 2604 de
1052 2579 1148 2609 Suana,
1163 2579 1319 2604 canonicum
1341 2579 1519 2612 Bajocensem.
1539 2582 1725 2612 procuratores
1740 2587 1803 2604 suos
1823 2579 1857 2604 ad
1878 2579 2034 2604 mittendum

793 2625 927 2649 scholares
941 2624 967 2648 in
980 2624 1113 2656 theologia
1126 2623 1151 2648 in
1164 2623 1360 2657 possessionem
1373 2624 1486 2648 duarum
1499 2624 1637 2648 domorum
1651 2623 1833 2657 librorumque
1844 2627 1870 2648 et
1882 2624 2034 2648 utensilium

793 2669 819 2694 in
834 2669 872 2694 eis
887 2671 1068 2693 contentorum
1072 2685 2034 2694 ......................................

763 2722 876 2748 Litterae
892 2731 907 2747 a
925 2721 1048 2754 pluribus
1065 2721 1203 2754 mugistris
1218 2721 1360 2753 sigillatae,
1379 2721 1476 2754 quihus
1491 2725 1582 2746 notum
1598 2721 1698 2747 fuciunt
1717 2722 1859 2754 mugi-tm·
1879 2722 1985 2746 Petrum
2003 2722 2036 2746 de

793 2766 947 2799 Osquevilla
966 2769 992 2791 et
1009 2765 1157 2790 Johsnnein
1176 2766 1209 2790 de
1227 2765 1324 2790 Tribus
1339 2765 1424 2791 Petris
1439 2774 1454 2790 a
1469 2765 1598 2798 magistro
1616 2765 1747 2790 Bertaudo
1766 2766 1799 2790 do
1818 2767 1845 2791 S.
1861 2766 1986 2799 Dionysio
2004 2766 2036 2790 de

794 2811 918 2835 mandato
937 2810 1059 2843 mugi-tri
1073 2810 1208 2835 Guillelmi
1223 2810 1255 2834 do
1275 2811 1370 2839 Suana,
1389 2810 1549 2835 thesaurarii
1569 2811 1778 2843 Rotomngomin.
1798 2810 1823 2835 in
1842 2810 2035 2843 possessionem

793 2855 924 2880 bonorum
939 2862 1006 2888 quae
1021 2854 1149 2887 magister
1163 2854 1322 2880 Gaillelmus
1337 2854 1375 2879 eis
1390 2855 1545 2885 donavsrat,
1560 2855 1662 2887 positos
1682 2855 1764 2879 fuisse
1766 2871 2035 2881 ...........

764 2909 854 2934 Simon
873 2908 1016 2933 cardinalis
1035 2908 1140 2940 legatus
1156 2908 1321 2933 dissensione
1339 2911 1397 2933 orta
1417 2908 1485 2933 inter
1504 2908 1647 2940 magistros
1667 2909 1800 2933 tanna-ti-
1819 2909 1916 2933 nrtinm
1935 2916 1966 2932 ex
1985 2915 2036 2931 nna

794 2957 870 2987 parte
889 2956 915 2978 et
933 2953 1076 2985 magistros
1090 2952 1116 2977 in
1131 2953 1244 2977 decretis
1258 2956 1284 2977 et
1298 2953 1427 2977 medicina
1441 2961 1472 2977 ex
1486 2953 1570 2978 altera
1585 2953 1780 2986 inquisitionem
1795 2953 1900 2977 ordinat
1913 2953 1945 2976 dn-
1960 2952 2037 2976 modo

799 2997 970 3023 denuntiandi
994 2997 1213 3030 congregationes
1231 2998 1369 3030 generales
1380 3013 1599 3023 .........
1605 2999 1609 3002 “
1617 3013 2036 3023 .................

2049 429 2116 462 679

2066 704 2112 727 543

2067 807 2112 829 558

2074 1564 2120 1586 566

2075 1710 2120 1733 567

2076 1958 2122 1981 569

2076 2105 2122 2128 570

2077 2246 2119 2270 57¹

2077 2432 2123 2456 572

2079 2663 2125 2687 ³72
