2580 3528
434 370 500 402 206
1020 379 1338 402 ci1AiiTux.3111UM
1373 379 1563 401 nmvssns.
1600 379 1728 401 rAnis.
2217 372 2317 413 [1247

441 496 549 533 175.
573 506 756 532 Innocentius
779 506 824 532 IV
838 505 960 531 mandat
984 505 1190 532 archidiacono
1219 505 1432 531 Constantiensi
1456 508 1486 530 ut
1508 505 1646 539 magistro
1674 505 1823 532 Guillelmo
1848 505 1885 533 de
1907 508 1934 532 S.
1959 507 2063 533 Amore
2085 506 2265 533 subdiacono
2289 510 2317 533 et

525 555 663 580 canonico
678 554 847 581 Belvacensi
860 554 990 581 studenti
1010 555 1038 580 in
1059 554 1204 589 theologia
1222 558 1375 590 proventus
1398 554 1538 580 ecclesiae
1559 562 1632 580 suae
1653 553 1690 580 de
1708 554 1835 581 Gravilla
1854 558 1934 581 curet
1949 556 1977 581 in
1992 559 2126 592 suscepto
2145 555 2251 582 Ordine
2262 564 2317 592 per·

523 603 677 630 triennium
693 603 909 630 ministrandas.

1602 639 1678 670 1247,
1697 639 1857 672 Septembris
1870 641 1896 670 3,
1912 640 2028 673 Lugduni.

524 715 700 760 Magistro
730 714 885 748 Johanni
915 713 1170 747 archidiacono
1208 713 1494 747 Constantiensi.
1526 714 1582 747 Ad
1620 714 1819 747 faciendam
1854 714 1987 748 dilecto
2026 714 2101 748 filio
2138 715 2313 761 magistro

432 781 639 816 Guillermo
661 781 705 814 de
724 782 854 815 Sancto
871 781 1005 814 Amore
1027 780 1267 822 subdiacono,
1284 780 1459 813 canonico
1477 780 1704 822 Belvacensi,
1722 781 1872 827 gratiam
1890 781 2084 827 specialem
2103 781 2226 816 dilecti
2248 782 2313 816 filii

435 875 457 881 ..
481 848 587 881 electi
615 848 890 893 Lugdunensis*
924 859 1052 892 preces
1079 859 1119 879 ac
1148 846 1265 892 ipsius
1295 846 1511 880 subdiaconi
1541 847 1681 888 merita,
1704 859 1816 893 super
1845 847 1979 892 quibus
2001 848 2034 880 ei
2063 848 2313 882 testimonium

433 914 647 960 perhibetur
667 913 862 955 laudabile,
886 926 953 947 nos
979 913 1169 946 inducunt.
1193 913 1372 956 Quocirca
1393 913 1606 947 mandamus
1626 914 1796 959 quatinus
1822 914 1939 947 eidem
1966 913 2191 948 subdiacono
2212 914 2315 948 theo-

431 981 530 1027 logie
559 981 680 1014 studio
708 981 891 1014 insistenti
918 986 1118 1026 proventus
1144 979 1300 1013 ecclesie
1328 991 1393 1013 sue
1420 980 1465 1013 de
1492 979 1664 1022 Gravilla,
1692 980 1986 1022 Constantiensis
2007 980 2181 1023 diocesis,
2208 993 2314 1027 quam

430 1060 470 1081 se
495 1048 669 1081 canonice
697 1048 868 1093 proponit
895 1047 1064 1093 adeptum
1091 1047 1201 1080 facias
1222 1047 1259 1079 in
1280 1053 1452 1092 suscepto
1477 1047 1607 1081 ordine
1633 1059 1697 1093 per
1722 1047 1918 1081 triennium
1939 1047 2082 1094 integre
2102 1047 2312 1081 ministrari.

430 1117 510 1148 Nou
536 1114 703 1148 obstante
727 1114 988 1148 constitutione
1015 1114 1060 1147 de
1085 1114 1230 1147 clericis
1258 1126 1379 1147 curam
1410 1114 1610 1148 animarum
1639 1113 1872 1156 habentibus,
1900 1121 1939 1147 ut
1963 1121 2245 1160 promoveantur
2269 1115 2314 1148 ad

429 1194 558 1215 omnes
593 1181 756 1223 ordines,
792 1193 898 1226 quam
933 1180 1154 1215 venerabilis
1178 1182 1288 1214 frater
1315 1188 1440 1214 noster
1464 1207 1484 1214 ..
1508 1181 1705 1227 episcopus
1726 1181 1955 1215 Tusculanus
1983 1181 2182 1227 apostolice
2212 1181 2313 1215 sedis

429 1249 590 1294 legatus¹
609 1249 644 1281 in
666 1260 781 1294 regno
804 1248 953 1281 Francie
975 1247 1108 1281 dicitur
1124 1247 1298 1281 edidisse.
1318 1247 1630 1288 Contradictorcs,
1647 1253 1711 1282 etc.
1730 1248 1882 1282 Proviso
1899 1248 1997 1293 quod
2017 1248 2134 1281 eidem
2157 1247 2312 1282 ecclesie

430 1316 575 1349 interim
603 1327 668 1360 per
693 1315 865 1348 idoneum
892 1315 1065 1348 vicarium
1094 1314 1285 1348 serviatur.
1309 1315 1388 1348 Dat.
1411 1315 1582 1360 Lugduni
1608 1315 1644 1360 iij
1675 1327 1760 1347 non.
1785 1313 2023 1360 Septembris,
2045 1326 2139 1348 anno
2170 1315 2311 1360 quinto.

521 1401 585 1432 Reg.
602 1401 659 1424 Vnt.
677 1400 822 1424 Innocentii
838 1400 871 1423 lv
887 1408 929 1423 nn.
946 1402 969 1428 5,
985 1408 1026 1431 ep.
1046 1400 1100 1428 179,
1118 1399 1162 1423 fol.
1179 1400 1234 1422 460.

523 1472 545 1495 1.
562 1471 679 1503 Philippi
696 1472 728 1495 de
744 1471 886 1495 Sabaudia.
898 1485 929 1489 —
945 1472 966 1494 2.
983 1471 1040 1494 odo
1056 1471 1088 1494 de
1103 1471 1196 1494 Castro
1211 1470 1353 1502 Radulphi.

433 1640 541 1677 176.
568 1648 628 1674 Odo
649 1649 801 1685 episcopus
826 1647 1004 1674 Tusculanus
1025 1651 1052 1674 et
1071 1651 1165 1683 apost.
1188 1647 1267 1673 sedis
1287 1646 1401 1682 legatus
1425 1646 1461 1673 de
1485 1646 1722 1673 condemnatione
1747 1655 1874 1673 errorum
1899 1646 2038 1673 Johannis
2061 1646 2096 1672 dc
2121 1647 2259 1673 Brescain
2283 1650 2312 1674 ct

516 1698 649 1734 magistri
663 1697 822 1723 Raimandi
834 1697 1040 1733 praesentibus
1056 1697 1189 1733 episcopo
1204 1700 1231 1722 et
1246 1695 1422 1722 cancellario
1438 1700 1466 1722 et
1481 1697 1629 1731 magistris
1645 1695 1808 1731 theologiae
1822 1696 1918 1722 Paris.
1937 1695 2048 1722 habita.

1602 1786 1679 1816 1247,
1694 1785 1842 1812 Decembris
1855 1786 1894 1816 21,
1910 1786 2023 1813 Parieiie.

516 1863 596 1896 Odo
632 1862 866 1896 miseratione
901 1861 1022 1895 divina
1061 1861 1292 1895 Tusculanus
1331 1861 1527 1906 episcopus
1567 1860 1768 1906 apostolice
1806 1860 1906 1894 sedis
1945 1860 2087 1906 legatus
2126 1861 2309 1894 universis

426 1930 611 1975 magistris
646 1936 681 1962 et
719 1928 924 1962 scolaribus
963 1928 1125 1962 Parisius
1164 1927 1398 1962 studentibus
1438 1927 1591 1961 salutem
1631 1927 1668 1960 in
1706 1927 1874 1960 Domino.
1915 1928 2006 1961 Cum
2044 1927 2308 1961 Johannes-de

425 1996 599 2030 Brescain
629 1996 786 2029 clericus
816 2007 937 2028 coram
969 1995 1117 2028 domino
1148 1995 1336 2040 episcopo,
1368 1993 1602 2027 cancellario¹
1635 2000 1671 2027 et
1700 1993 1884 2039 magistris
1915 1993 2100 2039 theologie
2130 1994 2306 2027 Parisien.

424 2063 600 2108 quosdam
641 2074 804 2100 errores,
840 2074 933 2106 quos
973 2061 1278 2107 dogmatizaverat
1315 2061 1352 2093 in
1391 2060 1522 2106 logicis
1557 2067 1593 2093 et
1625 2072 1736 2105 super
1771 2059 1905 2105 quibus
1939 2066 2084 2093 notatus
2122 2060 2240 2094 suerat
2272 2067 2310 2094 et.

423 2136 640 2171 conventus,
663 2129 799 2174 injure
821 2129 1014 2162 confessus
1034 2127 1250 2173 abjurasset,
1273 2134 1310 2160 et
1329 2127 1478 2160 eosdem
1501 2127 1545 2160 de
1566 2126 1732 2160 mandato
1755 2126 1892 2160 domini
1912 2126 2076 2172 episcopi
2097 2133 2133 2160 et
2150 2127 2307 2172 promis-

423 2197 528 2230 sione
558 2208 623 2230 sua
653 2208 824 2230 revocare
855 2195 1007 2228 deberet
1032 2201 1067 2228 et
1091 2195 1320 2240 impugnare,
1349 2200 1520 2239 essetque
1551 2193 1669 2227 eidem
1698 2200 1848 2239 propter
1874 2193 1942 2226 hoc
1971 2194 2008 2226 in
2035 2193 2178 2227 civitate
2207 2194 2306 2228 Pari-

423 2264 538 2298 siensi
567 2263 611 2296 de
643 2269 765 2296 cetero
801 2262 957 2296 docendi
987 2261 1138 2295 facultas
1168 2261 1360 2294 interdicta
1379 2273 1385 2293 :
1405 2260 1574 2306 quoniam
1607 2261 1724 2294 dictos
1754 2272 1899 2294 errores
1924 2272 1998 2293 non
2022 2260 2214 2295 revocabat
2238 2273 2306 2295 nec

422 2330 672 2376 impugnabat,
699 2330 794 2363 sicut
818 2341 836 2362 a
857 2329 929 2362 fide
955 2329 1079 2374 dignis
1104 2328 1324 2373 accepimus,
1348 2328 1413 2361 sed
1434 2327 1557 2373 potius
1582 2339 1756 2361 excusare
1776 2334 1811 2360 et
1830 2326 1978 2373 palliare
2003 2327 2213 2370 conabatur,
2236 2339 2305 2362 nos

422 2398 557 2431 dictum
579 2399 609 2430 J.
633 2397 691 2430 die
716 2396 881 2430 veneris²
907 2403 989 2429 ante
1015 2395 1139 2429 Natale
1165 2395 1311 2428 Domini
1337 2395 1439 2428 citari
1468 2394 1664 2428 fecerimus
1690 2406 1810 2428 coram
1837 2393 1958 2434 nobis,
1981 2393 2044 2427 ubi
2069 2394 2304 2439 presentibus

421 2464 651 2505 cancellario,
674 2463 859 2509 magistris
882 2462 1067 2508 theologie
1088 2468 1124 2495 et
1143 2462 1224 2496 aliis
1245 2461 1372 2507 probis
1393 2461 1482 2495 viris
1502 2461 1622 2507 aliqua
1643 2461 1688 2494 de
1709 2460 1793 2503 hiis,
1815 2473 1886 2506 que
1911 2460 2192 2506 imponebantur
2217 2460 2301 2504 sihi,

421 2531 615 2564 consessus
641 2537 697 2564 est
716 2531 753 2563 in
769 2531 853 2575 jure
873 2541 913 2563 se
935 2529 1086 2570 dixisse,
1109 2529 1175 2562 sed
1201 2528 1270 2562 sul)
1291 2528 1362 2561 alio
1384 2527 1586 2569 intellectu,
1607 2527 1727 2573 aliqua
1747 2539 1834 2562 vero
1855 2527 1924 2560 sub
1949 2527 2030 2561 aliis
2051 2527 2247 2573 predicatis
2268 2533 2304 2562 et

420 2597 490 2629 alio
520 2597 721 2638 intellectu,
753 2603 789 2629 et
818 2597 923 2629 etiam
954 2596 1155 2641 abjurasse.
1185 2596 1388 2629 Confessus
1415 2601 1470 2628 est
1495 2595 1601 2628 etiam
1630 2594 1667 2627 in
1687 2595 1772 2639 jure
1797 2606 1917 2627 coram
1943 2593 2050 2627 nobis
2072 2600 2108 2627 et
2127 2594 2302 2639 predictis

419 2663 635 2696 cancellario
658 2670 693 2695 et
714 2663 911 2708 magistris,
934 2663 1032 2707 quod
1049 2669 1132 2707 post
1152 2662 1350 2707 predictam
1371 2661 1636 2706 abjurationem
1658 2660 1804 2706 publice
1821 2660 1858 2693 in
1879 2660 1990 2694 scolis
2011 2672 2130 2693 coram
2152 2660 2299 2706 triginta

420 2730 605 2775 magistris
626 2729 885 2774 respondendo
908 2729 1008 2770 dixit,
1031 2729 1149 2761 lucem
1171 2734 1326 2761 creatam
1348 2739 1430 2760 esse
1452 2727 1641 2760 minimum
1667 2727 1704 2759 in
1724 2738 1860 2772 genere
1886 2725 2089 2760 substantie
2110 2733 2146 2759 et
2165 2725 2299 2760 habere

419 2796 483 2830 has
509 2803 582 2829 tres
608 2795 1120 2841 proprietates:infinitatem,
1150 2794 1429 2827 immensitatem
1456 2800 1491 2826 et
1516 2793 1724 2835 essentiam,
1754 2799 1789 2826 et
1814 2793 1919 2826 etiam
1946 2792 2099 2837 quedam
2125 2792 2205 2835 alia,
2228 2805 2298 2839 que

419 2864 494 2896 sere
519 2863 563 2896 ad
590 2863 758 2896 Arianam
786 2861 944 2895 heresim
971 2861 1145 2894 accedere
1174 2860 1403 2894 videbantur.
1431 2861 1567 2893 Verum
1595 2871 1675 2892 cum
1706 2871 1772 2892 nos
1801 2871 1844 2892 ex
1871 2858 1989 2892 officio
2017 2865 2141 2892 nostro
2170 2872 2295 2906 agrum

419 2930 564 2963 Domini
595 2928 762 2963 sentibus
793 2935 861 2962 tam
893 2939 1057 2961 errorum
1089 2939 1194 2972 quam
1225 2926 1394 2960 heresum
1427 2938 1582 2971 purgare
1618 2932 1805 2959 teneamur
1834 2925 2072 2971 volentesque
2102 2926 2138 2958 in
2167 2926 2297 2960 diebus
