2580 3528
489 394 554 427 372
1072 404 1390 426 CHARTULARNJM
1425 403 1614 424 UNIVERS.
1651 402 1780 424 t‘Ants.
2270 394 2370 435 [1258

489 519 602 557 324.
626 529 793 555 Alea-ander·
809 529 978 555 IVmanda!
993 529 1157 555 IIaimerico
1173 528 1348 554 cancellario
1362 528 1525 553 Parisiensi
1543 531 1573 553 ut
1588 527 1684 553 decem
1700 527 1813 554 clericis
1825 528 2007 565 pauperihus
2024 529 2228 555 transmarinis
2244 529 2369 556 Parisiis

578 578 760 604 studentibus
773 578 931 615 provideat.

1716 626 1792 655 1258.
1807 626 1899 659 Aprilis
1912 627 1958 656 22,
1975 626 2083 653 riter-⁶1¹1:

582 736 603 743 ..
630 711 855 744 Cancellario
881 710 1091 742 Parisiensi.
1115 709 1246 742 Felicis
1268 709 1533 741 recordationis
1554 709 1791 742 Innocentius
1817 722 1906 755 papa
1927 710 2169 755 predecessor
2189 717 2314 744 noster
2334 717 2370 744 et

490 789 558 810 nos
589 777 692 809 etiam
724 776 788 809 tibi
818 777 956 809 litteras
985 776 1203 821 apostolicas
1234 775 1302 808 sub
1333 782 1429 808 certa
1459 775 1574 808 forma
1604 787 1670 820 pro
1701 775 1845 809 dilectis
1875 776 1961 810 filiis
1991 777 2117 810 decem
2146 776 2369 822 pauperibus

489 843 633 875 clericis
663 843 912 876 transmarinis
944 842 1099 875 dicinmr
1126 841 1265 886 pluries
1296 841 1509 883 direxisse¹,
1540 848 1579 874 ut
1608 842 1662 875 eis
1691 842 1852 875 Parisius
1880 842 2137 876 insistentibus
2165 842 2370 877 scolasticis

489 909 695 954 disciplinis
721 921 760 941 ac
787 909 934 941 totidem
957 908 1038 941 aliis
1059 908 1202 940 illarum
1224 908 1392 953 partium7
1415 920 1496 941 cum
1518 915 1644 942 essent
1663 909 1838 951 Parisius,
1860 909 1904 942 ab
1924 909 2108 955 aliquibus
2135 909 2369 943 monasteriis

488 980 545 1013 vel
575 980 742 1012 ecclesiis
775 979 879 1024 regni
910 979 1058 1011 Francia
1089 979 1287 1024 unicuique
1314 979 1477 1024 ipsorum
1503 979 1676 1013 videlicet
1699 980 1736 1013 in
1762 980 1887 1013 decem
1913 980 2019 1014 libris
2044 980 2237 1026 parisiens.
2263 981 2370 1015 annis

488 1046 645 1090 singulis
667 1046 850 1090 provideri
872 1052 907 1078 et
926 1046 1173 1090 provisionem
1195 1045 1406 1090 hujusmodi
1428 1046 1482 1079 eis
1502 1046 1598 1091 apud
1618 1047 1780 1080 Parisius
1799 1047 1939 1081 faceres
1959 1047 2151 1093 assignari.
2169 1047 2261 1091 Quia
2280 1059 2368 1082 vero

488 1112 655 1145 nonnulli
690 1112 1039 1145 Premonstratensis
1074 1119 1109 1145 et
1142 1112 1398 1146 Cluniacensis
1428 1112 1607 1146 Ordinum
1642 1125 1681 1146 ac
1716 1114 1865 1159 majoris
1899 1114 2112 1147 monasterii
2139 1114 2368 1148 Turonensis

487 1178 635 1211 abbates
666 1185 701 1211 et
729 1185 930 1211 conventus
959 1185 994 1211 et
1020 1178 1269 1211 membrorum
1297 1179 1461 1224 ipsorum
1487 1191 1646 1224 persone
1674 1180 1852 1222 dicentes,
1882 1180 1953 1213 sibi
1983 1192 2066 1214 esse
2096 1180 2140 1214 ab
2169 1180 2367 1226 apostolica

487 1245 574 1278 sede
596 1245 789 1286 indultum,
808 1245 906 1290 quod
927 1245 970 1277 ad
992 1245 1240 1290 provisionem
1262 1245 1417 1290 alicujus
1438 1246 1609 1291 compelli
1630 1258 1704 1279 non
1725 1247 1870 1292 possint
1889 1259 1954 1292 per
1973 1247 2113 1280 litteras
2134 1247 2366 1293 apostolicas,

487 1324 557 1356 que
579 1312 719 1356 plenam
742 1318 775 1344 et
797 1323 1006 1356 expressam
1028 1312 1074 1344 (le
1095 1312 1203 1345 dictis
1223 1312 1426 1345 Ordinibus
1448 1319 1484 1346 et
1503 1313 1735 1346 monasteriis
1756 1313 1919 1358 ipsorum
1941 1325 1980 1346 ac
2002 1314 2047 1347 de
2068 1313 2220 1348 indultis
2240 1313 2368 1360 hujus-

486 1378 584 1411 modi
619 1379 663 1411 de
697 1378 810 1411 verbo
845 1378 889 1411 ad
922 1378 1074 1411 verbum
1110 1390 1184 1412 non
1218 1379 1373 1412 fecerint
1407 1379 1643 1421 mentionem,
1684 1391 1796 1425 super
1829 1379 2033 1413 exhibenda
2068 1381 2122 1414 eis
2156 1381 2367 1426 provisione

486 1445 696 1489 hujusmodi
731 1445 822 1490 ipsis
857 1445 1025 1490 imposita
1061 1457 1100 1478 se
1135 1452 1286 1490 propter
1319 1445 1387 1478 hoc
1423 1446 1582 1479 reddunt
1615 1445 1837 1479 inflexibiles
1872 1453 1907 1480 et
1940 1447 2130 1489 molestos,
2166 1459 2232 1492 pro
2266 1453 2368 1493 parte

486 1512 664 1544 (lictorum
693 1511 909 1544 clericorum
940 1512 983 1544 ad
1014 1518 1175 1545 nostram
1207 1512 1472 1557 providentiam
1502 1512 1649 1546 habitus
1679 1519 1735 1546 est
1764 1525 1950 1546 recursus.
1981 1514 2073 1547 Cum
2101 1514 2222 1559 itaque
2251 1513 2367 1559 pietas

486 1578 683 1623 apostolica
722 1579 857 1611 intenta
892 1579 1083 1623 potissime
1120 1579 1363 1612 consolationi
1393 1591 1607 1624 pauperum,
1639 1580 1737 1624 quod
1767 1579 1812 1612 de
1842 1580 2017 1625 predictis
2051 1580 2189 1626 incepit
2222 1580 2368 1614 clericis

484 1645 693 1690 relinquere
734 1658 805 1678 non
840 1645 970 1678 debeat
1003 1646 1269 1690 imperfectum,
1309 1658 1376 1679 nos
1406 1646 1549 1679 devotis
1583 1658 1710 1679 eorum
1747 1646 1919 1692 precibus
1954 1646 2118 1680 inclinati
2153 1647 2367 1681 mandamus

486 1712 656 1756 quatinus
697 1724 769 1744 non
806 1711 1036 1745 obstantibus
1071 1712 1246 1757 predictis
1280 1712 1338 1746 vel
1373 1712 1666 1758 quibuscumque
1704 1713 1785 1746 aliis
1824 1712 2065 1758 indulgentiis
2104 1714 2367 1759 cujuscumque

487 1779 625 1811 tenoris
655 1779 822 1819 existant,
851 1779 894 1811 ad
924 1779 1173 1824 provisionem
1202 1779 1366 1824 ipsorum
1395 1791 1460 1824 per
1487 1786 1521 1812 te
1549 1779 1607 1813 vel
1634 1779 1743 1812 alium
1774 1780 1950 1825 procedas
1975 1780 2077 1825 juxta
2106 1780 2272 1813 traditam
2301 1779 2367 1814 tihi

486 1846 649 1878 formam.
673 1847 751 1878 Dat.
773 1845 929 1879 viterbii
950 1858 971 1878 x
993 1845 1061 1878 kal.
1085 1845 1183 1887 Maii,
1206 1858 1301 1878 anno
1323 1853 1464 1891 quarto.

579 1944 642 1974 ch.
659 1944 715 1966 Vat.
733 1943 871 1966 Alexandri
887 1944 921 1967 tv
936 1952 977 1967 an.
994 1945 1017 1972 4,
1034 1952 1075 1975 ep.
1093 1944 1146 1972 104,
1164 1944 1208 1967 sol.
1227 1944 1280 1967 134.
1298 1957 1326 1961 —
1340 1944 1478 1973 Jourdnin,
1495 1948 1524 1967 n⁰
1540 1945 1594 1968 161.

582 2028 603 2051 1.
620 2028 731 2051 Litteras
749 2028 891 2051 lnnocentii
907 2029 966 2051 vide
982 2037 1063 2060 supra
1079 2032 1108 2051 n⁰
1124 2028 1177 2057 180,
1195 2029 1228 2052 ad
1244 2028 1379 2052 Galterum
1396 2029 1504 2052 cancell.
1521 2029 1650 2057 directum
1667 2028 1808 2052 Alexandri
1824 2037 1885 2052 vero
1900 2028 2003 2052 litterae
2018 2037 2070 2052 non
2086 2031 2147 2052 sunt
2161 2032 2247 2052 notae.

489 2239 601 2276 325.
629 2250 835 2274 Testamentum
857 2248 989 2282 magistri
1008 2248 1126 2274 Roberti
1145 2248 1181 2274 de
1202 2250 1310 2282 Duaco,
1338 2248 1462 2283 legantis
1478 2249 1548 2276 1500
1563 2248 1655 2275 libras
1669 2249 1761 2285 paris.
1780 2257 1933 2284 omnesque
1948 2258 2016 2275 suos
2032 2249 2121 2275 libros
2136 2249 2177 2275 ad
2198 2257 2270 2286 opus
2285 2248 2368 2275 scho-

579 2297 682 2323 lar-ium
705 2298 731 2322 in
754 2297 897 2332 theologia
917 2297 1093 2323 studentium
1115 2299 1234 2332 fatur-ae
1250 2297 1350 2323 domus
1368 2297 1514 2324 Sat-bonae
1534 2301 1561 2323 et
1581 2297 1704 2324 aliorum
1721 2306 1884 2334 pauperum
1903 2298 2096 2333 scholarum,-
2116 2299 2190 2324 inter
2205 2297 2370 2324 testamenti

581 2350 761 2372 esset-utores
776 2346 916 2372 Rohertus
932 2346 967 2372 de
983 2346 1112 2372 Sor-bona
1128 2346 1300 2372 nominatur.

1745 2397 1822 2426 1258,
1839 2396 1901 2423 nali
1912 2397 1950 2427 78,
1966 2397 2081 2423 Parisiis.

581 2480 640 2511 Αἱ.
674 2479 738 2511 Dei
769 2479 882 2524 gratia
922 2479 1207 2512 Silvanectensis
1242 2479 1439 2524 episcopus
1475 2479 1658 2513 universis
1692 2486 1900 2525 presentem
1940 2480 2107 2525 paginam
2147 2479 2369 2525 inspecturis

494 2545 644 2577 salutem
672 2546 707 2577 in
734 2546 900 2579 Domino.
928 2547 1059 2578 Notum
1086 2546 1237 2578 facimus
1263 2546 1361 2590 quod
1391 2546 1428 2578 in
1458 2552 1582 2578 nostra
1608 2546 1791 2590 presentia
1817 2546 2038 2579 constitutus
2063 2545 2219 2578 dilectus
2243 2551 2370 2579 noster

496 2611 666 2655 magister
694 2611 873 2644 Robcrtus
901 2612 945 2644 dc
974 2613 1096 2645 Duaco
1125 2611 1319 2657 physicus²
1348 2624 1498 2657 compos
1528 2612 1661 2645 mentis
1691 2624 1756 2645 sue
1784 2618 2038 2645 testamentum
2070 2623 2175 2644 suum
2205 2611 2370 2645 condidit

495 2683 529 2709 ct
550 2677 728 2709 ordinavit
750 2678 786 2709 in
807 2677 902 2710 hunc
924 2678 1069 2710 modum
1091 2690 1097 2711 ι

584 2743 623 2775 In
650 2743 795 2775 nomine
821 2751 943 2776 sancte
965 2751 997 2777 et
1019 2745 1207 2778 individue
1228 2745 1427 2778 Trinitatis.
1451 2746 1528 2790 Ego
1550 2745 1724 2790 magister
1744 2744 1924 2778 Robertus
1950 2745 1994 2778 de
2019 2746 2154 2786 Duaco,
2181 2745 2366 2790 physicus,

495 2809 691 2841 canonicus
727 2809 1021 2851 silvanectensis,
1058 2822 1208 2855 compos
1238 2811 1370 2844 mentis
1400 2823 1479 2843 mee
1509 2811 1628 2843 condo
1659 2817 1694 2843 et
1723 2811 1853 2843 ordino
1887 2817 2141 2844 testamentum
2177 2823 2295 2844 meum
2330 2810 2367 2843 in

496 2875 641 2907 modum
682 2876 740 2919 qui
783 2876 959 2919 sequitur.
998 2877 1168 2921 Inprimis
1203 2877 1287 2922 lego
1322 2877 1365 2910 ad
1400 2889 1493 2922 opus
1532 2877 1770 2922 quorumdam
1808 2889 1985 2910 novorum
2025 2877 2233 2919 scolarium,
2269 2876 2368 2922 quod

496 2941 645 2974 intendo
667 2942 783 2973 facere
805 2942 848 2973 dc
870 2942 1024 2974 consilio
1045 2943 1209 2987 magistri
1231 2943 1380 2976 Roberti
1402 2943 1446 2976 de
1468 2943 1644 2985 Sorbona,
1667 2943 1703 2975 in
1725 2943 1908 2988 theologia
1929 2943 2166 2985 studentium,
2193 2943 2254 2988 qui
2280 2942 2366 2975 boni
