2580 3528
492 382 556 415 502
1072 386 1389 410 CHARTULARIUM
1424 384 1614 406 Umvans.
1652 383 1781 405 PAnis.
2264 374 2364 415 [1272

493 470 763 498 consueverunt
795 469 830 496 et
856 462 991 495 debent
1019 474 1036 494 a
1066 460 1311 494 munificentia
1341 459 1440 504 regia
1471 468 1651 490 emanare.
1683 458 1811 490 Datum
1841 457 1937 503 apud
1971 458 2263 491 Montemfortem
2298 469 2364 503 per

494 531 663 571 eundem,
686 530 813 563 ultimo
833 529 932 569 Julii,
953 541 997 561 xv
1017 527 1241 560 indictionis.

587 638 634 661 Del
655 637 772 664 Giudioe,
798 637 860 660 Cod.
879 635 996 665 diplom.
1015 634 1059 658 del
1073 640 1160 664 reqno
1175 633 1205 657 di
1221 633 1305 657 Carlo
1321 631 1341 656 Ι
1351 638 1365 656 e
1379 631 1417 660 ΙΙ,
1434 639 1460 662 p.
1478 632 1532 659 255,
1549 634 1619 659 nota,
1635 638 1667 654 ex
1678 631 1790 662 Regesto
1806 631 1875 660 1272,
1891 632 1936 655 fol.
1952 633 1992 661 98,
2007 635 2037 655 n⁰
2051 632 2089 660 17,
2105 631 2132 655 in
2147 631 2223 655 Arcti.
2239 631 2267 656 di
2282 635 2360 660 stato,

492 682 612 714 Neapoli.
629 682 667 705 Ex
685 681 776 704 eodem
796 681 858 711 Reg.
878 679 979 703 Minieri
1000 678 1095 707 Riccio,
1117 678 1144 702 Il
1159 684 1247 708 reyno
1266 676 1296 701 di
1320 677 1404 701 carlo
1420 675 1440 700 I
1455 675 1576 706 d’Anyid
1594 675 1672 707 neqli
1683 676 1760 700 anni
1774 675 1834 700 1271
1849 680 1874 700 et
1889 675 1959 706 1272,
1974 685 2000 708 p.
2018 677 2055 700 74.
2072 676 2146 700 Nunc
2159 679 2248 700 tamen
2266 676 2293 700 iu
2313 676 2364 700 isto

493 727 605 758 Regesto
625 725 717 749 folium
734 724 897 756 praedictum
916 723 1090 746 desideratur.
1106 736 1136 740 —
1151 722 1260 745 Carolus
1282 721 1373 744 eodem
1394 720 1471 743 modo
1491 723 1517 743 et
1535 720 1585 743 sub
1607 720 1699 743 eadem
1712 720 1840 752 temporis
1855 723 1917 744 nota
1932 721 2164 744 Aureliunensibus
2179 721 2259 745 otiam
2273 721 2366 745 docto—

492 771 566 794 ribus
582 773 607 793 et
622 769 786 793 scholaribus
800 768 915 799 scripsit.
932 768 978 791 Del
991 766 1099 791 Giudice
1115 765 1236 797 adjungit
1251 773 1256 788 ¹.
1275 773 1286 788 t(
1302 765 1321 788 E
1337 773 1385 788 con
1399 765 1466 788 altro
1480 764 1606 796 diploma,
1619 764 1666 788 che
1681 764 1783 796 leggesi
1797 765 1867 788 nello
1882 768 1967 788 stesso
1981 765 2095 797 registro
2108 766 2161 789 alla
2168 765 2267 797 pagina
2277 773 2366 797 prece-

493 815 577 842 dente,
599 814 617 837 il
639 822 667 837 re
682 814 781 837 avendo
803 813 934 836 chiamato
956 811 982 835 di
1004 811 1114 834 Francia
1136 818 1229 841 presso
1251 809 1278 833 di
1298 818 1325 833 se
1345 809 1432 832 alcuni
1452 809 1561 832 maesti-i
1582 809 1651 832 dello
1671 809 1758 833 studio
1772 809 1799 832 di
1810 809 1901 841 Parigi
1919 810 1951 833 ed
1966 809 2085 839 ormana,
2102 810 2196 834 ordina
2209 810 2257 834 che
2269 810 2326 834 loro
2342 810 2365 834 si

492 867 636 891 pugassero
647 859 671 881 le
684 866 760 889 spese
775 857 801 880 di
816 857 931 888 viaggio.
948 857 958 879 1
975 855 1082 879 maesti-i
1095 855 1131 878 ivi
1144 854 1272 877 nominati
1285 862 1349 877 sono
1365 853 1455 878 Odone
1470 853 1497 877 di
1514 854 1574 877 Bles
1592 854 1695 877 dottore
1712 853 1738 877 in
1751 854 1837 886 legge,
1851 854 1964 878 Roberto
1984 854 2011 878 di
2025 854 2150 883 courum,
2165 863 2179 878 e
2193 854 2323 879 Giovanni
2337 855 2364 879 di

492 902 670 930 Centenovillu
686 911 697 924 υ
703 919 709 925 .

586 995 607 1017 1,
627 993 806 1017 Praemittitur
821 1002 832 1016 (ι
850 993 982 1024 Scriptum
998 996 1038 1015 est
1052 1000 1074 1016 ».
1085 1006 1116 1009 —
1131 993 1154 1015 2.
1170 991 1256 1015 Riccio
1272 998 1278 1014 z
1297 999 1308 1014 α
1325 991 1447 1014 maximis
1463 1000 1485 1015 u.
1501 1005 1532 1008 —
1547 992 1569 1014 3.
1587 990 1674 1015 Riccio
1688 999 1693 1014 ⁴.
1712 1000 1724 1014 «
1740 991 1938 1015 intermittimus
1954 1000 1976 1016 ».

491 1196 603 1232 444.
631 1205 780 1230 Ordinatio
795 1207 877 1239 sacta
897 1213 915 1230 α
939 1204 1085 1238 magistris
1105 1203 1259 1238 facultatis
1275 1203 1444 1238 medicinae,
1470 1203 1547 1239 quod
1567 1203 1658 1229 omnis
1684 1203 1874 1230 baccalareus
1895 1205 1923 1230 in
1939 1204 2095 1241 praedicta
2109 1204 2254 1239 facultate
2268 1205 2365 1242 incep-

580 1257 659 1279 turus
675 1253 804 1279 omnibus
820 1254 848 1279 in
864 1253 1005 1279 medicina
1022 1253 1169 1287 magistris
1186 1253 1213 1278 in
1229 1261 1280 1278 suo
1289 1252 1433 1289 principio
1449 1252 1656 1279 exsistentibus
1667 1252 1763 1289 pileos
1778 1253 2006 1280 administrabit.

1703 1356 1745 1382 An.
1764 1356 1813 1382 127
1815 1357 1839 1386 2,
1855 1356 2007 1391 [ParIsiisJ.

581 1430 686 1463 Anno
723 1430 867 1463 Domini
889 1430 1026 1464 M0CC⁰
1039 1431 1150 1463 LXXo
1162 1431 1193 1462 ΙΙ
1215 1430 1381 1475 magistri
1412 1430 1593 1463 facultatis
1623 1430 1803 1463 medicine
1834 1432 1971 1464 Franco
2002 1431 2046 1464 de
2074 1432 2234 1477 Luveyn‚
2261 1431 2366 1466 Guil-

492 1497 629 1530 lermus
655 1497 699 1529 de
729 1496 850 1538 Blans,
885 1498 915 1530 J.
953 1497 996 1529 de
1029 1498 1176 1538 Roseto‚
1208 1503 1293 1529 tunc
1323 1497 1422 1530 vices
1453 1497 1581 1530 decani
1614 1509 1763 1542 gerens,
1800 1499 1906 1543 Hugo
1937 1497 1981 1530 de
2013 1498 2174 1539 Parma⁴7
2206 1499 2367 1549 Francus

493 1563 734 1605 Lombardus,
760 1565 790 1596 J.
818 1563 862 1596 de
884 1564 1013 1597 Sancto
1035 1564 1225 1609 Dyonisio,
1252 1575 1318 1609 pro
1343 1563 1441 1597 bono
1467 1570 1503 1597 et
1527 1563 1680 1597 utilitate
1708 1570 1744 1597 et
1766 1563 1957 1598 honestate
1977 1564 2156 1598 facultatis
2177 1565 2368 1599 ordinave-

494 1637 577 1662 runt
596 1630 633 1662 in
654 1629 749 1663 hunc
771 1630 915 1663 modum
944 1630 1004 1675 qui
1031 1631 1211 1675 sequitur,
1240 1630 1381 1664 scilieet
1410 1631 1507 1676 quod
1535 1631 1654 1664 omnis
1680 1630 1924 1665 bachellarius
1949 1631 1987 1664 in
2011 1631 2179 1665 facultate
2207 1631 2368 1677 predicta

494 1697 705 1742 incepturus
734 1697 917 1742 magistris
945 1698 982 1730 in
1010 1697 1188 1730 medicina
1216 1697 1387 1731 omnibus
1416 1697 1659 1731 existentibus
1685 1698 1722 1730 in
1749 1709 1816 1731 suo
1845 1698 2025 1744 principio
2053 1698 2185 1744 pilleos
2215 1698 2370 1732 admini-

493 1763 631 1796 strabit.
655 1765 743 1796 Item
765 1764 1026 1797 ordinaverunt
1046 1764 1144 1809 quod
1165 1764 1298 1809 pilleos
1325 1776 1413 1798 suos
1439 1765 1476 1798 in
1503 1765 1626 1806 missa,
1649 1765 1853 1810 principiis,
1883 1765 2205 1810 disputationibuS‚
2227 1777 2368 1800 comes-

493 1830 654 1863 tionibus
682 1837 824 1875 portare
852 1837 1063 1864 tenerentur
1091 1838 1127 1864 et
1151 1831 1250 1873 alibi,
1281 1831 1343 1864 ubi
1371 1832 1425 1865 eis
1454 1843 1519 1877 pro
1547 1831 1737 1865 honestate
1763 1832 1943 1865 facultatis
1969 1831 2154 1865 videbitur
2180 1832 2364 1878 expedire.

494 1898 581 1929 Item
604 1897 762 1930 decanus
783 1909 848 1942 pro
871 1904 1033 1943 tempore
1054 1898 1151 1943 legat
1171 1898 1225 1931 eis
1246 1898 1444 1944 capitulum
1466 1898 1510 1931 de
1531 1897 1599 1931 hoc
1620 1905 1700 1932 actu
1722 1899 1820 1943 quod
1839 1905 2009 1932 tenentur
2024 1899 2162 1944 jurare,
2184 1898 2272 1932 alias
2292 1911 2367 1933 non

494 1963 725 1996 admittantur
745 1963 788 1996 ad
810 1964 1056 2009 incipiendum
1079 1965 1115 1997 in
1137 1965 1303 1998 facultate
1325 1965 1517 1998 medicine.

587 2070 648 2092 Cod.
670 2070 726 2093 Vnt.
750 2071 811 2101 ch.
833 2072 887 2099 406,
910 2072 953 2095 sol.
975 2072 1012 2094 58.
1033 2072 1099 2094 Mus.
1116 2071 1245 2100 Britann.,
1263 2071 1348 2095 Addit.
1366 2080 1440 2100 mss„
1457 2072 1584 2099 n⁰17304‚
1603 2072 1647 2095 fol.
1663 2073 1703 2101 69,
1719 2071 1745 2095 in
1766 2075 1877 2103 utroque
1893 2071 1942 2095 sub
1957 2072 2063 2095 rubrica
2079 2080 2084 2095 :
2110 2081 2121 2095 «
2144 2072 2180 2095 De
2202 2071 2367 2096 ordinatione

494 2114 681 2144 magistrorum
696 2114 751 2137 sive
766 2115 871 2138 statutis
888 2123 910 2139 ».
927 2116 1003 2139 Deest
1016 2116 1041 2139 in
1058 2116 1115 2140 cod.
1132 2116 1267 2139 Cheltenh.
1284 2130 1314 2133 —
1329 2116 1452 2144 Bulaeus,
1469 2117 1515 2145 111,
1531 2117 1586 2140 402.

586 2207 606 2229 1.
625 2207 682 2230 Vat.
700 2208 761 2238 ch.
780 2215 785 2230 ·.
804 2216 816 2230 «
832 2208 929 2231 aninu
946 2217 968 2232 ».

493 2332 605 2369 445.
629 2342 793 2369 Det-laralia
808 2343 961 2377 facultatis
976 2346 1157 2370 Dect-olorum
1174 2344 1208 2370 de
1223 2354 1308 2370 sensu
1323 2344 1467 2381 privilegii
1480 2346 1584 2371 summi
1595 2347 1743 2382 pontificis
1759 2345 1857 2382 quoad
1871 2346 2087 2382 suspensionem
2103 2336 2264 2372 lectionum.

1764 2452 1839 2482 1272,
1855 2451 1874 2486 [
1874 2451 1981 2478 Parisiis
1982 2450 2008 2486 J.

583 2519 688 2552 Anno
717 2522 860 2553 Domini
890 2523 1180 2556 M⁰CC⁰LXX⁰II.
1213 2524 1303 2557 Cum
1331 2525 1550 2558 universitas
1578 2526 1834 2571 magistrorum
1865 2532 1900 2558 et
1929 2525 2122 2558 scolarium
2152 2524 2196 2557 ab
2225 2523 2366 2557 actibus

498 2585 699 2618 scolasticis
728 2599 745 2618 a
777 2588 1060 2633 Quadragesima
1100 2602 1217 2635 usque
1257 2591 1300 2624 ad
1335 2592 1467 2625 festum
1500 2592 1679 2625 Johannis
1709 2593 1870 2638 Baptiste
1909 2592 2069 2625 Parisius
2107 2597 2232 2624 contra
2269 2590 2367 2635 epis-

497 2662 625 2695 copum
653 2653 764 2685 Paris.
795 2660 829 2686 et
856 2665 943 2687 suos
972 2655 1164 2689 officiarios
1192 2664 1227 2690 et
1257 2658 1434 2691 satellites
1467 2670 1533 2704 pro
1565 2659 1781 2704 quibusdam
1809 2658 2033 2692 facinoribus
2059 2657 2305 2691 cessavissent
2331 2663 2367 2690 et

498 2723 597 2749 actus
618 2717 830 2751 scolasticos
858 2721 1001 2764 penitus
1028 2723 1310 2767 suspendissent
1337 2725 1539 2758 secundum
1565 2732 1729 2759 tenorem
1755 2725 1938 2771 privilegii
1963 2724 2114 2770 papalis,
2141 2736 2213 2769 quo
2234 2723 2367 2756 dicitur

499 2797 515 2814 «
538 2783 609 2816 nisi
630 2784 834 2817 monicione
857 2786 1040 2830 prehabita
1062 2797 1179 2822 cesset
1201 2790 1347 2835 injuria,
1375 2792 1492 2825 statim
1519 2804 1536 2825 a
1562 2792 1783 2825 lectionibus
1808 2792 1974 2825 cessare¹
1996 2805 2027 2832 n,
2049 2796 2130 2832 etc„
2155 2790 2364 2835 hujusmodi

497 2849 647 2882 verbum
669 2850 761 2883 dicta
783 2851 931 2884 facultas
953 2853 1180 2887 decretorum
1203 2856 1344 2890 scilicet
1369 2858 1414 2891 de
1440 2858 1571 2903 injuria
1597 2858 1773 2892 cessanda
1800 2858 1979 2891 intellexit
1997 2869 2078 2891 cum
2100 2857 2242 2898 effectu,
2264 2857 2366 2890 vide-

498 2915 582 2948 licet
610 2916 787 2949 lectiones
814 2929 886 2950 non
915 2930 1117 2961 resumens,
1150 2922 1219 2953 nisi
1251 2923 1419 2967 primitus
1447 2925 1599 2958 emenda
1627 2925 1722 2958 dicte
1749 2923 1985 2958 Universitati
2014 2923 2140 2957 saltem
2170 2935 2236 2969 pro
2265 2929 2365 2968 parte
