2580 3528
455 376 522 409 284
1033 383 1350 406 CllAlt'rULAluUM
1385 381 1575 403 UNIVERS.
1613 380 1741 401 rmus.
2227 370 2326 411 [1255

455 460 628 506 magister
657 461 693 493 in
721 459 887 493 facultate
915 470 1141 503 quacumque
1169 457 1213 490 ad
1238 455 1461 489 consortium
1489 453 1745 498 magistrorum
1768 452 1826 486 vel
1851 452 2046 498 collegium
2068 453 2326 488 Universitatis

454 525 682 572 aliquatenus
709 526 927 566 admittatur,
955 525 1027 557 nisi
1053 524 1154 569 prius
1181 523 1217 555 in
1245 522 1349 567 plena
1377 520 1664 565 congregatione
1691 519 1947 564 magistrorum
1973 519 2031 553 vel
2056 519 2183 553 saltem
2205 532 2325 553 coram

454 592 571 626 tribus
606 592 790 637 magistris
825 603 889 624 sue
928 590 1105 623 facultatis
1139 589 1182 622 ad
1217 588 1284 620 hoc
1320 586 1526 632 specialiter
1565 585 1747 630 deputatis
1781 586 1934 631 prestito
1969 586 2191 631 juramento,
2227 587 2325 632 quod

454 666 593 692 secreta
614 666 647 692 et
669 658 820 691 consilia
841 664 958 691 vestra
987 663 1067 701 post
1092 655 1344 687 inhibitionem
1373 653 1443 686 sibi
1471 653 1597 685 factam
1619 664 1638 685 a
1658 651 1763 686 vobis
1791 651 1885 686 bona
1904 651 1975 686 fide
1996 652 2141 694 celabit,
2162 653 2325 699 alioquin

454 738 546 771 pene
581 725 765 770 subjaceat
796 725 831 756 in
861 730 993 756 statuto
1023 721 1233 766 hujusmodi
1263 720 1474 760 constitute,
1503 719 1571 752 hoc
1597 717 1846 752 moderamine
1875 719 2085 765 mitigamus
2111 718 2219 754 saluti
2248 719 2326 754 ani-

453 803 590 824 marum
617 798 652 824 et
680 790 981 824 conscientiarum
1012 801 1050 821 ac
1079 788 1170 820 same
1196 786 1395 832 perhiculis
1422 792 1673 831 precaventes,
1702 792 1742 819 ut
1762 785 1793 819 si
1819 785 1952 819 talibus
1977 786 2088 819 ardua
2109 793 2145 820 et
2165 786 2328 820 difficilia-

452 858 604 903 negocia
631 857 675 890 ab
703 856 944 889 Universitate
972 855 1164 887 commissa
1192 853 1327 886 fuerint
1347 853 1383 885 in
1410 859 1552 885 secreto
1573 852 1743 894 tenenda,
1763 852 1824 886 illa
1851 853 1903 886 sic
1924 859 2116 887 teneantur
2136 853 2230 887 bona
2251 853 2323 887 fide

452 924 582 965 celare,
609 923 706 968 quod
734 922 869 955 nemini
897 934 936 954 ea
963 922 998 953 in
1027 920 1190 965 ejusdem
1219 920 1474 952 Universitatis
1502 918 1735 964 dispendium
1764 919 1991 962 revelabunt,
2019 920 2092 953 nisi
2120 920 2214 954 forte
2241 920 2324 954 talia

452 997 586 1030 essent,
617 1002 686 1034 que
718 1001 791 1021 non
826 995 977 1033 possent
1010 988 1088 1020 sine
1123 987 1321 1019 animarum
1357 986 1521 1031 periculo
1556 986 1743 1020 suhticeri.
1781 987 1947 1032 Denique
1978 998 2089 1032 super
2119 987 2324 1021 cessatione

451 1056 628 1088 scolarum
664 1067 735 1087 non
771 1054 935 1087 obstante
970 1054 1037 1086 alia
1071 1053 1300 1086 ordinatione
1335 1053 1393 1086 vel
1426 1053 1605 1086 contraria
1636 1053 1898 1087 constitutione
1929 1066 1948 1087 a
1975 1053 2082 1087 vobis
2116 1054 2210 1087 edita
2245 1065 2322 1087 eam

449 1123 596 1155 sormam
626 1122 807 1154 dumtaxat
834 1120 1019 1154 observari
1045 1120 1224 1161 volentes,
1247 1132 1352 1164 quam
1380 1120 1541 1165 prefatus
1567 1121 1611 1154 G.
1634 1121 1671 1153 in
1693 1120 1968 1163 constitutione,
1991 1133 2097 1166 quam
2124 1133 2235 1166 super
2254 1120 2323 1155 hoc

447 1188 572 1226 edidit,
601 1188 764 1220 noscitur
791 1187 998 1228 tradidisse,
1022 1187 1120 1232 quod
1139 1186 1324 1228 videlicet,
1347 1187 1378 1220 si
1403 1186 1496 1220 forte
1521 1187 1627 1220 vobis
1653 1187 1896 1233 hospitiorum
1923 1187 2157 1221 subtrahatur
2177 1187 2319 1230 taxatio,

447 1261 506 1287 aut
535 1254 632 1299 quod
661 1253 755 1287 absit
783 1253 888 1287 vobis
913 1253 971 1287 vel
1001 1253 1108 1286 alicui
1138 1260 1299 1287 vestrum
1330 1254 1462 1299 injuria
1492 1254 1550 1288 vel
1580 1266 1755 1288 excessus
1787 1254 1963 1288 inseratur
1993 1255 2168 1295 enormis,
2197 1262 2322 1301 utpote

447 1321 573 1354 mortis
602 1320 660 1354 vel
688 1320 841 1353 membri
867 1320 1118 1361 mutilationis,
1150 1320 1222 1353 nisi
1253 1332 1415 1366 congrua
1445 1321 1646 1354 monitione
1676 1321 1854 1367 premissa
1882 1322 1974 1355 infra
2003 1322 2211 1367 quindecim
2243 1322 2322 1356 dies

446 1387 554 1420 suerit
579 1387 814 1428 satisfactum,
845 1386 951 1420 liceat
977 1386 1082 1420 vobis
1112 1399 1229 1432 usque
1254 1387 1298 1420 ad
1323 1388 1607 1421 satisfactionem
1629 1388 1846 1433 condignam
1875 1388 2102 1433 suspendere
2129 1388 2320 1422 lectiones.

446 1455 490 1487 Et
515 1454 545 1487 si
565 1454 721 1499 aliquem
751 1460 911 1487 vestrum
939 1453 1101 1487 indebite
1132 1454 1349 1487 incarcerari
1377 1455 1586 1500 contigerit,
1614 1456 1667 1488 fas
1696 1455 1743 1488 sit
1769 1454 1887 1497 vobis,
1915 1455 1987 1488 nisi
2012 1455 2214 1489 monitione
2240 1467 2323 1501 pre-

445 1520 565 1553 habita
594 1527 713 1561 cesset
744 1520 887 1565 injuria.
922 1521 1038 1553 statim
1067 1533 1085 1553 a
1113 1520 1270 1554 lectione
1301 1533 1460 1563 cessare,
1491 1521 1523 1555 si
1553 1528 1671 1555 tamen
1702 1522 1739 1554 id
1768 1521 1941 1555 videbitis
1972 1521 2156 1567 expedire.
2193 1522 2319 1556 Eidem

445 1588 558 1620 forme
586 1587 775 1619 adiciendo
803 1587 1006 1627 statuimus,
1038 1594 1077 1620 ut
1097 1599 1177 1620 cum
1207 1600 1271 1632 pro
1302 1587 1421 1633 aliqua
1448 1600 1490 1621 ex
1511 1588 1631 1621 causis
1654 1589 1692 1621 in
1713 1588 1838 1621 eadem
1865 1588 2038 1634 Gregorii
2059 1589 2322 1622 constitutione

444 1654 624 1686 contentis
645 1653 862 1686 universitas
883 1661 1001 1687 vestra
1024 1654 1202 1687 lectiones
1223 1655 1367 1688 duxerit
1387 1655 1681 1700 suspendendas,
1705 1667 1832 1688 omnes
1854 1654 2019 1700 magistri
2039 1662 2109 1689 tam
2131 1655 2322 1701 regulares

447 1732 551 1764 quam
574 1720 757 1753 seculares
779 1721 876 1765 ipsas
898 1721 1125 1766 suspendere
1146 1727 1350 1763 teneantur,
1373 1734 1433 1755 eas
1454 1722 1526 1755 nisi
1547 1734 1627 1755 cum
1650 1722 1894 1756 Universitate
1916 1722 2064 1755 minime
2085 1722 2320 1768 resumpturi.

447 1787 538 1819 Sane
560 1787 590 1819 si
614 1799 725 1832 super
746 1786 975 1821 observantia
1003 1787 1112 1833 hujus
1140 1789 1263 1821 statuti
1285 1788 1328 1821 de
1350 1788 1571 1823 lectionibus
1595 1789 1868 1835 suspendendis
1890 1795 1925 1822 et
1950 1790 2029 1834 ejus
2053 1789 2151 1834 quod
2173 1789 2325 1835 premit-

447 1854 543 1894 titur,
576 1853 745 1886 videlicet
772 1854 816 1886 de
843 1855 995 1887 secretis
1023 1861 1058 1887 et.
1084 1855 1249 1889 consiliis
1278 1856 1534 1890 Universitatis
1561 1857 1710 1889 minime
1739 1856 1959 1898 revelandis,
1991 1855 2147 1901 aliquam
2181 1855 2323 1902 obliga-

447 1920 579 1952 tionem
614 1920 779 1953 videritis
818 1921 1081 1954 deliberatione
1121 1922 1271 1967 provida
1305 1923 1545 1962 statuendam,
1579 1935 1649 1968 qua
1683 1930 1752 1956 tam
1788 1929 1979 1968 presentes
2016 1923 2180 1968 magistri
2215 1934 2320 1968 quam

447 1987 582 2031 posteri
603 1986 647 2019 ad
669 1999 708 2019 ea
730 1987 897 2032 explicite
919 2001 957 2021 ac
979 1988 1187 2033 specialiter
1206 1990 1467 2035 astringantur,
1484 1989 1589 2023 vobis
1611 1990 1808 2023 dummodo
1830 1990 1900 2022 due
1922 1996 2042 2035 partes
2063 1990 2319 2035 magistrorum

447 2052 652 2098 theologice
682 2054 860 2087 facultatis
889 2061 924 2087 ot
956 2055 1082 2088 eodem
1114 2056 1222 2089 modo
1254 2057 1324 2089 due
1359 2063 1479 2102 partes
1514 2057 1770 2102 magistrorum
1807 2055 2086 2102 singulariu1n²⁰
2113 2056 2320 2090 facultatum

446 2119 680 2164 reliquarum,
712 2120 879 2153 videlicet
915 2122 1198 2165 canonistarum,
1234 2122 1465 2168 physicorum
1503 2130 1537 2157 et
1571 2124 1676 2157 etiam
1712 2123 1931 2164 artistarum,
1968 2135 2074 2156 suum
2109 2135 2220 2168 super
2252 2123 2322 2157 hoc

446 2185 629 2219 voluerint
658 2194 819 2231 prestare
855 2200 1089 2230 consensum,
1124 2189 1161 2222 id
1195 2190 1351 2223 faciendi
1387 2190 1537 2223 liberam
1573 2190 1809 2223 concedimus
1833 2190 2051 2223 facultatem.
2093 2190 2171 2223 Hiis
2201 2190 2321 2236 itaque

446 2253 588 2286 statutis
610 2260 643 2286 et
670 2254 962 2288 ordinationibus
994 2256 1195 2289 secundum
1222 2257 1506 2291 moderationem
1530 2264 1691 2291 nostram
1713 2257 1826 2290 robur
1847 2256 2070 2290 inviolabilis
2091 2256 2323 2290 observantie
2353 2269 2359 2276 ·

445 2319 636 2361 habituris,
668 2327 786 2354 cetera
813 2334 878 2366 pro
906 2334 992 2367 pace
1022 2329 1141 2356 vestra
1169 2324 1344 2357 suadente
1370 2324 1599 2369 providentie
1621 2324 1776 2357 consilio
1798 2335 2021 2365 resecamus,
2043 2324 2321 2365 denunciantes,

446 2397 490 2418 ne
516 2387 679 2431 magistri
707 2388 895 2432 regulares
917 2389 973 2422 vel
1003 2389 1187 2423 seculares
1212 2403 1252 2423 ea
1280 2403 1426 2425 servare
1454 2398 1646 2424 teneantur
1671 2403 1714 2424 ex
1740 2390 1864 2424 debito
1885 2390 2028 2436 prestiti
2046 2390 2244 2435 juramenti
2263 2389 2321 2424 vel

446 2452 488 2484 ad
524 2464 562 2485 ea
599 2453 774 2486 servanda
809 2454 845 2486 in
881 2462 1066 2499 posterum
1103 2464 1327 2490 sacramento
1361 2457 1535 2502 ligentur,
1574 2457 1805 2491 libertatibus
1840 2457 2059 2490 parisiensis
2094 2456 2250 2490 ecclesie
2283 2456 2321 2489 in

447 2518 615 2551 omnibus
650 2526 685 2552 et
712 2532 776 2564 per
804 2521 922 2554 omnia
953 2534 1098 2567 semper
1127 2523 1238 2556 salvis
1268 2530 1303 2557 et
1334 2524 1370 2556 in
1400 2524 1481 2557 aliis
1511 2524 1769 2558 Universitatis
1799 2530 1921 2557 vestre
1952 2523 2168 2569 privilegiis,
2205 2519 2323 2556 indul⁴

447 2584 581 2627 gentiis
616 2592 651 2617 et
692 2586 980 2621 immunitatibus
1016 2589 1051 2621 in
1091 2601 1158 2622 suo
1193 2590 1453 2624 nichilominus
1496 2590 1663 2624 robore³¹
1701 2590 1897 2624 duraturis.
1943 2590 2131 2623 Predictos
2169 2589 2327 2635 insuper

448 2650 715 2684 Predicatorum
739 2652 887 2686 Ordinis
916 2655 1045 2688 fratres
1075 2655 1281 2702 theologice
1307 2657 1486 2690 facultatis
1512 2658 1707 2703 magistros
1735 2657 1779 2690 ad
1805 2656 2062 2702 magistrorum
2089 2656 2320 2689 consorcium

449 2715 623 2761 ipsosque
649 2730 687 2750 ac
713 2719 897 2753 auditores
924 2733 1047 2754 corum
1076 2723 1119 2755 ad
1148 2724 1404 2757 Universitatis
1432 2724 1629 2768 collegium
1659 2724 1702 2757 de
1730 2730 1855 2757 nostre
1881 2723 2071 2768 potestatis
2092 2722 2324 2768 plenitudine

450 2782 683 2816 restituentes
711 2785 858 2818 omnino
884 2793 918 2819 et
943 2787 1197 2831 decernentes,
1219 2790 1262 2823 ad
1289 2791 1413 2824 eadem
1437 2791 1667 2824 consorcium
1696 2797 1731 2823 et
1750 2789 1947 2835 collegium
1968 2802 1986 2822 a
2007 2789 2113 2823 vobis
2134 2789 2171 2822 in
2197 2789 2323 2822 dulce-

450 2848 546 2881 dinis
582 2848 694 2882 ubere
732 2851 810 2883 sine
852 2852 1058 2886 difficultate
1100 2856 1261 2900 qualibet
1299 2857 1560 2899 admittendos,
1597 2868 1724 2890 omnes
1764 2855 1963 2889 sententias
2001 2856 2215 2901 privationis
2255 2867 2320 2889 seu

451 2914 690 2959 separationis
711 2928 728 2948 a
750 2918 933 2950 consortio
960 2920 1215 2954 Universitatis
1235 2923 1293 2956 vel
1314 2923 1496 2957 similibus
1518 2924 1595 2957 sive
1622 2934 1735 2968 penas
1758 2921 1846 2955 alias
1871 2922 1908 2954 in
1934 2922 2082 2956 eosdem
2109 2923 2239 2955 fratres
2263 2921 2321 2956 vel

2563 1667 2580 1724 Ξ

2564 1729 2580 1763 jz?

2566 1762 2580 1901 3
