2580 3528
276 425 374 466 1254]
618 436 666 458 AB
699 436 806 458 ΑΝΝο
839 436 917 459 mcc
951 436 1084 466 usqua
1119 438 1168 460 An
1202 438 1432 461 PHILIPPUM
1468 440 1507 462 iv
1542 441 1631 463 aas.
1669 442 1807 466 rause.
2084 436 2149 471 267

273 508 409 552 habite,
429 520 504 543 non
528 510 686 555 recepte)
706 509 897 555 quamdam
926 510 1073 544 domum
1100 511 1219 557 ipsius
1246 511 1401 546 Odeline
1423 513 1527 546 sitam
1555 514 1717 548 Parisius
1745 516 1781 548 in
1807 516 1942 550 Clauso
1970 519 2147 554 Brunelli.

273 582 314 610 ut
332 575 478 618 dicitur,
499 587 580 610 cum
597 576 678 622 ejus
698 576 943 622 per-tinentiis,
965 583 1074 623 prout
1094 589 1134 611 se
1154 585 1383 624 comportant
1402 586 1484 613 ante
1506 587 1541 614 et
1561 587 1671 622 retro,
1694 581 1825 615 subtus
1846 589 1882 616 et
1901 595 2022 629 supra,
2044 585 2147 618 sitam

271 642 444 688 contigue
474 654 518 676 ex
545 654 617 676 una
646 649 746 688 parte
775 643 906 677 scolis‘
940 644 1105 690 magistri
1134 644 1299 679 Nicholai
1329 645 1415 679 dicti
1445 647 1490 680 de
1517 647 1691 690 Parisius,
1720 655 1759 682 ut
1788 649 1932 691 dicitur,
1960 657 1995 684 et
2024 651 2147 685 domui

271 708 420 743 fratrum
442 709 563 743 Sancti
584 709 756 744 Maturini
777 710 890 744 Paris.
914 722 958 744 ex
985 710 1096 745 altera
1116 711 1153 744 in
1174 712 1320 746 censiva
1342 713 1481 746 domini
1501 714 1720 748 Parisiensis
1741 715 1917 762 episcopi,
1942 723 1982 750 ut
2001 717 2146 755 dicitur,

270 775 315 810 ad
341 782 416 810 tres
446 775 587 810 solidos
617 783 653 810 et
686 776 875 810 dimidium
913 778 1106 823 parisiens.
1146 779 1395 813 tantummodo
1429 780 1621 815 censuales
1627 808 1692 814 .....
1728 782 1899 816 Promisit
1936 784 2042 817 etiam
2077 784 2146 818 sub

270 842 396 876 eadem
417 842 490 876 fide
509 843 671 889 predicta
698 843 867 886 Odelina,
889 844 987 890 quod
1013 845 1230 890 quantocius
1254 846 1439 880 Emelina²
1457 854 1492 881 et
1512 847 1673 882 Emelota
1695 848 1768 882 filie
1788 849 1906 895 ipsius
1927 850 2082 884 Odeline
2103 864 2146 885 ex

270 909 442 944 defuncto
472 909 647 944 Nicholao
673 911 950 957 pergamenario
979 912 1161 957 quondam
1194 913 1321 947 marito
1346 913 1464 959 ipsius
1491 921 1674 960 suscepte,
1697 922 1736 949 ut
1760 916 1915 953 dicebat,
1942 917 1986 950 ad
2015 924 2143 951 etatem

269 975 482 1022 legittimam
504 977 732 1023 pervenient,
750 977 881 1011 dictam
901 978 1164 1021 venditionem,
1187 986 1226 1014 ut
1246 980 1381 1014 dictum
1404 987 1471 1019 est,
1494 982 1619 1015 factam
1637 982 1774 1025 volent,
1792 983 1990 1017 laudabunt
2011 985 2145 1030 pariter

268 1049 306 1076 et
331 1043 535 1089 quitabunt,
565 1050 601 1078 et
629 1056 741 1091 super
769 1044 840 1078 hiis
869 1045 1002 1079 facient
1031 1045 1110 1079 fieri
1140 1046 1325 1092 publicum
1355 1047 1664 1082 instrumentum³.
1702 1050 1873 1083 Promisit
1909 1051 2014 1084 etiam
2051 1051 2143 1085 dicta

268 1109 423 1144 Odelina
449 1110 518 1144 sub
542 1110 614 1145 fide
638 1112 789 1158 prestita
813 1112 1008 1158 corporali,
1030 1113 1128 1158 quod
1154 1113 1271 1147 eidem
1294 1114 1493 1148 Guillelmo
1514 1127 1579 1149 seu
1600 1116 1691 1162 ipsis
1711 1117 1773 1162 qui
1793 1129 1937 1151 causam
1958 1117 2145 1152 habebunt

267 1176 313 1210 ab
337 1177 432 1223 ipso,
459 1177 578 1212 solvet
607 1184 643 1212 et
668 1178 798 1212 reddet
823 1191 888 1212 sex
914 1178 1026 1213 libras
1054 1180 1246 1225 parisiens.
1275 1181 1422 1215 nomine
1449 1193 1541 1227 pene
1566 1194 1647 1215 cum
1674 1183 1845 1217 omnibus
1870 1184 1979 1218 rectis
1999 1191 2143 1219 consta-

269 1243 415 1286 mentis,
442 1244 560 1278 misiis
592 1251 628 1278 et
658 1244 852 1285 interesse,
875 1245 905 1279 si
931 1245 1061 1279 dietam
1083 1247 1330 1280 venditionem
1356 1247 1394 1280 in
1419 1254 1493 1281 toto
1513 1248 1571 1282 vel
1597 1249 1634 1282 in
1660 1255 1760 1294 parte
1788 1250 1922 1283 retrahi
1947 1251 2143 1297 contigerit

266 1310 325 1344 vel
345 1310 476 1344 evinci.
499 1312 544 1344 Et
563 1311 608 1344 de
628 1311 790 1357 predicta
810 1312 905 1357 petia
926 1312 979 1346 sic
1000 1312 1186 1347 reddenda
1211 1314 1386 1359 magister
1405 1313 1602 1348 Nicholaus
1622 1315 1848 1349 Lombardus
1870 1317 1914 1350 de
1931 1317 2010 1350 vico
2031 1330 2140 1358 novo,

265 1377 436 1412 venditor
455 1377 646 1420 librorum,
669 1390 756 1424 erga
777 1378 912 1412 dictum
933 1379 1171 1412 Guillelmuni
1193 1387 1229 1414 et
1249 1381 1329 1425 ejus
1350 1380 1506 1415 heredes
1531 1393 1595 1415 seu
1621 1394 1765 1416 causam
1790 1382 1834 1416 ab
1860 1383 1940 1429 ipso
1965 1383 2142 1418 habentes

265 1456 332 1490 pro
347 1444 441 1478 dicta
457 1444 612 1478 Odelina
633 1456 673 1478 se
693 1445 883 1479 constituit
902 1445 1063 1492 plegium
1085 1458 1205 1480 coram
1227 1446 1335 1480 nobis
1355 1447 1427 1480 fide
1447 1448 1484 1480 in
1506 1460 1612 1481 manu
1634 1456 1757 1482 nostra
1778 1450 1927 1495 prestita
1946 1451 2140 1496 corporali,

265 1510 296 1545 si
323 1517 476 1545 retracta
501 1511 611 1545 suerit
635 1511 797 1545 venditio
823 1512 915 1545 infra
940 1524 1074 1546 annum
1102 1519 1138 1546 et
1168 1512 1276 1546 diem.
1306 1514 1435 1547 Datum
1461 1526 1556 1548 anno
1577 1515 1721 1548 Domini
1748 1515 1942 1549 millesimo
1972 1517 2140 1550 ducente-

263 1577 357 1616 simo
377 1577 683 1624 quinquagesimo
703 1585 845 1624 quarto,
867 1590 993 1612 mense
1013 1579 1194 1625 Augusto.

357 1677 467 1702 cartul.
483 1677 518 1701 de
531 1676 562 1701 la
575 1676 720 1703 Sorbtmne
734 1677 761 1701 in
776 1677 845 1701 Bibl.
861 1680 915 1701 nat.
932 1677 1028 1707 Paris„
1044 1686 1093 1702 ms.
1110 1678 1155 1702 lat.
1173 1678 1259 1708 16069,
1276 1679 1320 1702 sol.
1338 1679 1376 1702 19.

355 1761 378 1785 1.
397 1761 525 1791 Primum,
541 1762 611 1795 qnod
626 1762 751 1792 sciamus,
767 1762 832 1787 haec
847 1762 944 1787 mentio
960 1763 990 1787 fit
1004 1763 1156 1787 scholarum
1171 1763 1197 1787 in
1212 1763 1308 1787 Clauso
1324 1763 1452 1792 Brunelli,
1467 1763 1513 1787 ubi
1528 1766 1585 1787 erat
1600 1764 1712 1788 facultas
1730 1764 1899 1788 Decretorum
1914 1768 1940 1788 ct
1954 1765 2138 1794 Decretalium,

261 1813 340 1838 quam
354 1805 490 1830 Johannes
505 1806 537 1831 de
551 1807 676 1831 Janduno
690 1815 805 1832 unacum
823 1807 884 1831 aliis
901 1807 1071 1832 facultatibus
1087 1807 1214 1832 describit
1233 1807 1260 1832 in
1280 1816 1327 1832 suo
1348 1811 1462 1832 tractatu
1476 1809 1516 1832 De
1534 1808 1668 1834 laudibus
1687 1809 1821 1834 Par-isius
1835 1818 1877 1833 an.
1895 1810 1957 1833 1323
1972 1810 2083 1839 (Bullet.
2100 1812 2140 1835 du

262 1850 368 1876 Comi'td
378 1851 413 1876 de
427 1850 458 1876 la
473 1851 588 1882 lanula,
603 1854 663 1880 etc„
680 1852 727 1881 111,
743 1852 803 1881 514;
820 1852 855 1876 Le
870 1853 945 1876 Roux
958 1852 991 1876 da
1006 1852 1087 1884 Lincy
1106 1855 1132 1876 et
1149 1852 1302 1881 Tium-and,
1317 1852 1407 1878 Paris
1425 1856 1452 1877 et
1467 1859 1510 1878 Ses
1529 1853 1688 1883 historiens,
1708 1862 1735 1885 p.
1755 1854 1804 1884 40).
1825 1854 1882 1877 Non
1902 1854 1988 1878 solum
2008 1863 2076 1878 saec.
2092 1855 2138 1879 ΧΠ

260 1898 370 1919 exeunte
391 1895 461 1919 sieut
479 1904 570 1920 omnes
590 1899 692 1920 caterae
713 1897 851 1921 facultates
872 1897 914 1928 (cf.
936 1905 1019 1929 supra
1041 1900 1118 1929 parte
1137 1897 1233 1921 introd.
1257 1901 1286 1921 n⁰
1307 1898 1355 1928 54),
1377 1898 1423 1921 sed
1443 1897 1529 1921 adhuc
1548 1905 1590 1921 an.
1608 1898 1669 1921 1227
1689 1898 1801 1921 facultas
1817 1898 1985 1922 Decretorum
2005 1898 2032 1922 in
2051 1899 2137 1923 insula

259 1939 381 1964 mahat
394 1941 480 1972 (partas
494 1941 518 1969 1,
533 1944 564 1964 n·
580 1942 629 1971 ⁵5).
645 1941 745 1965 Domus
759 1941 840 1965 etiam
855 1941 981 1966 Odelinaa
1001 1941 1027 1965 in
1047 1941 1162 1974 quodam
1181 1942 1337 1966 documento
1357 1941 1427 1966 infra
1446 1942 1479 1965 ud
1499 1942 1574 1966 Mart.
1596 1950 1638 1966 an.
1659 1942 1721 1966 1263
1737 1951 1749 1966 a
1764 1942 1834 1966 scola
1850 1951 1862 1965 i>
1878 1943 2055 1972 nominantur,
2072 1951 2138 1975 quas

259 1984 365 2009 scholas
379 1984 467 2009 dietus
484 1985 642 2010 Guiuolmuu
657 1985 771 2011 Roberto
786 1986 819 2010 ds
833 1986 954 2010 Sorbona
968 1986 1096 2010 vendidit.
1112 1995 1124 2010 a
1144 1986 1199 2010 Dua
1220 1987 1291 2010 scole
1311 1994 1322 2010 υ
1343 1986 1371 2010 ἰπ
1391 1986 1488 2012 Clauso
1508 1986 1626 2010 Brunelli
1645 1986 1760 2011 citantur
1779 1987 1806 2011 in
1825 1987 1882 2011 doc.
1903 1995 1946 2011 an.
1967 1988 2027 2011 1257
2047 1987 2136 2020 (1258),

259 2037 342 2054 mens.
358 2029 469 2054 Jannar.
485 2029 618 2062 (Cartul.‚
635 2030 679 2055 fol.
696 2030 745 2063 17),
761 2039 875 2063 quarum
889 2031 976 2055 adhuc
990 2039 1050 2055 ann.
1069 2031 1130 2055 1273
1145 2034 1171 2055 et
1186 2031 1247 2055 1278
1261 2030 1359 2055 mentio
1377 2031 1407 2055 fit
1420 2031 1506 2062 (ibid.,
1527 2031 1572 2056 fol.
1589 2031 1618 2055 19
1637 2034 1662 2055 et
1683 2032 1730 2062 18).
1750 2031 1823 2055 Aliae
1843 2033 1993 2056 referuntur
2012 2032 2038 2055 in
2060 2033 2139 2056 docu-

259 2074 354 2098 mentis
373 2082 435 2098 ann.
451 2074 523 2104 125³,
544 2075 606 2099 12⁶4
620 2078 646 2099 et
665 2075 725 2099 1284
747 2074 832 2105 (ἰδίει,
853 2075 898 2100 fol.
918 2077 950 2099 90
964 2078 990 2099 at
1004 2075 1060 2104 18¹³,
1075 2075 1146 2106 ,36¹’).
1168 2076 1208 2107 Ut,
1222 2075 1305 2108 liquet
1326 2084 1338 2099 α
1359 2076 1432 2101 scola
1453 2086 1462 2097 ι
1484 2075 1534 2099 hoc
1553 2076 1610 2100 loco
1630 2075 1744 2100 sumitur
1766 2076 1794 2100 in
1813 2085 1892 2100 sensu
1911 2077 2068 2101 continentis
2087 2085 2136 2109 pro

258 2121 390 2148 manento,
412 2118 440 2143 id
459 2122 500 2143 est
518 2118 545 2143 in
566 2127 647 2144 sensu
666 2120 752 2149 aulae,
772 2128 840 2152 quae
860 2120 998 2152 magistris
1018 2120 1164 2144 Iocabatur.
1184 2133 1216 2138 —
1233 2121 1256 2144 2.
1278 2121 1307 2144 ln
1327 2129 1377 2144 ms.
1400 2129 1412 2144 «
1432 2121 1552 2146 Emelota
1571 2129 1592 2144 »-
1614 2120 1772 2145 Restitutum
1792 2129 1823 2144 ex
1841 2121 1956 2150 decana,
1978 2122 2022 2145 fol.
2040 2121 2089 2145 18».
2105 2135 2136 2140 —

258 2163 281 2186 ³.
297 2162 352 2186 Hoc
366 2171 408 2187 an.
425 2163 487 2187 1²⁸2
501 2163 590 2195 (126³).
607 2172 696 2188 mense
711 2164 814 2193 Martio,
830 2165 924 2188 evenit.
942 2165 1020 2193 1bid.,
1037 2165 1082 2188 fol.
1099 2164 1155 2189 18¹².

257 2343 370 2381 240.
392 2353 520 2380 Litterae
536 2353 694 2380 Innocentii
707 2353 756 2388 JV,
775 2353 879 2390 quibua
891 2353 1046 2390 privilegia
1061 2353 1260 2389 religiosorum
1281 2353 1533 2389 (praedicatorum
1549 2356 1576 2379 et
1592 2354 1745 2387 Minor-um)
1762 2353 1860 2390 quoad
1870 2353 2127 2390 praedicationem,

345 2402 539 2437 consessiones
554 2400 729 2437 audiendas,
745 2401 912 2439 sepulturas
927 2401 1048 2439 aliaque
1062 2402 1209 2429 rescindit.

1425 2437 1502 2467 1254,
1518 2437 1664 2464 novembris
1677 2438 1719 2468 21,
1734 2438 1844 2471 Neapoli.

346 2508 583 2542 Innocentius
609 2508 806 2555 episcopus
836 2519 967 2542 servus
993 2519 1182 2542 servorum
1210 2507 1276 2542 Dei
1301 2507 1446 2542 dilectis
1471 2507 1557 2541 filiis
1585 2508 1768 2542 universis
1794 2508 1980 2554 religiosis
2007 2510 2130 2555 cujus-

254 2589 399 2626 cunque
434 2579 677 2626 professionis
710 2578 768 2613 vel
803 2579 944 2613 ordinis
979 2585 1171 2625 presentes
1207 2578 1346 2613 litteras
1379 2578 1602 2624 inspecturis
1635 2578 1789 2612 salutem
1822 2586 1858 2613 et
1892 2579 2127 2626 apostolicam

255 2643 674 2704 benedictionem.'Etsi
706 2646 907 2680 animarum
935 2646 1144 2680 affectantes
1173 2645 1327 2679 salutem
1356 2645 1550 2680 universos
1578 2651 1614 2679 et
1638 2645 1808 2692 singulos
1841 2646 1904 2692 qui
1930 2646 2126 2681 christiana

253 2713 484 2760 professione
518 2719 731 2756 censentur,
761 2719 802 2747 ut
830 2724 916 2747 suas
950 2713 1028 2746 Deo
1061 2712 1289 2747 lucrifaciant
1315 2712 1466 2755 animas,
1495 2711 1685 2758 cupiamus
1714 2713 1861 2747 caritate
1890 2713 2063 2759 magistra
2092 2720 2128 2748 et

252 2779 386 2826 pietate
414 2779 603 2826 prejudice
637 2779 706 2814 sub
738 2779 987 2814 moderamine
1011 2780 1108 2825 juris
1137 2779 1180 2813 ad
1205 2779 1348 2825 justitie
1378 2778 1541 2825 regulam
1571 2786 1607 2813 et
1636 2778 1767 2813 lineam
1801 2779 1970 2826 equitatis
2001 2792 2127 2814 norma

251 2852 393 2881 servata
422 2846 602 2882 modestie
636 2847 797 2893 dirigere
826 2853 928 2881 actus
960 2858 1062 2889 suos,
1098 2846 1238 2893 pociori
1271 2853 1389 2880 tamen
1415 2845 1600 2880 desiderio
1631 2852 1856 2892 exoptamus,
1887 2853 1927 2880 ut
1956 2859 2034 2889 vos,
2064 2847 2125 2893 qui

252 2912 389 2948 mundo
414 2919 451 2947 et
475 2913 621 2960 pompis
646 2914 728 2959 ejus
754 2913 974 2960 contemptis
999 2925 1065 2960 per
1091 2913 1228 2960 gradus
1256 2912 1412 2947 alciores
1439 2912 1570 2947 ducatu
1601 2913 1731 2959 spiritu
1757 2913 2011 2959 procedentes,
2041 2914 2126 2947 reli-

251 2978 378 3025 ςὶοπίε
392 2979 530 3026 apicem
556 2979 839 3023 conscendistis,
861 2992 1005 3015 omnem
1027 2980 1064 3014 in
1085 2979 1191 3015 vobis
1212 2979 1390 3026 justitiam
1411 2979 1638 3025 compleatis,
1660 2979 1795 3013 indicte
1815 2979 1921 3014 vobis
1946 2980 2123 3014 modestia
