2618 3640
537 450 643 472 xxxw
1330 447 1625 469 INTRODUCTIO.

538 524 804 572 suppositorum
822 523 1077 567 Universitatis,
1102 534 1192 570 quae
1210 522 1303 558 infra
1318 522 1509 565 edidimus,
1529 521 1573 557 ad
1589 521 1747 568 primum
1762 519 2007 555 Universitatis
2027 519 2213 555 saeculum
2237 523 2417 567 spectant;

536 596 619 640 alia,
639 595 766 631 saltem
782 598 820 630 ut
836 607 931 630 nunc
947 594 984 629 in
1000 606 1084 630 mss.
1106 593 1347 641 reperiuntur,
1367 592 1491 629 aetatis
1505 592 1711 639 posterioris
1729 601 1823 626 sunt.

638 667 793 714 Registra
809 677 899 713 quae
913 665 1086 701 habemus
1107 665 1297 701 Facultatis
1319 664 1514 700 Medicinae
1535 666 1567 699 et
1582 662 1775 698 Natiouum
1794 662 2013 698 documenta
2031 661 2228 698 recentiora
2246 661 2421 709 praebent

537 750 644 786 quam
667 742 704 773 ut
720 738 756 773 in
772 738 842 773 hoc
857 737 1037 773 volumine
1055 740 1311 772 memorentur.

637 808 826 854 Codicibus
848 820 955 855 supra
977 808 1166 855 descriptis
1184 806 1445 843 annumerandi
1463 810 1545 841 sunt
1569 805 1682 841 Vatic.
1702 804 1827 852 Regin.
1856 807 1941 846 870,
1961 804 2075 840 chart.
2099 807 2133 840 et
2154 804 2281 852 Regin.
2310 807 2420 848 1283,

537 892 718 928 pergam.;
742 880 838 927 prior
861 880 1079 915 documenta
1102 882 1238 914 tantum
1263 889 1356 913 saec.
1379 878 1462 913 XIV
1483 877 1648 912 exeuntis
1667 880 1701 911 et
1718 875 1842 911 aetatis
1859 875 2116 923 subsequentis
2132 876 2293 912 continet
2312 879 2348 912 et
2370 876 2421 913 sic

537 951 639 988 nobis
662 950 795 986 inutilis
820 951 905 993 suit;
934 949 1138 997 posteriori,
1164 950 1224 996 qui
1247 949 1309 984 fol.
1334 951 1469 984 97-100
1503 947 1688 995 privilegia
1714 959 1854 995 regum,
1884 946 2091 995 incipientia
2119 959 2140 983 a
2163 947 2333 996 Philippo
2357 949 2419 992 lv,

536 1022 666 1058 deinde
689 1034 802 1069 usque
826 1022 869 1057 ad
894 1021 955 1056 fol.
981 1023 1048 1057 105
1066 1020 1248 1067 privilegia
1263 1031 1437 1067 paparum
1463 1019 1576 1063 affert,
1602 1018 1791 1066 aliquoties
1815 1019 1870 1054 usi
1894 1030 2042 1062 sumus;
2068 1018 2210 1055 etiamsi
2236 1019 2361 1055 eadem
2382 1019 2419 1055 in

536 1094 612 1129 aliis
630 1093 789 1129 sontibus
802 1092 1040 1127 inveniantur.

635 1167 817 1200 Praeterea
844 1163 1042 1210 permultos
1071 1163 1351 1210 manuscriptos,
1377 1162 1563 1198 occasione
1588 1162 1683 1206 data,
1723 1174 1766 1197 ex
1795 1161 1946 1197 diversis
1980 1161 2215 1198 Bibliothecis
2245 1163 2419 1210 Europae,

536 1236 742 1283 praesertim
771 1246 849 1270 vero
864 1247 906 1270 ex
925 1235 986 1270 illa
1008 1235 1170 1270 omnium
1188 1233 1507 1282 praestantissima,
1527 1233 1752 1270 Bibliotheca
1767 1233 1944 1269 Nationali
1963 1233 2167 1278 Parisiensi,
2187 1233 2422 1270 adhibuimus

536 1307 695 1354 aliosque
713 1306 829 1342 fontes
846 1318 935 1353 quos
952 1306 1111 1354 legentes
1132 1306 1167 1340 in
1187 1305 1282 1341 notis
1304 1305 1430 1342 citatos
1453 1305 1643 1353 reperient.

632 1434 711 1467 Jam
738 1444 834 1467 nunc
862 1431 952 1467 nihil
980 1431 1082 1468 nobis
1106 1436 1212 1467 restat
1236 1431 1302 1467 nisi
1321 1431 1626 1479 jucundissimum
1653 1430 1848 1478 gratiarum
1876 1430 2030 1466 actionis
2053 1429 2238 1474 officium;
2262 1430 2423 1478 primum

536 1503 679 1539 Octaxio
695 1503 840 1546 Greard,
858 1503 1087 1538 Academiam
1104 1502 1339 1539 Parisiensem
1357 1514 1500 1538 summa
1515 1501 1739 1546 liberalitate,
1758 1501 1914 1550 ingenio,
1934 1501 2100 1537 acumine
2116 1500 2263 1549 regenti,
2281 1500 2343 1548 qui
2361 1500 2421 1537 ubi

532 1574 661 1610 audivit
684 1574 950 1609 Chai-tularium
966 1573 1057 1609 illud
1074 1574 1187 1622 parari
1207 1585 1386 1621 nusquam
1404 1573 1490 1609 alias
1513 1585 1622 1621 quam
1642 1572 1787 1609 Parisiis
1814 1572 2075 1620 publicandum
2100 1584 2179 1608 esse
2196 1571 2316 1608 statim
2335 1559 2421 1620 opi-

536 1649 641 1681 natus
657 1649 707 1681 est
730 1649 836 1693 atque
858 1657 877 1681 a
899 1645 1077 1681 Ludovieo
1098 1645 1216 1689 Liard,
1239 1645 1438 1681 studiorum
1466 1645 1691 1692 superiorum
1716 1644 1955 1688 moderatore,
1974 1643 2124 1680 minime
2146 1642 2423 1679 Universitatum

535 1720 694 1752 veterum
718 1716 912 1760 incurioso,
935 1716 1038 1752 facile
1064 1716 1249 1764 publicum
1274 1716 1473 1752 subsidium
1490 1715 1703 1764 impetravit.
1722 1717 1845 1763 Neque
1861 1716 2063 1763 Augustum
2087 1714 2222 1763 Himly,
2242 1714 2423 1762 optimum

537 1788 726 1823 Facultatis
743 1787 953 1823 Litterarum
969 1788 1158 1830 decanum,
1174 1800 1292 1835 neque
1307 1789 1497 1824 Ernestum
1513 1787 1672 1831 Lavisse,
1688 1786 1936 1823 doctissimum
1952 1786 2154 1822 studiorum
2167 1785 2422 1822 historicorum

536 1859 824 1906 gubernatorem,
855 1859 974 1895 debita
998 1859 1103 1895 laude
1129 1859 1350 1903 fraudemus,
1379 1859 1510 1906 quibus
1534 1859 1625 1895 adeo
1651 1858 1749 1895 cordi
1775 1862 1830 1894 est
1856 1857 2024 1906 antiquae
2052 1856 2296 1893 Universitatis
2326 1856 2424 1892 Pari-

537 1930 663 1966 siensis
686 1930 780 1966 fama
795 1935 828 1966 et
847 1934 1002 1966 veterum
1020 1931 1271 1978 magistrorum
1288 1931 1397 1979 hujus
1414 1930 1512 1967 urbis
1528 1930 1717 1975 memoria,
1737 1933 1775 1966 ut
1797 1941 1818 1965 a
1838 1929 1996 1966 Consilio
2011 1929 2173 1977 generali
2194 1928 2423 1965 Facultatum

538 2001 737 2045 Parisiensi,
761 2014 876 2049 nuper
892 2002 1065 2045 instituto,
1083 2002 1234 2038 salutare
1251 2002 1490 2050 patrocinium
1507 2001 1731 2038 Chartulario
1750 2004 1875 2037 nostro
1890 2000 2125 2037 obtinuerint.
2150 2001 2284 2036 Omnes
2299 2000 2423 2037 doctos

538 2076 573 2108 et
596 2072 884 2109 bibliothecarios
900 2077 933 2109 et
951 2073 1102 2109 archivis
1123 2074 1321 2121 praefectos
1341 2074 1402 2121 qui
1427 2073 1556 2110 nostris
1577 2073 1704 2109 studiis
1724 2073 1885 2109 faverunt
1905 2071 1966 2108 hic
1986 2071 2199 2108 nominatim
2219 2082 2422 2107 memorare

539 2144 685 2188 longum
711 2149 801 2188 erat;
828 2145 931 2180 liceat
956 2145 1081 2181 saltem
1098 2147 1135 2181 P.
1156 2145 1300 2190 Viollet,
1319 2145 1594 2181 bibliothecario
1610 2144 1803 2181 Facultatis
1815 2143 1993 2192 juridicac
2009 2142 2168 2188 Parisiis,
2187 2146 2222 2179 et
2245 2144 2287 2179 H.
2311 2143 2424 2179 Rash-

539 2215 622 2259 dall,
644 2216 740 2252 socio
757 2220 790 2251 et
805 2216 1018 2263 praelectori
1033 2217 1178 2265 Collegii
1193 2216 1461 2253 Hcrtsordensis
1475 2216 1649 2260 Oxoniae,
1666 2216 1725 2263 qui
1739 2214 1981 2252 Cheltehamii
1999 2214 2229 2262 Oxoniaeque
2246 2213 2422 2262 quosdam

539 2286 681 2322 codices
703 2287 746 2322 ad
770 2292 909 2323 nostros
931 2300 1017 2323 usus
1044 2288 1212 2336 inspexit,
1236 2292 1342 2336 atque
1367 2288 1475 2324 sociis
1502 2287 1742 2324 Bibliothecae
1763 2291 1796 2323 et
1812 2286 1956 2323 Archivi
1976 2285 2171 2322 Nationalis
2195 2285 2305 2322 Paris.
2325 2285 2424 2334 justa

540 2358 704 2405 pendere.
725 2359 885 2406 Denique
902 2359 1128 2407 typographis
1146 2360 1287 2404 nostris,
1311 2359 1477 2395 fratribus
1494 2359 1670 2403 Delalain,
1687 2362 1834 2407 propter
1849 2358 2067 2394 indefessam
2089 2369 2215 2393 euram
2235 2368 2343 2405 quam
2359 2368 2423 2405 per

539 2429 669 2465 laboris
703 2430 890 2478 longinqui
920 2431 1111 2466 decursum
1150 2434 1314 2479 prompta
1347 2430 1564 2478 benignitate
1594 2442 1807 2478 summaque
1841 2429 2000 2466 sollertia
2026 2428 2130 2466 nobis
2161 2428 2419 2470 adhibuerunt,

541 2505 655 2547 grates
686 2502 897 2545 reseramus;
930 2503 1038 2538 Paulo
1065 2503 1288 2550 praesertim,
1318 2502 1392 2551 qui,
1421 2515 1505 2539 cum
1531 2502 1752 2538 meminisset
1777 2514 1850 2538 non
1878 2513 2010 2538 vanum
2041 2513 2120 2538 esse
2146 2500 2250 2537 illum
2275 2499 2422 2536 titulum

550 2587 563 2602 «
591 2573 819 2620 Typographi
854 2573 1093 2609 Universitatis
1124 2590 1139 2607 υ
1165 2574 1383 2622 jampridem
1413 2574 1534 2611 domui
1568 2586 1676 2622 quam
1705 2574 1913 2610 moderatur
1939 2573 2167 2620 inscriptum,
2199 2571 2235 2607 in
2265 2570 2420 2620 plagulis

542 2643 698 2690 legendis
718 2643 790 2690 ipse
807 2656 870 2680 nos
890 2645 1021 2692 adjuvit
1037 2645 1262 2693 plurimaque
1282 2658 1373 2693 quae
1394 2646 1659 2694 corrigerentur
1672 2645 1853 2688 indicavit,
1872 2648 1910 2681 ut
1928 2644 2091 2680 volumen
2114 2642 2220 2687 illud,
2240 2642 2336 2690 quod
2351 2642 2422 2679 alia

542 2718 748 2760 sequentur,
768 2715 964 2762 patrocinio
981 2716 1221 2752 Universitatis
1235 2717 1383 2765 dignum
1399 2723 1503 2754 esset.

870 2843 985 2871 Parisiis,
1008 2844 1035 2868 10
1053 2844 1115 2868 Maii
1134 2845 1202 2869 18³9.
