2580 3528
459 417 524 450 238
1041 421 1359 445 CHARTULARIUM
1395 419 1584 442 UNIVERS.
1622 417 1750 440 rimis.
2234 407 2334 448 [1252

464 512 534 545 que
565 500 608 533 de
639 498 780 532 indulto
808 497 1016 542 hujusmodi
1044 496 1185 541 plenam
1214 495 1271 528 vel
1299 505 1521 539 expressam,
1544 503 1609 525 seu
1640 491 1684 524 de
1711 490 1825 524 verbo
1845 490 1889 524 ad
1916 490 2067 524 verbum
2090 502 2163 524 non
2183 491 2338 524 secet-int

463 566 696 606 mentionem,
719 576 784 597 seu
805 563 1064 597 constitutione
1087 562 1130 594 de
1153 560 1293 594 duabus
1320 559 1427 592 dietis
1453 559 1548 591 edita
1575 558 1611 590 in
1633 556 1800 591 Concilio
1821 556 1997 602 generali,
2020 557 2218 590 dummodo
2243 557 2336 591 ultra

463 633 603 666 tertiam
629 631 686 665 vel
707 637 867 676 quartam
889 629 1020 674 aliquis
1046 634 1143 661 extra
1170 639 1269 660 suam
1298 625 1472 659 diocesim
1501 623 1713 657 auctoritate
1734 623 1960 668 presentium
1987 623 2031 656 ad
2052 623 2232 668 judicium
2263 635 2336 657 non

464 698 634 732 trahatur.
658 699 735 730 Dat.
759 696 900 729 Perusii
922 707 1006 728 non.
1024 694 1134 735 Junii,
1158 692 1388 738 pontificatus
1411 690 1526 723 nostri
1547 702 1641 723 anno
1662 701 1772 722 nono.

557 804 691 835 Originale
711 803 736 826 in
756 802 832 825 Arch.
849 805 901 824 nat.
920 800 1004 824 Paris.
1021 800 1048 823 L.
1064 800 1117 827 247,
1132 803 1160 821 n⁰
1180 800 1234 821 203.
1255 798 1331 821 Bulla
1347 797 1472 828 plumbea
1487 796 1539 820 filis
1553 796 1665 820 cannah.
1678 796 1848 828 appenditur.
1864 797 1893 819 ln
1913 804 2007 820 aversa
2022 796 2176 820 membrana
2191 805 2196 820 :
2212 804 2224 820 ι
2240 796 2289 820 Th.
2305 796 2337 820 de

464 850 558 872 Sancto
574 848 665 879 Egidio
678 856 699 871 ».
717 846 841 870 Exstabat
857 846 882 868 in
898 844 973 868 Arch.
989 843 1111 867 Univers.
1128 843 1191 866 Cod.
1203 843 1261 865 Vnt.
1276 843 1340 873 Reg.
1351 843 1406 869 1106,
1424 841 1468 864 fol.
1489 841 1541 864 15¹³.
1553 841 1622 864 Bibl.
1637 841 1770 872 Phillipps
1785 841 1812 864 in
1826 840 2006 869 Cheltenham,
2023 848 2073 864 ms.
2087 841 2142 869 876,
2160 841 2205 864 fol.
2222 841 2261 865 16.
2272 840 2336 864 cod.

463 894 519 916 Vnt.
537 893 599 923 Reg.
616 893 683 918 1283,
699 892 742 914 sol.
760 891 829 918 lOlb,
847 891 900 913 105.
917 888 985 912 Bibl.
999 888 1117 911 Arsenal.
1134 887 1218 915 Paris,
1235 890 1264 909 n⁰
1276 887 1321 909 678
1335 886 1361 908 in
1376 885 1517 916 principio.
1537 886 1565 908 In
1584 886 1646 916 Reg.
1661 885 1718 908 Vat.
1735 885 1879 909 Innocentii
1895 885 1929 909 IV
1944 894 1987 909 nn.
1998 886 2013 908 9
2028 885 2062 908 ad
2077 885 2218 917 epistolam
2233 893 2338 916 praece-

465 938 566 960 dentem
582 936 694 967 legitur:
711 944 721 958 α
738 953 754 959 ..
767 936 906 966 episcopus
920 933 1122 959 Silvanectensis
1137 932 1214 955 datus
1231 934 1270 954 est
1284 931 1321 954 eis
1338 938 1418 961 super
1431 930 1480 953 hoc
1493 933 1671 958 conservator,
1688 938 1740 953 non
1755 930 1886 959 obstante,
1903 930 1926 954 si
1937 930 2071 962 aliquibus
2084 938 2100 954 a
2115 930 2176 954 sede
2191 929 2337 962 apostolica

464 982 498 1004 sit
512 981 650 1007 indultum,
673 980 741 1011 quod
764 979 991 1006 excommunicari,
1013 982 1061 1002 etc.
1082 985 1165 1008 usque
1185 975 1343 999 mentionem
1368 983 1414 998 seu
1439 974 1624 998 constitutione
1647 975 1679 998 de
1703 975 1806 998 duabus
1831 974 1909 998 dietis
1934 974 2005 998 edita
2029 974 2055 998 in
2071 974 2187 998 Concilio
2210 973 2337 1006 generali,

462 1025 601 1048 dummodo
618 1024 687 1047 ultra
699 1024 803 1046 tertiam
820 1024 859 1046 vel
875 1026 1005 1054 quartam,
1022 1026 1070 1046 etc.
1083 1022 1177 1045 Datum
1188 1024 1217 1043 ut
1231 1028 1311 1051 supra
1327 1028 1348 1042 ι.
1364 1032 1393 1037 ——
1408 1019 1531 1047 Bulaeus,
1548 1019 1593 1047 111,
1610 1020 1664 1042 243.

464 1211 574 1247 213.
600 1219 780 1245 Innocentius
797 1220 841 1244 IV
850 1219 1014 1244 Ilaimerico
1037 1217 1212 1243 cancellario
1234 1216 1398 1242 Parisiensi
1421 1216 1543 1242 mandat
1565 1220 1595 1242 ut
1615 1215 1763 1242 scholares
1785 1225 1868 1242 arma
1889 1219 2051 1253 portantes,
2075 1217 2103 1242 εἰ
2117 1216 2218 1242 moniti
2231 1224 2264 1242 se
2282 1223 2338 1242 non

553 1268 736 1302 correxerint,
752 1267 913 1304 privilegiis
934 1267 1133 1293 Universitatis
1145 1266 1247 1302 privet.

1733 1302 1808 1332 1252,
1823 1302 1894 1328 dutrii
1905 1302 1930 1331 6,
1946 1301 2051 1328 rer-usit:

550 1379 785 1412 Innocentius
823 1378 1020 1423 episcopus
1059 1389 1188 1410 servus
1224 1388 1413 1410 servorum
1449 1376 1514 1409 Dei
1550 1376 1684 1409 dilecto
1720 1376 1795 1409 filio
1833 1403 1854 1409 ..
1886 1376 2104 1410 cancellario
2139 1375 2339 1409 Parisiensi

460 1446 611 1479 salutem
634 1453 669 1479 et
687 1445 921 1491 apostolicam
948 1444 1255 1477 benedictionem.
1277 1443 1333 1476 Ad
1359 1455 1466 1476 aures
1488 1449 1631 1476 nostras
1657 1443 1836 1488 pervenit,
1858 1443 1956 1488 quod
1984 1442 2152 1476 nonnulli
2177 1442 2339 1476 scolares

464 1513 623 1546 Parisius
650 1519 915 1545 commorantes
945 1511 1091 1544 licentie
1121 1511 1247 1544 laxatis
1277 1510 1430 1543 habenis
1462 1509 1622 1555 publice,
1653 1509 1739 1543 licet
1767 1510 1803 1543 id
1834 1510 1970 1555 privata
1998 1509 2056 1543 vel
2087 1509 2232 1554 publica
2263 1521 2337 1542 non

462 1586 630 1625 exposcat
657 1579 870 1620 necessitas,
896 1591 993 1611 arma
1018 1579 1150 1619 ferunt,
1177 1590 1220 1611 ex
1245 1589 1317 1622 quo
1344 1578 1443 1610 Deus
1472 1583 1507 1610 et
1536 1576 1704 1610 homines
1730 1577 1980 1618 offenduntur,
2009 1583 2112 1610 cetus
2143 1576 2338 1609 scolarium

463 1653 607 1679 notatur
631 1646 787 1687 infamia,
811 1653 846 1678 et
870 1646 1080 1690 frequenter
1105 1644 1271 1678 turbatur
1297 1644 1457 1677 studium
1484 1651 1519 1677 et
1546 1644 1652 1677 etiam
1678 1643 1887 1689 impeditur.
1913 1643 2091 1677 Volentes
2117 1643 2230 1688 igitur
2255 1642 2339 1676 huic

462 1713 589 1746 morbo
620 1712 801 1746 salubrem
832 1712 1006 1745 adhibere
1037 1711 1229 1753 medelam,
1267 1711 1482 1744 discretioni
1512 1717 1572 1744 tue
1612 1722 1677 1756 per
1713 1710 1912 1756 apostolica
1947 1710 2081 1755 scripta
2111 1709 2339 1751 mandamus,

464 1780 632 1824 quatinus
654 1780 684 1812 si
706 1779 795 1812 tales
818 1779 980 1812 secundo
1007 1779 1160 1812 tertiove
1188 1778 1399 1811 commoniti
1429 1789 1468 1810 se
1496 1789 1570 1810 non
1596 1777 1835 1818 correxerint,
1861 1776 2041 1810 beneficio
2062 1776 2339 1821 privilegiorum

461 1846 707 1879 universitatis
739 1846 932 1879 scolarium
961 1836 1173 1879 auctoritate
1202 1851 1327 1878 nostra
1357 1846 1480 1890 prives
1511 1844 1660 1878 eosdem
1691 1856 1730 1877 ac
1761 1844 1957 1877 denunties
1986 1843 2078 1889 ipsis
2111 1854 2339 1888 nequaquam

463 1913 671 1957 hujusmodi
692 1912 907 1945 beneficium
931 1913 1134 1957 suffragari.
1158 1913 1236 1945 Dat.
1259 1911 1402 1945 Perusii
1422 1911 1483 1956 viij
1506 1911 1554 1944 id.
1577 1910 1688 1952 Junii,
1711 1910 1944 1956 pontificatus
1965 1910 2082 1943 nostri
2108 1921 2202 1943 anno
2228 1921 2338 1942 nono.

558 2029 693 2059 Originale
709 2029 734 2052 in
750 2029 826 2052 Arch.
845 2032 898 2052 nat.
915 2029 998 2053 Paris.
1015 2029 1043 2052 L.
1058 2030 1111 2057 247,
1126 2033 1154 2051 11⁰
1170 2029 1224 2052 204.
1241 2029 1318 2052 Bulla
1336 2028 1461 2060 plumbea
1482 2028 1534 2051 filis
1552 2027 1663 2051 cannah.
1682 2026 1851 2059 appenditur.
1869 2027 1898 2050 In
1915 2034 2009 2050 aversa
2029 2026 2183 2049 membrana
2197 2033 2203 2048 ε
2217 2033 2228 2048 «
2245 2025 2294 2048 Th.
2310 2024 2342 2048 de

464 2074 558 2096 Sancto
572 2074 663 2104 Egidio
675 2082 697 2097 ».
709 2074 858 2097 Pertinehat
869 2074 902 2096 ud
911 2074 987 2097 Arch.
1000 2074 1122 2097 Univers.
1132 2088 1164 2091 —
1174 2074 1238 2097 Cod.
1252 2074 1308 2097 vat.
1325 2074 1388 2104 Reg.
1402 2074 1456 2101 406,
1470 2073 1516 2096 sol.
1528 2073 1565 2101 16,
1578 2075 1603 2095 et
1618 2071 1687 2095 Bibl.
1703 2071 1835 2103 Phillipps
1851 2071 1878 2094 in
1891 2070 2072 2099 Cheltenham,
2093 2078 2143 2093 ms.
2157 2070 2211 2098 876,
2227 2069 2273 2093 sol.
2289 2068 2340 2097 16⁸,

465 2126 523 2140 cum
539 2118 644 2140 rubrica
659 2126 664 2141 2
683 2127 693 2140 a
710 2119 744 2141 Ut
758 2126 830 2142 canc.
847 2118 931 2142 Puris.
950 2118 1058 2142 clericos
1076 2127 1150 2141 arma
1165 2121 1311 2149 portantes,
1330 2121 1370 2141 ter
1386 2117 1499 2140 monitos
1515 2117 1538 2140 si
1554 2125 1582 2140 se
1596 2125 1647 2140 non
1668 2116 1837 2145 correxerint,
1861 2115 1996 2139 beneficiis
2011 2115 2049 2138 uti
2064 2114 2160 2146 privet,
2177 2117 2203 2138 et
2222 2113 2342 2145 privatos

465 2162 569 2185 nunciet
584 2171 605 2185 ι).
623 2163 744 2189 Bulaeus,
761 2163 805 2190 111,
823 2164 876 2191 244,
893 2163 936 2185 ubi
950 2171 998 2194 per
1013 2171 1128 2186 errorem
1142 2163 1303 2194 typographi
1320 2171 1331 2186 α
1347 2170 1390 2185 an.
1403 2163 1418 2185 4
1435 2170 1457 2185 ».

464 2346 575 2383 214.
602 2355 746 2390 officialis
761 2356 859 2381 curiae
874 2356 1051 2381 Parisiensis
1067 2360 1162 2382 notum
1177 2357 1259 2390 facit,
1284 2356 1397 2382 domum
1418 2355 1498 2382 Petri
1519 2355 1674 2381 Sarrae-eni
1694 2355 1781 2380 sitam
1803 2354 1880 2380 ultra
1902 2362 2021 2390 parvum
2042 2356 2157 2389 pontem
2182 2352 2211 2378 in
2232 2351 2289 2378 vico
2309 2350 2346 2377 de

552 2404 749 2438 IIaates‘eaille
765 2408 888 2441 emptam
905 2414 967 2431 esse
982 2414 1000 2430 a
1016 2405 1144 2431 Iohanne
1160 2405 1267 2431 abbate
1282 2409 1310 2431 et
1325 2409 1460 2431 conventu
1478 2404 1772 2430 Praemonstratensi.

1676 2494 1754 2524 1252,
1769 2493 1840 2519 «lunii
1855 2493 1891 2523 1⁵,
1907 2492 1926 2527 [
1927 2492 2034 2518 Parisiis
2035 2491 2060 2526 J.

557 2567 747 2599 Universis
769 2575 958 2612 presentes
980 2568 1118 2601 litteras
1139 2569 1361 2614 inspecturis
1382 2568 1547 2602 officialis
1569 2568 1668 2601 curie
1690 2567 1909 2601 Parisiensis
1936 2566 2089 2599 salutem
2110 2565 2146 2597 in
2173 2564 2342 2597 Domino.

470 2633 651 2665 Noveritis
679 2633 775 2677 quod
806 2634 842 2666 in
873 2641 995 2667 nostra
1024 2636 1207 2679 presentia
1238 2636 1433 2669 constituta
1463 2635 1610 2668 domina
1640 2634 1721 2668 Gila
1749 2635 1843 2667 dicta
1874 2634 1918 2666 de
1949 2631 2098 2673 Houzel,
2128 2631 2218 2664 civis
2245 2630 2344 2663 Pari-

469 2699 614 2739 siensis,
637 2699 758 2739 vidua,
788 2699 872 2731 olim
902 2712 991 2732 uxor
1014 2701 1174 2734 defuncti
1198 2702 1374 2735 ‚Iohannis
1402 2702 1604 2743 Sarraceni,
1631 2701 1789 2735 asseruit
1813 2700 1911 2746 quod
1936 2699 2014 2745 ipsa
2040 2710 2083 2731 ex
2109 2710 2173 2731 sua
2199 2696 2345 2742 propria

469 2764 667 2797 hereditate
702 2764 868 2807 habebat,
904 2766 1049 2799 tenebat
1077 2774 1113 2800 et
1146 2768 1359 2812 possidebat
1392 2769 1501 2814 pleno
1527 2770 1610 2813 jure
1642 2768 1788 2801 domum
1824 2766 2003 2812 quandam
2032 2764 2129 2798 Petri
2157 2763 2345 2797 Sarraceni

469 2837 708 2874 nuncupatam
735 2843 815 2863 cum
847 2832 1030 2876 porprisio
1057 2840 1091 2865 et
1120 2834 1351 2878 pertinentiis
1380 2835 1545 2879 ejusdem
1578 2835 1709 2868 domus
1740 2834 1843 2867 sitam
1873 2832 2036 2865 Parisius
2066 2830 2159 2864 ultra
2194 2841 2343 2875 parvum

467 2903 611 2940 pontem
641 2897 676 2928 in
699 2897 778 2930 vico
802 2897 846 2929 de
878 2899 1118 2931 Hauteseuille
1148 2907 1330 2933 oneratam
1362 2902 1398 2934 in
1429 2902 1623 2934 duodecim
1655 2901 1795 2934 solidos
1823 2899 1987 2945 capitalis
2023 2909 2170 2938 census,
2200 2902 2343 2929 centum

471 2962 610 2995 solidos
631 2963 802 3007 parisien.
828 2964 1042 2997 incrementi
1066 2977 1213 3007 census,
1239 2973 1273 2999 et
1294 2974 1448 3011 quatuor
1471 2968 1584 3001 libras
1609 2968 1781 3013 parisien.
1805 2966 1915 3000 annui
1936 2976 2070 2999 census
2094 2975 2205 3009 super
2227 2962 2345 2996 tribus
