2618 3640
345 885 448 910 Rector.

548 421 621 443 xxn
1137 421 1459 444 CHARTULARIUM
1494 423 1685 444 Uva‘ERS.
1723 423 1855 445 PAnls.

549 508 637 532 esse.
660 496 761 533 Unde
782 497 821 532 tit
843 501 880 532 ut
898 497 1063 533 Facultas
1078 498 1293 533 Artistarum
1313 509 1384 533 non
1405 498 1591 546 proprium
1609 498 1777 534 habuerit
1796 498 1969 546 sigillum,
1989 499 2052 534 sed
2066 499 2174 534 etiam
2190 502 2315 546 postea
2335 501 2441 545 quat-

549 573 631 605 tuor
655 569 846 605 Nationum
879 581 943 604 usa
974 569 1018 604 sit
1043 569 1190 617 sigillis3
1218 581 1372 616 quorum
1399 570 1535 605 mentio
1558 570 1675 617 prima
1697 570 1734 605 in
1757 569 1975 606 documento
1998 570 2073 617 jam
2095 570 2204 607 allato
2229 570 2315 605 anni
2345 571 2439 606 1249

550 641 733 676 invenitur
761 640 861 686 (Vz'd.
889 647 926 676 11⁰
955 641 1053 688 187).
1082 642 1194 677 Unius
1219 644 1359 676 tantum
1385 642 1546 677 Nationis
1572 641 1820 689 (Anglicanae)
1848 641 2005 689 sigillum
2030 642 2190 690 primum
2217 645 2441 678 memoratur

551 724 645 748 anno
665 715 756 749 1252
780 712 879 759 (Vici.
898 719 935 747 n⁰
952 712 1071 756 202)“.

651 870 792 905 Natioui
809 870 940 916 cuique
956 869 1160 917 praefectus
1177 872 1252 905 crat
1265 873 1476 916 procurator
1489 869 1626 917 pluries
1642 869 1831 917 quotannis
1848 882 1867 905 c
1882 870 2062 917 magistris
2078 870 2219 906 Artium
2235 868 2438 917 eligendus.

551 943 628 977 Jam
649 945 809 989 tempore
831 941 979 977 Honorii
1005 943 1051 976 lll
1076 941 1220 983 vestigia
1243 944 1518 988 procuratorum
1543 941 1746 976 invenimus
1765 941 1864 988 (Vid.
1890 954 1926 989 p.
1949 941 2045 986 xx1);
2074 953 2231 990 quorum
2254 944 2377 988 aperte
2402 940 2442 976 fit

553 1014 689 1050 mentio
721 1025 817 1049 anno
848 1016 940 1049 1245
967 1013 1068 1060 (Via‘.
1098 1012 1217 1059 ibid).
1251 1013 1441 1054 Quaternis
1471 1024 1554 1048 vero
1583 1012 1796 1048 Nationibus
1831 1014 1959 1049 Rector
1988 1025 2082 1049 unus
2115 1016 2290 1060 praeerat.
2327 1013 2443 1060 Supra

555 1084 832 1122 memoravimus
861 1096 955 1121 anno
990 1087 1081 1120 1245
1110 1086 1298 1120 Rectorem
1327 1096 1410 1120 cum
1434 1083 1727 1131 procuratoribus
1754 1084 1945 1120 Nationum
1977 1085 2203 1132 nuncupari;
2231 1088 2313 1120 ante
2334 1090 2444 1132 quem

554 1170 687 1193 annum
717 1168 894 1203 nusquam
924 1156 968 1191 de
996 1157 1145 1191 Rcctore
1168 1155 1298 1203 agitur.
1329 1156 1418 1191 Cum
1446 1155 1483 1190 in
1508 1155 1693 1203 privilegio
1715 1155 1863 1203 quidem
1886 1155 2043 1204 Philippi
2066 1156 2215 1203 Augusti
2237 1147 2446 1192 nominetur

563 1229 738 1276 «capitale
754 1227 973 1264 scholarium
987 1227 1239 1263 Parisiensium
1254 1243 1268 1259 »
1283 1257 1291 1272 ‚
1309 1227 1467 1275 primum
1480 1227 1667 1263 statuimus
1680 1227 1738 1263 hic
1754 1227 1904 1263 minime
1915 1227 1959 1263 de
1970 1227 2089 1275 aliqua
2103 1229 2174 1272 re²,
2192 1227 2253 1263 sed
2266 1227 2310 1263 de
2324 1226 2449 1274 aliqua

556 1312 708 1348 persona
734 1299 808 1347 agi;
839 1311 922 1335 nam
951 1299 1031 1335 licet
1063 1299 1250 1347 Philippus
1277 1301 1458 1347 Augustus
1484 1299 1580 1335 dicat
1607 1315 1623 1332 «
1651 1299 1740 1335 illud
1770 1311 1851 1335 esse
1877 1299 2125 1335 arrestandum
2155 1314 2171 1331 »
2203 1298 2304 1346 (Vici,
2332 1305 2370 1334 n⁰
2398 1297 2445 1348 l),

557 1372 756 1408 Ludovicus
779 1373 824 1407 lx
843 1372 878 1407 in
901 1371 1101 1407 renovando
1118 1371 1244 1407 eodem
1263 1371 1447 1419 privilegio
1463 1371 1611 1406 mutavit
1635 1370 1766 1406 «illum
1784 1382 1861 1407 esse
1876 1371 2123 1407 arrestandum
2143 1386 2158 1404 »
2193 1370 2287 1419 (Vid
2302 1376 2339 1406 n⁰
2360 1369 2445 1418 66);

557 1448 662 1491 atque
682 1444 719 1479 in
741 1444 901 1479 versione
921 1443 1057 1478 Gallica
1077 1442 1209 1478 saeculi
1230 1443 1313 1478 Xlll
1335 1442 1534 1478 invenimus
1558 1457 1572 1474 «
1592 1442 1625 1478 le
1642 1442 1849 1478 chevetaine
1867 1442 1929 1478 des
1950 1442 2119 1478 escoliers
2139 1457 2154 1476 »
2184 1441 2288 1490 (Vici.
2312 1447 2349 1476 n⁰
2369 1441 2444 1490 67).

559 1516 671 1552 Unica
707 1515 868 1562 quaestio
904 1518 1010 1550 restat
1044 1525 1220 1561 quaenam
1257 1514 1316 1549 hic
1352 1525 1507 1561 persona
1548 1513 1778 1562 intelligenda
1815 1514 1871 1549 sit.
1918 1515 2006 1549 Nam
2048 1513 2107 1549 alii
2151 1515 2353 1556 Rectorem,
2387 1512 2447 1548 alii

558 1588 768 1635 magistrum
799 1591 977 1634 regentem
1001 1589 1232 1634 agnoverunt.
1256 1586 1404 1621 Auctori
1424 1585 1541 1633 operis
1566 1585 1672 1634 Orzjqo
1697 1597 1789 1630 vera,
1813 1585 2011 1633 Caroloque
2037 1585 2210 1621 Jourdain
2237 1576 2449 1633 magistrum

559 1660 632 1696 illic
654 1664 831 1707 regentem
850 1659 885 1694 in
905 1658 1059 1705 quadam
1078 1657 1261 1694 Facilitate
1277 1657 1477 1694 videntibus
1493 1658 1610 1705 potius
1626 1657 1909 1694 assentiendum.
1930 1657 1995 1692 Cui
2015 1643 2299 1704 interpretationi
2324 1647 2449 1692 ansam

560 1731 730 1780 praebere
746 1734 896 1778 possunt
911 1730 1141 1766 condiciones
1156 1729 1327 1776 temporis
1343 1729 1474 1776 quibus
1490 1729 1718 1777 privilegium
1734 1728 1922 1776 Philippus
1938 1730 2115 1777 Augustus
2131 1727 2279 1772 edidist,
2298 1728 2452 1764 Univer-

562 1804 717 1851 sitasque
735 1803 810 1850 ipsa
826 1813 889 1850 per
909 1813 1029 1837 vocem
1049 1802 1223 1837 Johannis
1243 1801 1286 1837 de
1306 1801 1476 1849 Malignes
1497 1813 1562 1848 pro
1579 1802 1728 1848 Hugone
1746 1801 1917 1848 magistro
1937 1801 1973 1836 in
1996 1800 2178 1836 medicina
2197 1800 2332 1848 regenti
2351 1799 2454 1836 locu-

562 1877 659 1912 tione
693 1874 878 1922 «capitale
903 1890 915 1906 ·›
946 1885 1010 1909 usa
1039 1872 1130 1909 est&
1161 1872 1261 1921 (Vici.
1296 1876 1334 1908 n⁰
1365 1873 1465 1920 515.)
1492 1874 1622 1909 Nostra
1655 1872 1801 1920 quidem
1831 1872 2022 1916 sententia,
2055 1872 2244 1920 Philippus
2275 1873 2454 1920 Augustus

564 1959 680 1995 neque
704 1949 889 1982 Rectorem
916 1957 1031 1993 neque
1054 1945 1262 1993 magistrum
1292 1949 1470 1992 regentem
1500 1944 1666 1981 distincte
1690 1944 1726 1980 in
1751 1944 1871 1980 animo
1898 1943 2036 1988 habuit,
2066 1944 2128 1980 sed
2153 1943 2456 1992 qualemcumque

566 2019 788 2067 praesectum
815 2017 1051 2061 studentium,
1082 2016 1142 2064 qui
1169 2020 1292 2064 postea
1319 2016 1391 2052 sive
1420 2018 1547 2052 Rector
1568 2015 1641 2052 sive
1667 2015 1838 2064 magister
1868 2027 1991 2064 regens
2017 2024 2145 2064 aequo
2154 2015 2236 2064 jure
2261 2013 2455 2051 existimari

566 2090 693 2139 potuit.
732 2092 866 2126 Revera
898 2088 1117 2124 locutionem
1154 2102 1169 2120 «
1194 2088 1401 2124 chevetaine
1424 2104 1438 2120 »
1470 2087 1611 2124 Rectori
1643 2087 1777 2135 pariter
1819 2090 1926 2135 atque
1965 2086 2072 2123 alicui
2109 2087 2279 2135 magistro
2318 2086 2455 2135 regenti

565 2162 759 2198 attribuere
780 2173 985 2209 possumus.

667 2234 874 2281 Philippum
897 2234 1100 2280 Augustum
1117 2244 1199 2268 vero
1216 2243 1288 2268 non
1305 2232 1450 2280 proprie
1465 2232 1510 2268 de
1527 2234 1678 2268 Rectore
1698 2231 1858 2268 locutum
1875 2243 1955 2268 esse
1971 2243 2067 2267 nunc
2083 2231 2175 2266 inter
2189 2242 2315 2267 omnes
2331 2229 2458 2267 doctos

568 2309 720 2342 constat.
744 2305 839 2340 idem
858 2317 900 2340 ex
920 2304 1155 2351 sequentibus
1173 2304 1333 2351 Gregorii
1350 2305 1397 2339 lX
1418 2303 1527 2339 bullis
1542 2303 1849 2347 concludendum,
1872 2303 1916 2339 de
1938 2303 2069 2350 quibus
2084 2302 2191 2338 verba
2208 2302 2393 2338 faciemus.
2417 2303 2458 2337 111

570 2377 720 2426 epistola
747 2377 831 2412 anni
863 2379 950 2412 1231
987 2375 1155 2424 prohibet
1181 2375 1240 2412 ille
1264 2375 1424 2423 pontifex
1448 2387 1494 2411 ne
1515 2375 1706 2422 quisquam
1730 2389 1744 2407 (ι
1767 2375 1802 2410 111
1830 2374 2100 2411 Universitatem
2125 2374 2377 2422 magistrorum
2402 2373 2458 2409 vel

570 2450 762 2485 scolarium
789 2461 851 2484 scu
878 2449 1063 2484 Rectorum
1089 2447 1145 2483 vel
1171 2450 1443 2495 procuratorem
1466 2459 1592 2482 eorum
1683 2445 2066 2482 excommunicationis
2094 2445 2305 2482 sententiam
2331 2445 2459 2481 audeat

572 2521 799 2569 promulgare
822 2537 836 2551 »
865 2519 962 2564 <Visa
990 2527 1027 2554 n⁰
1050 2522 1124 2562 95).
1154 2521 1193 2554 ln
1216 2530 1288 2566 quo
1311 2530 1468 2555 errorem
1495 2518 1623 2554 calami
1651 2518 1798 2554 forsitan
1825 2517 1999 2566 suspicari
2024 2517 2159 2566 possis;
2186 2517 2250 2553 sed
2270 2527 2314 2552 eo
2338 2516 2460 2552 minus

571 2593 726 2629 scribam
745 2593 778 2627 in
798 2604 880 2628 voce
904 2607 918 2623 «
943 2594 1136 2628 Rector-um
1151 2607 1165 2623 η
1191 2591 1363 2626 erravisse
1384 2590 1628 2638 putaverimus
1645 2589 1739 2637 quod
1758 2589 1851 2625 alius
1867 2591 1965 2637 Papa
1982 2588 2199 2637 (Alexander
2213 2589 2287 2631 IV),
2305 2586 2460 2635 amplius

574 2665 738 2700 vicennio
769 2667 859 2711 post,
891 2676 955 2711 pro
988 2663 1220 2698 Universitate
1253 2662 1528 2698 Salmanticensi
1557 2662 1685 2698 eadem
1719 2661 1902 2697 locutione
1937 2673 2022 2696 usus
2052 2663 2103 2696 est
2130 2672 2137 2696 :
2165 2674 2179 2692 (ι
2203 2661 2247 2695 Ut
2274 2659 2396 2695 nullus
2424 2658 2462 2695 in

669 2802 691 2825 l.
709 2801 804 2826 Doussr
823 2800 935 2830 n’Aan,
953 2800 970 2824 l.
987 2808 1019 2830 e.,
1036 2800 1068 2824 nt*
1081 2799 1227 2829 som-8019,
1245 2798 1370 2823 describit
1384 2797 1469 2830 sigilla
1484 2799 1612 2830 quattuor
1627 2797 1772 2822 Nationum
1786 2797 1848 2822 anni
1868 2797 1937 2821 1398.
1955 2796 2022 2821 Vide
2037 2796 2152 2820 Vnum·
2167 2802 2202 2820 nn
2215 2795 2377 2825 mevmnn,
2394 2795 2412 2820 l.
2428 2803 2461 2826 c.,

576 2855 599 2878 p.
619 2846 736 2871 131-133.

668 2892 692 2915 2.
712 2890 873 2923 stupendam
889 2891 992 2914 tautum
1009 2889 1250 2921 interpretationem
1264 2888 1356 2912 afferre
1372 2887 1474 2912 lteeata
1484 2887 1626 2920 professore
1641 2886 1672 2911 G.
1687 2887 1863 2917 KAUFMANN‚
1877 2887 2008 2918 acceptam
2020 2886 2047 2910 in
2061 2885 2143 2911 citato
2152 2885 2220 2910 libro
2232 2885 2292 2915 (Die
2304 2886 2464 2910 Geschichte

575 2939 626 2961 dee·
649 2936 861 2965 Universitdeen,
880 2935 901 2964 1,
920 2942 943 2966 p.
962 2934 1016 2962 249,
1036 2935 1089 2958 not.
1108 2933 1141 2963 2),
1160 2941 1211 2965 qua
1229 2943 1242 2955 (ι
1260 2932 1370 2965 capitale
1387 2942 1400 2954 »
1419 2932 1460 2956 hic
1474 2932 1662 2964 significaverit
1679 2943 1691 2954 (ι
1709 2931 1861 2956 Facultates
1879 2941 1892 2953 n
1911 2930 2084 2962 (Vermfigen).

669 2981 693 3004 3.
713 2980 775 3005 Vid.
796 2981 934 3004 Chronica
952 2979 1056 3010 Roqeri
1072 2980 1106 3003 de
1123 2979 1282 3007 Houedene,
1299 2976 1340 3001 ed.
1359 2977 1475 3006 swam,
1493 2977 1538 3005 lv,
1558 2976 1612 3001 120.

672 3027 696 3050 4.
714 3024 775 3050 vid.
795 3025 931 3051 DENJFLE,
952 3024 1002 3048 Die
1024 3023 1238 3052 Universitdcen,
1256 3024 1315 3052 etc„
1335 3022 1354 3049 1,
1373 3029 1398 3054 p.
1417 3021 1448 3046 89
1465 3029 1506 3053 sq.
