2580 3528
275 423 372 464 1231]
614 433 660 455 AB
694 432 800 454 Asso
834 432 913 455 mcc
947 432 1082 461 usqua
1117 432 1166 454 An
1202 432 1432 454 munerun
1468 433 1508 455 ιν
1543 434 1631 455 nso.
1670 434 1806 455 ranc.
2089 426 2152 458 139

271 506 431 541 lacessiti
446 507 654 552 juramento
674 506 830 539 invicem
851 505 923 539 sibi
943 505 1096 551 prestito
1117 518 1136 539 a
1158 505 1302 539 civitate
1324 506 1522 539 Parisiensi
1543 506 1720 552 dissipato
1742 507 1864 540 studio
1885 508 2151 550 discesserunt,

270 573 443 607 visisunt
462 584 606 606 causam
627 584 737 618 agere
759 584 834 606 non
855 579 925 606 tam
948 572 1146 618 propriam,
1163 584 1269 618 quam
1286 585 1515 606 communem
1531 584 1538 606 :
1553 585 1621 606 nos
1642 573 1826 619 generalis
1847 574 2002 607 ecclesie
2024 587 2152 608 neces-

271 640 376 674 sitate
409 652 450 673 ac
476 639 656 673 hutilitate
686 646 835 685 pensata
869 638 1040 673 volumus
1073 645 1109 672 et
1140 639 1366 681 mandamus,
1394 646 1433 673 ut
1458 646 1649 685 postquam
1674 652 1693 673 a
1718 640 1907 674 carissimo
1937 641 1974 673 in
2004 641 2152 675 Christo

272 706 347 740 filio
370 713 498 740 nostro
515 732 536 739 ..
554 705 690 740 illustri
710 717 798 752 rege
819 707 1040 739 Francorum
1061 706 1248 751 magistris
1273 713 1309 739 et
1333 706 1538 739 scolaribus
1562 706 1753 752 privilegia
1778 706 1937 740 exhibita
1962 708 2098 741 suerint
2117 715 2154 741 et

271 773 317 806 de
337 773 501 819 ipsorum
526 772 821 806 malefactoribus
846 772 1001 806 emende
1021 779 1151 814 taxate,
1172 773 1335 806 Parisius
1362 772 1460 806 licite
1486 773 1658 807 studeant
1682 773 1781 807 nulla
1802 785 1955 819 prorsus
1981 774 2025 807 de
2052 786 2151 808 mora

271 839 330 877 vel
358 840 478 874 reditu
504 839 650 873 infamia
682 839 742 873 vel
770 839 1039 886 irregularitate
1073 840 1236 873 notandi.
1272 839 1370 873 Nulli
1403 852 1493 886 ergo
1523 840 1672 874 omnino
1702 840 1889 874 hominum
1921 841 2025 874 liceat
2060 841 2152 874 hanc

273 907 439 953 paginam
481 913 606 940 nostre
640 906 876 952 provisionis,
912 906 1199 948 constitutionis,
1240 907 1507 948 concessionis,
1547 907 1807 953 prohibitionis
1849 914 1885 941 et
1922 907 2153 941 inhibitionis

271 973 473 1020 infringere
501 972 561 1007 vel
587 973 622 1006 ei
649 984 739 1006 ausu
769 973 962 1006 temerario
989 973 1183 1006 contraire.
1207 973 1243 1007 Si
1274 973 1357 1019 quis
1386 980 1505 1007 autem
1533 973 1601 1007 hoc
1631 980 1842 1020 attemptare
1872 975 2151 1020 presumpserit,

272 1040 562 1086 indignationem
592 1040 854 1086 omnipotentis
882 1040 948 1073 Dei
978 1046 1014 1073 et
1042 1039 1230 1074 beatorum
1261 1040 1357 1073 Petri
1379 1047 1415 1074 et
1441 1040 1541 1074 Pauli
1562 1040 1810 1086 apostolorum
1833 1042 1913 1086 ejus
1943 1053 1983 1075 se
2011 1042 2155 1075 noverit

273 1106 520 1141 incursurum.
542 1108 622 1141 Dat.
645 1107 810 1140 Laterani
830 1106 880 1140 id.
902 1106 1054 1153 Aprilis,
1077 1107 1309 1153 pontificatus
1331 1107 1447 1141 nostri
1468 1120 1563 1141 anno
1585 1108 1724 1154 quinto.

366 1204 503 1237 Originale
518 1205 545 1229 in
560 1205 637 1229 Arch.
654 1208 707 1229 nat.
724 1205 808 1230 Paris.
825 1205 853 1229 L.
869 1205 924 1234 242,
940 1209 970 1229 n⁰
985 1205 1023 1229 76.
1039 1205 1117 1229 Bulla
1131 1205 1257 1237 plumbea
1277 1205 1330 1229 filis
1346 1205 1422 1229 serie.
1439 1205 1501 1229 ssavi
1517 1209 1543 1230 et
1557 1205 1632 1230 rubei
1648 1206 1744 1230 coloris
1759 1206 1928 1238 appenditur.
1949 1206 2101 1230 Pertincbat
2119 1206 2154 1230 ad

275 1250 352 1274 Arch.
368 1249 491 1274 Univers.
515 1250 544 1274 In
559 1258 653 1274 aversa
667 1250 823 1274 membrana
836 1250 936 1281 legitur
950 1250 1103 1274 charactere
1117 1250 1291 1274 cancellariae
1308 1258 1313 1274 ι
1337 1259 1350 1274 «
1365 1250 1395 1274 G.
1412 1250 1444 1274 de
1464 1250 1632 1274 Autisiodoro
1648 1259 1670 1276 ».
1691 1250 1818 1282 Magister
1833 1251 1991 1275 Guillelmus
2011 1251 2043 1274 de
2064 1251 2154 1275 Autis-

273 1295 380 1319 siodoro
394 1294 550 1318 morabatur
563 1297 626 1318 tunc
639 1294 768 1326 temporis
782 1294 809 1318 in
824 1294 898 1318 curia
913 1294 956 1326 (cf.
973 1302 1055 1326 supra
1070 1299 1099 1318 11⁰
1114 1294 1162 1326 74),
1178 1295 1254 1327 eique
1269 1295 1360 1326 plures
1375 1295 1504 1327 epistolae
1519 1295 1641 1327 Gregorii
1657 1296 1690 1319 lx
1705 1303 1754 1327 pro
1769 1295 1948 1319 Universitate
1963 1296 2100 1320 debentur.
2118 1296 2155 1320 De

273 1347 326 1372 quo
342 1339 402 1363 vide
421 1339 528 1364 Archiv
540 1338 593 1370 Γᾶν
606 1339 779 1364 Litteraeur-
793 1340 855 1364 und
869 1339 1153 1370 Kirchenqeschichte
1167 1340 1214 1364 des
1228 1339 1415 1368 Mittelalters‚
1433 1340 1478 1368 111,
1494 1341 1541 1363 629
1556 1348 1614 1372 sqq.
1630 1354 1661 1357 —
1671 1340 1734 1372 ch.
1751 1340 1808 1364 Vnt.
1826 1340 1947 1372 Gregorii
1963 1341 1996 1364 lx
2012 1349 2054 1364 nn.
2071 1343 2094 1368 5,
2110 1349 2152 1372 ep.

273 1385 312 1412 23.
329 1384 374 1408 fol.
386 1384 424 1407 73.
440 1383 496 1407 Duo
511 1383 668 1415 apographa
682 1383 709 1407 in
724 1383 800 1407 Arch.
817 1386 870 1407 nat.
887 1383 971 1407 Paris.
987 1383 1015 1407 L.
1032 1384 1087 1412 242,
1101 1387 1130 1407 n⁰
1145 1384 1174 1407 77
1185 1383 1263 1414 (anno
1278 1384 1340 1407 13:36
1354 1383 1520 1416 confectum),
1537 1385 1570 1408 M.
1587 1385 1656 1412 2570,
1673 1389 1703 1408 n⁰
1714 1385 1735 1408 1.
1749 1385 1811 1408 Cod.
1824 1385 1880 1408 vat.
1898 1385 1971 1417 ch.,
1982 1386 2037 1412 1206.
2055 1385 2099 1409 fol.
2111 1385 2152 1410 fib.

273 1428 342 1452 Bibl.
358 1427 491 1460 Phillipps
511 1427 538 1452 in
553 1428 734 1457 Choltenham,
750 1436 799 1452 ms.
816 1429 871 1456 876,
889 1428 933 1452 fol.
950 1427 989 1452 8⁶.
1006 1429 1105 1459 Maqn.
1121 1428 1236 1453 Pastor.
1251 1428 1278 1451 in
1294 1428 1370 1452 Arch.
1388 1432 1441 1452 nat.
1458 1429 1542 1453 Paris.
1566 1429 1614 1453 LL.
1632 1429 1686 1458 175,
1708 1438 1733 1461 p.
1756 1430 1809 1453 554.
1831 1430 1989 1461 Excerptum
2009 1438 2078 1454 anno
2094 1431 2155 1454 1343

275 1473 373 1497 fuctum
387 1472 414 1496 in
429 1472 506 1497 Arch.
522 1472 600 1497 Univ.
617 1472 712 1502 Paris„
728 1472 803 1496 theca
819 1473 857 1496 lv.
874 1473 902 1496 A.
920 1472 958 1496 21.
974 1480 998 1496 a.
1014 1486 1046 1490 —
1061 1473 1185 1501 Bulaeus,
1202 1473 1248 1501 111,
1265 1473 1319 1497 140.

368 1557 390 1581 1.
406 1557 504 1581 Eadem
519 1557 600 1581 dictio
614 1556 730 1580 occurrit.
743 1557 771 1580 in
785 1557 906 1589 epistolis
922 1557 1039 1589 Philippi
1060 1557 1092 1581 de
1113 1557 1257 1589 Harvcngt.
1274 1557 1339 1581 Vide
1358 1565 1441 1589 supra
1458 1561 1535 1589 parte
1551 1558 1647 1581 introd.
1664 1563 1704 1581 n⁰⁸
1718 1558 1745 1581 51
1762 1561 1788 1582 et
1807 1559 1845 1586 52,
1871 1561 1897 1582 et
1920 1559 1989 1582 infra
2013 1563 2042 1582 n⁰
2068 1560 2106 1583 82.
2126 1574 2155 1576 —

274 1602 297 1626 2.
314 1601 450 1633 Originale
465 1609 471 1625 :
489 1602 583 1625 ferum.
594 1615 626 1619 —
640 1602 663 1625 3.
680 1601 773 1633 Orig.:
789 1601 951 1634 preconatia.
967 1615 998 1619 —
1013 1602 1036 1625 li.
1054 1602 1115 1633 Reg.
1133 1609 1139 1625 :
1155 1601 1289 1626 videbitis.
1301 1616 1332 1620 —
1347 1604 1369 1626 5.
1387 1603 1448 1634 Reg.
1466 1610 1472 1626 z
1490 1602 1516 1626 in
1529 1611 1634 1626 carcere
1649 1602 1819 1635 culpabilem.
1830 1617 1861 1620 —
1876 1605 1899 1627 6.
1917 1604 1979 1635 Reg.
1997 1611 2002 1626 z
2018 1603 2154 1627 officiatos.

273 1659 305 1664 -·
319 1647 342 1671 7.
358 1646 422 1670 Vide
436 1654 518 1678 supra
533 1650 563 1670 n⁰
579 1646 617 1670 11.

275 1800 355 1838 80.
381 1809 532 1845 Gregorius
547 1811 593 1836 IX
601 1809 638 1837 de
653 1809 750 1837 eodem
765 1813 933 1845 argumento
948 1809 990 1836 ad
1003 1809 1144 1837 decanum
1160 1813 1188 1836 et
1203 1810 1362 1847 capitulum
1377 1810 1554 1837 Parisiense.

1488 1909 1563 1944 12³7,
1580 1908 1672 1942 Aprilis
1689 1909 1727 1940 13,
1743 1909 1871 1936 Lat-ram:

365 1982 570 2029 Gregorius
599 1983 796 2029 episcopus
826 1995 956 2017 servus
986 1995 1176 2017 servorum
1212 1983 1279 2016 Dei
1313 1983 1458 2017 dilectis
1487 1983 1616 2017 filiis..
1640 1984 1778 2018 decano
1808 1991 1843 2018 et
1871 1984 2029 2030 capitulo
2060 1985 2158 2018 Pari-

276 2049 369 2083 sien.
409 2049 562 2083 salutem
591 2056 628 2084 et
653 2049 888 2096 apostolicam
917 2049 1225 2084 benedictionem.
1259 2051 1395 2084 Parens
1432 2050 1666 2084 scientiarum
1696 2051 1871 2093 parisius,
1901 2057 1966 2086 etc.
1994 2052 2088 2086 sicut
2121 2052 2158 2086 in

270 2115 566 2161 praecedentibus
589 2116 740 2152 litteris.
763 2117 842 2151 Dat.
865 2117 1032 2151 Laterani
1052 2117 1102 2150 id.
1124 2117 1278 2163 Aprilis,
1299 2116 1533 2163 pontificatus
1553 2117 1670 2151 nostri
1691 2130 1786 2151 anno
1806 2118 1946 2164 quinto.

370 2213 507 2246 Originale
528 2213 555 2238 in
577 2214 653 2238 Arch.
669 2217 725 2240 nat.
740 2214 824 2238 Paris.
842 2215 875 2239 M.
891 2215 962 2243 257⁰,
983 2219 1014 2238 n⁰
1033 2217 1056 2239 5.
1076 2215 1154 2239 Deest
1174 2215 1248 2239 bulla
1267 2215 1401 2247 plumbea.
1422 2229 1454 2233 —
1472 2215 1572 2246 Maqn.
1594 2215 1708 2240 Pastor.
1725 2215 1751 2239 in
1767 2216 1843 2240 Arch.
1860 2219 1913 2240 nat..
1935 2216 2019 2240 Paris.
2038 2217 2085 2240 LL.
2104 2217 2157 2245 175.

276 2266 303 2290 p.
320 2259 376 2283 ffl-
390 2258 477 2283 Parv-
494 2258 616 2286 Pastor..
633 2258 708 2287 ibid..
728 2259 776 2283 1.1..
794 2259 848 2288 176,
865 2267 891 2291 p.
908 2259 963 2283 ³69.
983 2273 1014 2277 —
1030 2259 1195 2291 Ghoppinus,
1216 2260 1258 2284 De
1277 2266 1363 2284 sacra
1380 2260 1490 2290 politia.
1507 2268 1533 2292 p.
1550 2260 1604 2288 713,
1620 2268 1761 2292 perperam
1781 2261 1861 2284 refert
1882 2261 1930 2284 has
1951 2261 2053 2284 litteras
2075 2260 2158 2284 fuisse

276 2302 390 2326 directas
409 2302 443 2327 ad
462 2303 610 2327 Johnnnem
629 2303 817 2327 cancellarium
836 2303 1014 2328 Parisiensem
1033 2303 1077 2336 (cf.
1092 2303 1172 2328 etiam
1192 2304 1321 2333 Potthast,
1338 2308 1367 2328 n⁰
1381 2304 1460 2337 8708).
1477 2305 1589 2336 Insuper
1604 2305 1779 2328 cancellarius
1800 2308 1862 2328 tunc
1882 2305 2008 2336 temporis
2030 2313 2081 2328 non
2100 2308 2158 2329 erat.

277 2346 421 2376 lohannes,
437 2347 483 2371 sed
497 2347 584 2371 adhuc
599 2347 739 2380 Philippus
750 2348 782 2372 de
796 2347 889 2373 Greve.

277 2540 358 2580 81
383 2547 534 2582 Gregorius
559 2547 604 2572 ῙΧ
620 2545 661 2572 ad
685 2545 809 2573 Odonem
831 2545 967 2571 abbatem
991 2546 1018 2572 S.
1047 2545 1181 2571 Germani
1202 2544 1238 2572 de
1259 2546 1367 2580 Praeis,
1386 2549 1417 2572 ue
1438 2545 1566 2572 hommes
1590 2545 1626 2572 de
1649 2545 1736 2581 burgo
1761 2547 1787 2572 S.
1809 2546 1942 2573 Germani
1953 2555 2007 2583 pro
2026 2555 2101 2583 pace
2121 2555 2157 2573 ac

366 2597 523 2625 securitate
536 2595 712 2622 scholarium
726 2594 768 2621 ad
781 2603 817 2621 ea
832 2594 1020 2630 constringat,
1038 2593 1079 2620 ad
1093 2602 1170 2630 quae
1184 2594 1257 2620 cives
1272 2595 1455 2622 parisienses
1466 2603 1522 2631 per
1535 2594 1634 2630 regale
1646 2594 1827 2632 privilegium
1841 2599 1909 2621 sunt
1923 2596 2046 2623 astricti.

1494 2683 1566 2714 1231,
1582 2683 1674 2717 aprilis
1689 2684 1727 2714 13,
1743 2684 1870 2712 Laterani.

367 2760 574 2807 Gregorius
607 2759 804 2806 episcopus
838 2770 968 2792 servus
1002 2770 1192 2792 servorum
1223 2758 1290 2792 Dei
1319 2757 1453 2792 dilecto
1482 2758 1595 2792 filio..
1613 2757 1732 2793 abbati
1764 2759 1884 2793 Sancti
1911 2759 2083 2793 Germani
2111 2759 2156 2793 de

278 2828 394 2863 Pratis
421 2826 597 2862 Parisien.
628 2825 781 2860 salutem
811 2832 847 2859 et
875 2824 1111 2871 apostolicam
1137 2824 1445 2859 benedictionem.
1473 2825 1565 2860 Cum
1592 2837 1666 2860 uon
1691 2826 1886 2860 deterioris
1907 2826 1973 2860 sed
1994 2825 2157 2860 melioris

278 2893 501 2943 conditionis
530 2892 626 2939 apud
655 2899 689 2927 te
718 2904 758 2926 ac
788 2891 955 2926 homines
985 2898 1082 2934 tuos,
1113 2903 1218 2937 quam
1248 2892 1343 2938 apud
1372 2891 1464 2926 alios
1494 2891 1702 2939 burgenses
1735 2893 1891 2927 civitatis
1924 2893 2155 2933 Parisiensis,

279 2960 437 2996 debeant
456 2971 539 2994 esse
561 2959 736 3001 scolares,
756 2958 1015 2993 discretionem
1043 2964 1138 2992 tuam
1161 2970 1353 2993 monemus
1377 2965 1511 2993 attente
1538 2971 1603 3005 per
1623 2959 1821 3005 apostolica
1838 2959 1971 3006 scripta
1993 2959 2155 2993 districte
