2580 3528
226 2080 256 2104 27

227 2797 255 2822 st

352 1165 418 1192 12¹⁵

1073 426 1242 449 TABULA.

518 545 639 570 Januarii
653 546 684 569 23
737 545 905 569 Innocentius
921 546 957 570 III
971 545 1005 569 ad
1018 545 1166 570 ,Iohannem
1178 546 1303 570 abbatem
1316 546 1342 569 S.
1356 545 1470 568 Victoris
1481 546 1639 569 Parisiensis
1650 554 1681 569 ne
1691 546 1825 570 scholares
1836 547 2007 575 parisienses,

769 589 815 622 qui
829 589 894 613 alibi
909 598 989 622 quam
1003 589 1115 614 Parisiis
1128 598 1222 614 manus
1234 590 1373 622 injecerint
1385 590 1514 614 violentas
1526 590 1553 614 in
1565 590 1685 619 clericos,
1695 590 1834 614 absolvere
1846 595 2007 622 praesumat.

542 643 661 676 Augusto
737 643 830 667 Petrus
845 643 1004 667 Parisiensis
1018 643 1160 676 episcopus
1174 645 1256 667 refert
1274 643 1406 676 quomodo
1425 651 1456 667 ex
1475 643 1621 675 apostolico
1640 644 1765 667 mandato
1781 643 1815 667 sit
1830 645 1927 668 factum
1946 653 2009 667 con-

768 689 968 712 cordamentum
984 688 1052 712 inter
1066 689 1210 720 magistros
1225 691 1251 712 et
1265 688 1400 712 scholares
1415 688 1578 712 parisienses
1593 696 1624 712 ex
1638 696 1699 717 una,
1711 691 1737 712 et
1750 688 1897 712 Johannem
1911 690 2010 712 cancel-

769 732 867 756 larium
882 732 1059 757 Parisiensem
1079 741 1111 756 ex
1125 733 1179 756 alia
1192 736 1277 765 parte,
1293 735 1320 757 et
1333 736 1431 765 puncta
1446 733 1552 764 singula
1567 732 1766 764 compositionis
1786 736 1931 756 enumerat.
1950 751 1956 756 .
1976 751 1983 757 .
2002 751 2008 757 .

469 782 475 788 '
495 803 706 810 .........
737 786 871 810 Johannes
895 786 927 810 de
948 786 1080 815 Candelis,
1105 786 1280 810 cancellarius
1303 786 1472 815 Parisiensis,
1496 789 1582 810 ratam
1605 786 1685 810 habet
1703 789 1729 810 et
1751 786 1883 818 promittit
1904 795 2010 810 servare

768 831 987 863 compositionem
1002 832 1099 854 factam
1118 830 1187 855 inter
1204 839 1232 855 se
1247 839 1277 855 ex
1291 839 1344 855 una
1358 834 1444 863 parte,
1459 834 1486 854 et
1500 830 1643 862 magistros
1658 834 1684 854 et
1698 830 1832 855 scholares
1846 831 2009 855 Parisienses

768 883 800 899 ex
810 875 893 899 altera
904 879 980 907 parte
983 892 2007 900 ........................................

530 929 672 953 Novembri
739 929 874 953 Hervaeus
895 928 1037 961 episcopus
1057 932 1083 952 et
1101 929 1216 952 decanus
1236 929 1379 952 Trecenses
1397 929 1570 961 promulgant
1587 929 1753 957 documenta,
1775 937 1842 960 quae
1864 929 2008 953 concorda-

769 977 887 997 mentum
905 973 974 997 inter
993 973 1193 997 universitatem
1212 973 1403 1005 magistrorum
1421 976 1447 997 et
1466 973 1628 997 scholarium
1647 981 1678 997 ex
1696 981 1758 1002 una,
1778 977 1804 997 et
1821 973 2008 1000 cancellarium

770 1018 946 1042 Parisiensem
966 1026 997 1042 ex
1016 1017 1069 1041 alia
1082 1020 1159 1050 parte
1173 1017 1320 1050 respiciunt
1322 1035 2007 1042 ...........................

495 1088 706 1095 .........
737 1071 924 1096 Ordinationes
944 1070 1055 1095 Concilii
1074 1071 1246 1103 provincialis
1265 1070 1424 1095 Parisiensis
1439 1071 1592 1103 sublegato
1610 1071 1772 1103 apostolicae
1791 1071 1861 1095 sedis
1880 1072 2008 1103 magistro

768 1115 882 1140 Roberto
897 1116 929 1140 de
944 1115 1064 1146 Courcon
1078 1115 1204 1139 celebrati
1223 1115 1293 1139 circa
1312 1115 1399 1139 studia
1403 1133 2007 1140 ........................

541 1169 660 1201 Augusto
738 1169 868 1193 Robertus
890 1169 1034 1193 cardinalis
1055 1169 1159 1200 legatus
1178 1169 1339 1200 praescribit
1356 1169 1464 1192 modum
1484 1169 1588 1200 legendi
1607 1169 1634 1192 in
1654 1169 1756 1192 artibus
1776 1172 1802 1193 et
1820 1169 1847 1193 in
1865 1169 2007 1201 theologia,

768 1213 869 1238 indicat
882 1222 948 1246 quos
963 1213 1047 1237 lihros
1067 1213 1190 1245 magistri
1210 1213 1307 1237 artium
1322 1221 1374 1237 non
1388 1213 1502 1237 debeant
1515 1214 1611 1245 legere.
1626 1213 1733 1237 ordinat
1746 1213 1914 1246 disciplinam
1930 1214 2008 1237 scho—

768 1258 867 1282 larium
881 1261 907 1282 et
921 1258 1080 1290 generaliter
1094 1261 1193 1282 statum
1212 1257 1399 1282 Universitatis
1402 1275 2007 1282 ........................

545 1309 655 1334 Octobri
739 1311 902 1343 Compositio
919 1313 988 1335 facta
1003 1311 1072 1335 inter
1086 1310 1234 1343 capitulum
1249 1311 1398 1335 Parisiense
1412 1314 1438 1334 et
1451 1311 1639 1334 cancellarium
1658 1319 1739 1343 super
1753 1311 1842 1343 sigillo
1845 1329 2007 1335 .......

485 1363 656 1388 'Novembris
671 1364 703 1387 30
737 1364 906 1388 Innocentius
925 1365 963 1388 111
985 1364 1112 1396 reprobat
1131 1364 1158 1388 in
1177 1364 1295 1388 Concilio
1315 1364 1485 1388 Laternnensi
1504 1364 1538 1388 lv
1555 1364 1653 1396 dogma
1671 1364 1804 1388 Amalrici.
1826 1365 1924 1389 Statuit
1940 1365 2009 1389 inter

768 1409 832 1438 alia,
847 1409 874 1432 in
889 1408 1009 1441 qualibet
1022 1408 1169 1432 cathedrali
1183 1408 1303 1437 ccclesia,
1319 1409 1361 1432 vel
1375 1409 1438 1438 alia,
1453 1417 1566 1440 quarum
1585 1409 1707 1432 sufficere
1721 1412 1845 1440 poterunt
1860 1410 2007 1437 facultates,

767 1461 783 1477 a
800 1453 920 1485 praelato
935 1453 977 1476 vel
991 1453 1108 1485 capitulo
1122 1461 1203 1476 unum
1218 1453 1377 1484 magistrum
1391 1453 1552 1484 eligendum,
1567 1453 1610 1476 cui
1623 1453 1741 1477 redditus
1752 1453 1830 1478 unius
1842 1454 2008 1485 praebendae

770 1497 955 1530 assignentur;
971 1497 997 1520 in
1012 1497 1216 1529 metropolitana
1231 1505 1293 1521 vero
1313 1497 1423 1521 ecclesia
1437 1497 1589 1528 eligendum
1606 1497 1757 1529 theologum
1766 1515 2006 1523 ..........

309 1546 460 1574 {mlssifl
492 1567 704 1574 .........
737 1551 831 1575 Petrus
855 1550 997 1583 episcopus
1021 1554 1047 1575 et
1069 1550 1203 1575 Johannes
1227 1550 1311 1574 abbas
1334 1550 1360 1574 S.
1383 1550 1496 1574 Victoris
1519 1550 1682 1575 Parisienses
1705 1554 1837 1575 testantur
1862 1560 1890 1575 se
1909 1552 2008 1576 vidisse

768 1595 903 1620 decretum
917 1595 1018 1620 Odonis
1032 1595 1151 1628 episcopi
1165 1598 1191 1619 et
1204 1595 1315 1627 capituli
1330 1595 1488 1619 Parisiensis
1503 1595 1535 1619 de
1550 1595 1693 1619 residentia
1707 1596 1858 1620 cancellarii
1873 1598 1981 1620 factum.
2000 1614 2006 1621 .

310 1643 457 1671 ¹2¹0-1210
492 1665 704 1673 .........
735 1648 904 1673 Innocentius
919 1649 957 1673 III
971 1649 1091 1672 concedit
1109 1648 1276 1672 scholaribus
1291 1648 1497 1678 Parisiensibus,
1513 1651 1543 1672 ut
1555 1648 1660 1680 possint
1674 1649 1707 1673 ad
1722 1649 1853 1681 agendum
1873 1653 1899 1674 et
1916 1650 2007 1674 defen-

767 1693 882 1717 dendum
905 1696 1106 1725 procuratorem
1127 1693 1286 1717 constituere
1293 1710 2005 1718 ............................

349 1741 414 1769 121⁷
516 1745 636 1770 anuarii
652 1745 683 1770 19
734 1747 866 1771 Honorius
881 1747 919 1771 III
934 1746 1078 1778 magistros
1093 1749 1118 1771 at
1133 1746 1267 1770 scholares
1282 1747 1445 1771 Parisienses
1459 1746 1590 1775 bortatur,
1604 1750 1633 1771 ut
1645 1747 1727 1779 aliqui
1741 1755 1773 1770 ex
1787 1747 1853 1779 ipsis
1868 1748 1900 1771 ad
1916 1751 2005 1780 partes

347 2456 414 2485 mo

767 1791 913 1816 Tolosanas
933 1791 1068 1820 accedant,
1083 1794 1113 1815 ut
1131 1790 1230 1815 ibidem
1245 1791 1356 1815 lectione
1374 1794 1401 1814 et
1418 1791 1615 1823 praedicatione
1633 1794 1659 1815 et
1677 1791 1857 1815 exhortatione
1876 1792 2005 1824 populum

766 1835 958 1868 acceptabilem
972 1835 1083 1859 Domino
1101 1835 1214 1860 reddant
1216 1852 2003 1860 ...............................

527 1888 616 1912 Martii
634 1889 664 1912 10
734 1889 866 1913 Honorius
889 1889 927 1913 III
951 1888 1094 1913 Robertum
1117 1888 1272 1920 episcopum
1294 1888 1502 1917 Atrebatensem,
1525 1888 1740 1912 archidiaconum
1762 1889 1794 1913 de
1815 1889 1956 1913 Ostrevant
1979 1893 2004 1914 et

763 1933 947 1966 praepositam
965 1933 1163 1958 Atrebatensem
1184 1933 1287 1965 judices
1307 1933 1444 1957 constituit
1466 1933 1492 1956 in
1516 1941 1596 1957 causa
1615 1933 1684 1957 inter
1702 1936 1805 1965 partem
1824 1933 2003 1958 archidiaconi

764 1977 949 2002 Ambianensis
973 1981 999 2002 et
1021 1981 1125 2010 partem
1147 1978 1299 2002 cancellarii
1322 1977 1506 2002 Ambianensis
1530 1986 1597 2010 quae
1619 1977 1777 2009 magistrum
1800 1978 1948 2002 Johannem
1971 1979 2003 2003 de

764 2022 940 2047 Abbatisvilla
955 2025 1090 2054 regentem
1104 2022 1131 2046 in
1146 2022 1279 2054 theologia
1294 2022 1404 2046 Parisiis
1419 2022 1446 2046 in
1460 2022 1589 2046 decanum
1606 2022 1808 2046 Ambianensem
1826 2023 1951 2055 elegerat.
1969 2041 1976 2047 .
1995 2041 2002 2048 .

493 2079 651 2105 Novembri·
669 2080 700 2104 16
733 2080 866 2105 Honorius
879 2081 916 2105 111
926 2080 1080 2104 doctoribus
1092 2080 1169 2104 Petro
1182 2080 1215 2104 de
1226 2080 1326 2112 Capua,
1336 2080 1467 2104 Willelmo
1479 2080 1512 2104 de
1523 2080 1605 2104 Ponte
1617 2080 1710 2109 Arche,
1723 2080 1850 2105 Riccardo
1862 2081 2001 2113 praecipit,

765 2128 889 2150 monmnt
900 2125 1089 2149 cancellarium
1102 2125 1278 2149 Parisiensem
1291 2128 1320 2149 nt
1332 2125 1460 2157 magistro
1473 2124 1588 2149 Mattheo
1599 2125 1631 2148 de
1647 2124 1735 2149 Scotia
1747 2125 1880 2149 licentiam
1892 2125 2002 2150 docendi

766 2169 792 2194 in
807 2169 956 2202 theologica
966 2170 1092 2194 facultate
1101 2170 1227 2193 concedat
1237 2178 1288 2193 non
1299 2169 1421 2195 obstante
1430 2169 1571 2202 privilegio
1584 2169 1724 2201 impetrato
1738 2169 1781 2199 (ab
1794 2170 1944 2194 Innocentio
1955 2170 2001 2199 III)

763 2214 795 2239 de
814 2217 886 2238 certo
900 2222 1010 2238 numero
1024 2214 1162 2239 doctorum
1177 2213 1326 2246 theologiae
1342 2213 1525 2238 habendorum
1539 2213 1659 2238 Parisiis.
1683 2231 2000 2238 .............

491 2288 702 2295 .........
733 2272 890 2304 Radulphus
911 2271 1132 2304 paenitentiarius
1147 2279 1233 2304 papae
1248 2271 1356 2296 lionorii
1371 2279 1417 2295 sex
1431 2271 1512 2295 dubia
1528 2271 1646 2296 Menendi
1665 2272 1691 2295 S.
1708 2271 1820 2295 Victoris
1839 2271 1957 2295 canonici
1977 2275 2003 2296 et

762 2316 959 2349 paenitentiarii
978 2316 1005 2340 in
1025 2317 1082 2340 toro
1097 2316 1292 2348 poenitientiam
1308 2316 1459 2348 specialiter
1474 2316 1560 2348 quoad
1581 2316 1730 2339 facultatem
1745 2315 1780 2339 ab
1795 2316 1945 2340 Innocentio
1965 2316 2001 2340 1¹1

763 2361 854 2385 datam
867 2360 1023 2385 absolvendi
1038 2360 1201 2385 Parisienses
1216 2360 1359 2392 magistros
1374 2363 1400 2384 et
1414 2360 1548 2384 scholares
1563 2363 1672 2392 propter
1692 2360 1856 2392 injectionem
1877 2368 2000 2384 manuum

765 2404 792 2428 in
811 2405 931 2433 clericos,
950 2404 1029 2428 solvit
1032 2421 1999 2429 ......................................

505 2461 643 2486 Februarii
658 2462 688 2486 18
733 2461 866 2486 Honorius
886 2462 922 2486 Ill
941 2462 1062 2486 concedit
1080 2461 1247 2486 scholaribus
1267 2461 1462 2486 parisiensibus
1484 2465 1513 2486 ut
1532 2461 1564 2490 is,
1586 2461 1630 2494 qui
1650 2461 1757 2493 regendi
1776 2461 1908 2486 licentiam
1928 2470 2002 2486 asse-

763 2509 840 2531 cutus
856 2506 944 2534 fuerit.
960 2506 1126 2530 concedentis
1141 2506 1260 2530 cessione
1274 2506 1315 2530 vel
1330 2505 1404 2530 obitu
1419 2514 1470 2530 non
1485 2505 1606 2530 obstante
1621 2505 1703 2530 libero
1717 2506 1744 2530 in
1759 2514 1798 2534 ea,
1812 2506 1844 2530 de
1858 2514 1910 2538 qua
1924 2506 2001 2530 licen-

765 2550 829 2575 tiam
842 2550 966 2580 obtinuit,
983 2551 1108 2575 facultate
1123 2558 1215 2583 regere
1231 2550 1317 2583 possit
1319 2567 1999 2575 ...........................

529 2607 617 2633 ”attii
632 2609 664 2633 ³0
732 2608 863 2633 Honorius
878 2608 916 2633 III
930 2608 963 2632 ad
979 2608 1121 2633 Robertum
1140 2607 1379 2641 archiepiscopum,
1396 2607 1536 2640 Rogerinm
1555 2608 1684 2632 decanum
1704 2611 1731 2632 at
1749 2611 1881 2632 cantorem
1902 2608 2000 2632 Rotho-

763 2661 903 2685 magenses
922 2652 1079 2677 sententiam
1097 2652 1375 2677 excommunicationis
1389 2652 1421 2676 de
1435 2651 1597 2676 scholarium
1611 2651 1839 2684 conjurationibus
1857 2652 1892 2676 ab
1910 2652 2000 2677 Odone

762 2697 888 2730 episcopo
905 2700 932 2722 et
950 2697 1095 2722 Octaviano
1114 2700 1200 2729 apost.
1221 2697 1292 2721 sedis
1311 2697 1399 2729 legato
1420 2697 1502 2721 latam
1522 2700 1548 2721 et
1569 2696 1720 2729 nuperrime
1740 2705 1756 2720 a
1778 2696 1854 2721 Petro
1875 2697 2000 2729 episcopo

763 2741 848 2767 Paris.
864 2741 1026 2770 innovatam,
1042 2741 1146 2766 irritam
1165 2741 1283 2766 declarat
1285 2758 1998 2767 ............................

541 2798 602 2824 unii
618 2799 646 2823 11
731 2799 863 2824 Honorius
878 2799 915 2824 III
930 2799 1023 2823 scribit
1038 2799 1155 2823 Ilervaoo
1169 2799 1304 2831 episcopo.
1320 2798 1454 2831 Stephano
1468 2798 1567 2822 decano
1580 2802 1607 2823 et
1620 2798 1721 2823 cantori
1736 2798 1911 2823 Trocensibus
1930 2799 1998 2822 circa

761 2843 872 2868 eandem
886 2851 1004 2872 cansam,
1018 2843 1156 2867 declarans
1170 2843 1272 2867 litteras
1285 2842 1422 2868 Octaviani
1435 2842 1554 2875 episcopi
1567 2842 1714 2867 llostiensis
1728 2842 1762 2867 ab
1776 2843 1900 2875 episcopo
1915 2843 1996 2867 Paris.

763 2896 814 2913 non
829 2888 949 2921 potuisse
963 2888 989 2912 in
1006 2888 1120 2912 medium
1136 2887 1259 2920 proferri.
1276 2887 1383 2912 nand-t
1397 2887 1506 2919 insuper
1519 2890 1549 2911 ut
1563 2887 1691 2912 sententia
1711 2891 1801 2911 contra
1817 2887 1959 2919 magistros
1974 2891 1998 2911 ot

764 2932 899 2957 scholares
927 2931 1090 2957 parisienses
1118 2940 1134 2956 a
1156 2931 1315 2956 cancellario
1340 2931 1395 2956 lata
1421 2931 1551 2956 habeatnr
1578 2931 1662 2956 irrita.
1689 2931 1864 2964 Reprehendit
1887 2931 1997 2963 rigorem

762 2977 890 3010 injustum
900 2976 1061 3006 cancellarii,
1072 2979 1098 3001 et
1108 2976 1223 3009 injungit
1236 2978 1265 3001 ut
1279 2976 1312 3000 ad
1327 2975 1428 3000 curiam
1441 2975 1530 3000 veniat
1543 2983 1571 3000 se
1586 2975 1674 3008 ipsum
1687 2975 1709 3000 si
1722 2976 1807 3008 possit
1815 2979 1995 3000 excusaturus.

2028 419 2097 452 655

2070 593 2098 615 74

2071 735 2103 758 75

2070 877 2102 900 76

2069 1019 2101 1043 77

2069 1117 2102 1140 77

2069 1260 2103 1282 78

2068 1313 2102 1335 80

2068 1498 2111 1522 81v

2067 1597 2100 1620 82

2066 1694 2099 1717 82

2064 1837 2095 1860 ⁸3

2062 2024 2093 2047 84

2062 2215 2094 2237 85

2060 2405 2092 2428 85

2061 2550 2091 2574 ⁸7

2060 2742 2089 2765 87
