2580 3528
433 352 496 384 140
1016 364 1338 386 CHARTULARIUM
1373 365 1564 387 Umvssns.
1601 365 1730 387 rmus.
2213 356 2310 397 [1231

433 436 670 482 precipiendo
701 438 927 479 mandantes,
958 438 1129 483 quatinus
1159 438 1327 471 homines
1357 445 1440 472 tuos
1475 439 1519 472 de
1549 438 1668 485 burgo
1704 440 1824 473 Sancti
1858 440 2030 473 Germani
2061 452 2126 485 pro
2157 452 2243 485 pace
2272 452 2312 473 ac

433 504 627 538 securitate
655 505 849 538 scolarium
878 505 922 538 ad
949 505 1009 538 illa
1033 506 1279 551 constringas,
1308 506 1352 538 ad
1373 518 1443 551 que
1469 506 1568 540 cives
1589 506 1816 540 Parisienses
1832 518 1897 552 per
1918 506 2040 552 regale
2057 507 2311 553 privilegiu1n¹

433 578 517 604 sunt
552 571 704 614 astricti,
742 572 948 605 mandatum
986 579 1151 605 nostrum
1190 572 1309 605 taliter
1345 572 1576 618 impleturus,
1606 573 1703 618 quod
1738 573 1877 606 eisdem
1904 573 2108 607 scolaribus
2138 586 2212 607 non
2242 581 2311 607 tam

434 638 653 671 necessitate
675 651 780 684 quam
802 639 987 672 voluntate
1009 639 1186 672 exhibens
1208 646 1241 672 te
1263 639 1496 672 favorabilem
1519 646 1554 673 et
1574 639 1774 685 benignum
1796 640 1918 674 divine
1938 652 1977 673 ac
1998 647 2123 674 nostre
2144 641 2259 686 gratie
2279 647 2312 674 te

432 705 564 738 reddas
586 706 715 739 merito
737 706 926 751 aptiorem.
950 707 1028 739 Dat.
1053 706 1218 739 Laterani
1240 706 1289 739 id.
1311 706 1464 752 Aprilis,
1487 706 1718 752 pontificatus
1739 707 1856 740 nostri
1876 719 1970 740 anno
1992 708 2131 752 quinto.

527 804 663 835 Originale
684 804 709 827 in
726 804 802 827 Arch.
816 807 868 827 nnt.
886 804 970 828 Paris.
988 805 1014 828 L.
1028 806 1082 832 242,
1100 809 1129 827 n⁰
1145 806 1182 828 78.
1199 805 1276 827 Bulla
1291 804 1416 835 plumbea
1431 804 1483 827 filis
1499 805 1609 828 cannah.
1627 804 1795 836 appenditur.
1816 806 1845 828 In
1861 814 1955 829 aversa
1969 805 2140 829 membrana:
2161 815 2172 830 «
2191 806 2313 838 magistri

434 848 574 871 Alexandri
592 859 612 872 π.
630 849 704 872 Certe
720 849 769 872 iste
784 849 912 880 magister
928 849 977 872 suit
993 857 1061 872 unus
1077 857 1107 872 cx
1127 849 1190 877 illis,
1207 858 1272 880 quos
1284 849 1359 880 juxta
1375 849 1529 872 mandatum
1544 857 1630 880 papae
1645 850 1675 872 10
1689 849 1750 872 Maii
1765 849 1827 873 anni
1842 850 1903 873 1230
1918 850 2083 874 Universitas
2103 850 2261 874 Parisiensis
2279 851 2312 874 ad

433 893 521 916 sedem
541 894 715 925 apostolicam
737 902 786 925 pro
807 894 920 924 negotiis
942 894 997 916 suis
1019 893 1170 917 destinavit.
1196 894 1269 917 Sicut
1293 893 1422 924 magistro
1443 891 1584 918 Guillelino
1604 894 1837 923 Autissiodorensi,
1857 894 1894 917 sic
1914 898 1939 918 et
1957 903 2027 926 mag.
2043 895 2189 918 Alexandro
2209 895 2313 927 aliquae

431 938 560 969 epistolae
571 938 732 970 apostolicae
747 947 796 969 pro
808 938 987 961 Universitatc
1003 938 1140 961 debentur.
1158 938 1222 961 Vide
1238 941 1327 961 notam
1340 939 1373 961 ad
1389 939 1575 961 documentum
1589 943 1619 961 n⁰
1634 939 1671 962 79.
1683 952 1714 956 ——
1724 939 1753 962 In
1768 939 1888 970 margine
1902 947 1917 962 a
1931 942 2006 970 tergo
2021 939 2133 971 legitur:
2147 948 2159 963 ((
2176 939 2314 964 Sex-ibatur

431 983 611 1006 conservatori
626 986 726 1011 nostro,
746 986 776 1006 ut
796 983 939 1014 compellat
955 982 1116 1014 justitiarios
1136 982 1263 1006 hahentes
1285 982 1404 1006 homines
1426 983 1452 1006 in
1474 983 1580 1006 civitate
1599 983 1743 1006 Parisiensi
1762 986 1788 1007 et
1806 983 1833 1006 in
1854 983 1990 1007 suburbiis
2010 983 2124 1007 civitatis
2145 984 2312 1014 Purisiensis,

431 1028 501 1059 quod
518 1027 616 1051 saciant
629 1027 749 1051 homines
766 1036 827 1050 suos
842 1027 932 1059 jurare.
948 1027 1016 1051 sicut
1031 1030 1153 1050 tenentur
1165 1027 1256 1059 jurare
1270 1027 1390 1050 homines
1406 1027 1477 1059 regis
1493 1036 1514 1051 n.
1533 1028 1601 1052 Haec
1619 1028 1719 1059 scripta
1739 1031 1800 1051 sunt
1818 1028 1922 1052 nomine
1942 1028 2129 1052 Universitatis
2145 1029 2312 1058 Parisicnsi85

429 1073 456 1096 in
472 1073 546 1104 cujus
562 1072 674 1096 Archivo
694 1073 744 1095 hae
758 1073 862 1095 litterae
882 1072 946 1095 olim
967 1072 1114 1100 exstabant,
1131 1080 1196 1103 quas
1219 1080 1279 1095 cum
1299 1072 1351 1095 ista
1371 1072 1498 1104 petitione
1513 1072 1679 1096 Universitus
1702 1072 1752 1096 sub
1774 1072 1924 1096 Innocentio
1940 1073 1973 1096 lv
1987 1073 2020 1096 ad
2035 1073 2209 1105 apostolicam
2224 1074 2313 1097 sedem

430 1118 511 1145 misit,
529 1121 557 1140 ut
572 1126 602 1140 cx
617 1117 713 1140 litteris
734 1117 813 1148 hujus
833 1117 967 1148 pontificis
989 1117 1051 1140 anni
1072 1117 1142 1145 1246,
1163 1117 1236 1140 Junii
1256 1118 1294 1145 24,
1317 1117 1473 1140 concludere
1492 1117 1627 1141 debemus.
1644 1117 1708 1141 Vide
1728 1117 1797 1141 infra
1818 1118 1850 1141 ad
1866 1122 1896 1140 n⁰
1910 1118 1963 1141 113.
1979 1131 2010 1135 —
2024 1118 2087 1142 Cod.
2102 1118 2160 1141 Vnt.
2177 1119 2241 1150 neg.
2256 1119 2312 1148 406,

432 1163 475 1186 fol.
494 1163 531 1185 10.
549 1162 617 1185 Bibl.
635 1162 767 1194 Phillipps
784 1162 810 1185 in
827 1162 1008 1190 Cheltenhum,
1024 1170 1074 1185 ms.
1091 1162 1146 1190 876,
1163 1162 1207 1185 sol.
1225 1162 1262 1185 11.
1279 1176 1307 1180 -
1323 1162 1447 1191 Bulaeus,
1464 1162 1509 1190 111,
1527 1163 1580 1186 144.

526 1247 547 1269 l.
565 1247 613 1269 Per
628 1246 799 1278 privilegium
815 1246 932 1278 Philippi
948 1246 1059 1278 Augusti
1075 1254 1090 1269 a
1105 1246 1238 1270 Ludovico
1253 1247 1287 1270 lx
1301 1250 1465 1270 renovatum.

429 1420 508 1456 82.
538 1429 689 1463 Gregorius
713 1430 757 1453 IX
767 1428 938 1454 Ludovicum
961 1437 1054 1463 regem
1077 1429 1251 1454 Francorum
1272 1428 1412 1461 hortatur,
1437 1432 1467 1454 ut
1484 1429 1699 1465 progenitorum
1714 1437 1830 1455 suorum
1850 1428 1999 1465 exemplar
2018 1432 2132 1455 secutus
2146 1438 2178 1455 se
2196 1428 2311 1455 schola-

519 1478 599 1503 ribus
614 1477 832 1503 Parisiensibus
848 1477 1038 1511 favorabilem
1054 1486 1088 1503 ac
1106 1477 1256 1512 benignum
1272 1477 1409 1503 exhibeat
1424 1482 1451 1503 et
1466 1478 1508 1504 eis
1519 1477 1701 1514 privilegium
1715 1477 1846 1514 Philippi
1859 1478 1984 1513 Augusti
1998 1478 2116 1504 innovet.

1642 1567 1723 1601 1231,
1739 1567 1830 1600 Aprilis
1845 1568 1882 1598 74,
1898 1568 2025 1594 Laterani.

520 1642 725 1688 Gregorius
756 1642 952 1687 episcopus
983 1653 1113 1675 servus
1144 1654 1333 1675 servorum
1361 1642 1427 1674 Dei
1458 1642 1647 1675 carissimo
1678 1642 1715 1674 in
1750 1642 1897 1676 Christo
1931 1642 2006 1675 filio
2026 1669 2046 1675 ..
2066 1642 2198 1675 illustri
2233 1643 2311 1688 regi

432 1711 651 1742 Francorum
675 1709 826 1742 salutem
850 1715 883 1742 et
901 1709 1135 1754 apostolicam
1158 1708 1465 1742 benedictionem.
1489 1710 1624 1742 Parens
1646 1709 1879 1742 scientiarum
1902 1709 2062 1742 Parisius
2082 1709 2182 1743 velut
2201 1709 2312 1743 altera

430 1776 574 1811 Cariath
610 1776 762 1821 Sephcr,
798 1776 924 1809 civitas
958 1776 1174 1817 litterarum,
1209 1788 1289 1809 cara
1324 1776 1449 1817 claret,
1478 1788 1607 1821 magna
1638 1776 1800 1821 quidem,
1831 1776 1896 1809 sed
1925 1776 1969 1809 de
1997 1788 2036 1808 se
2066 1777 2200 1821 majora
2229 1776 2313 1809 facit

430 1844 545 1889 optari
576 1842 794 1876 docentibus
823 1850 856 1876 et
891 1842 1120 1876 discentibus
1149 1843 1322 1888 gratiosa,
1354 1843 1390 1875 in
1421 1855 1490 1888 qua
1524 1843 1649 1888 utique
1684 1850 1861 1888 tamquam
1891 1843 1928 1875 in
1959 1843 2100 1876 officina
2135 1843 2310 1888 sapientie

430 1910 579 1956 speciali
601 1910 709 1943 habet
729 1917 920 1955 argentum
941 1922 1114 1943 venarum
1137 1922 1283 1943 suarum
1305 1910 1496 1955 principia,
1519 1917 1554 1943 et
1573 1922 1660 1943 auro
1682 1910 1785 1943 locus
1806 1916 1861 1943 est
1882 1910 1919 1943 in
1940 1922 2011 1955 quo
2032 1910 2099 1943 rite
2119 1910 2309 1952 conflatur,

430 1990 473 2011 ex
495 1977 628 2022 quibus
659 1977 860 2022 prudentes
891 1976 1028 2022 eloquii
1057 1977 1190 2010 mistici
1220 1977 1431 2010 murenulas
1461 1989 1589 2010 aureas
1618 1976 1872 2010 vermiculatas
1901 1983 2052 2022 argento
2078 1977 2254 2010 cudentes
2277 1983 2314 2011 et

430 2044 649 2078 fabricantes
680 2044 828 2077 monilia
863 2050 987 2077 ornata
1018 2043 1201 2089 lapidibus
1232 2044 1419 2089 pretiosis,
1450 2044 1560 2077 inimo
1591 2043 1682 2076 nulli
1712 2044 1829 2089 pretio
1857 2043 2110 2089 comparandis
2141 2055 2312 2089 sponsam

432 2112 568 2146 Christi
591 2112 765 2144 decorant
786 2118 821 2144 et
841 2111 1027 2144 decorant.
1051 2110 1105 2143 lbi
1126 2111 1261 2143 serrum
1285 2111 1329 2143 de
1351 2117 1445 2144 terra
1466 2110 1619 2153 tollitur,
1642 2110 1725 2156 quia
1746 2110 1831 2143 dum
1853 2117 1996 2145 terrena
2018 2110 2194 2156 fragilitas
2214 2111 2311 2145 forti-

432 2179 558 2212 tudine
580 2178 771 2219 solidatur,
794 2178 905 2211 lorica
928 2178 1026 2219 fidei,
1049 2178 1194 2223 gladius
1217 2178 1368 2223 spiritus
1390 2184 1424 2210 et
1445 2184 1565 2211 cetera
1587 2177 1673 2210 inde
1696 2177 1736 2210 fit
1754 2177 1951 2210 christiane
1971 2177 2100 2210 militie
2119 2184 2309 2219 armatura,

430 2252 561 2291 potens
582 2246 759 2279 adversus
779 2257 903 2278 aereas
924 2251 1135 2290 potestates.
1159 2246 1200 2277 Et
1218 2244 1310 2289 lapis
1330 2244 1450 2278 calore
1472 2244 1615 2277 solutus
1636 2244 1673 2277 in
1694 2256 1734 2277 es
1754 2244 1920 2286 vertitur,
1938 2244 2021 2289 quia
2041 2244 2151 2277 corda
2171 2244 2311 2290 lapidea

433 2313 553 2346 Sancti
576 2312 733 2358 Spiritus
762 2311 875 2344 afflata
904 2312 1047 2345 fervore
1076 2311 1161 2344 dum
1189 2311 1328 2352 ardent,
1354 2311 1555 2344 incendunt
1575 2317 1610 2344 et
1630 2310 1720 2344 siunt
1741 2311 1989 2356 predicatione
2017 2323 2163 2352 sonora,
2185 2323 2312 2356 preco-

431 2380 551 2413 nantia
572 2379 700 2412 laudes
721 2378 870 2412 Christi.
894 2379 1013 2421 Quare
1035 2390 1108 2411 non
1130 2384 1186 2411 est
1206 2377 1371 2419 dubium,
1396 2378 1484 2423 quin
1509 2378 1586 2411 Deo
1610 2384 1646 2411 et
1671 2377 1882 2411 hominibus
1908 2377 2067 2423 graviter
2087 2377 2310 2423 displiceret,

433 2447 601 2491 quisquis
619 2446 655 2478 in
672 2446 815 2479 civitate
838 2445 999 2491 predicta
1020 2445 1170 2491 gratiam
1189 2452 1256 2478 tam
1276 2445 1458 2490 insignem
1481 2445 1660 2478 niteretur
1680 2445 1862 2478 ullatenus
1883 2444 2089 2477 disturbare
2104 2444 2162 2478 vel
2182 2444 2311 2478 distur-

433 2513 604 2546 bantibus
627 2525 665 2545 sc
688 2524 752 2557 pro
770 2512 911 2545 viribus
933 2524 1005 2545 non
1027 2519 1230 2557 opponeret
1251 2519 1418 2558 potenter
1435 2512 1540 2545 etiam
1563 2518 1598 2545 et
1618 2518 1793 2558 patenter.
1813 2511 1918 2545 Unde
1934 2523 2014 2544 cum
2037 2523 2147 2556 super
2167 2510 2312 2544 dissen-

435 2580 538 2613 sione
565 2579 615 2611 ibi
637 2579 783 2612 diabolo
813 2579 1010 2624 instigante
1040 2578 1202 2620 suborta,
1235 2579 1394 2611 studium
1427 2579 1626 2612 enormiter
1655 2578 1896 2619 disturbante,
1926 2577 2139 2622 questiones
2169 2578 2212 2610 ad
2243 2590 2311 2611 nos

435 2646 573 2679 delatas
594 2645 842 2678 audiverimus
864 2645 1075 2690 diligenter,
1097 2657 1157 2678 eas
1179 2645 1301 2690 potius
1318 2645 1541 2690 provisionis
1562 2645 1809 2678 moderamine
1830 2656 1935 2689 quam
1950 2643 2116 2689 judiciali
2132 2644 2311 2678 sententia

434 2713 478 2745 de
500 2713 648 2745 fratrum
671 2718 880 2744 nostrorum
907 2711 1063 2743 consilio
1091 2711 1260 2744 duximus
1289 2711 1498 2756 sopiendas.
1526 2711 1617 2754 Quia
1643 2723 1730 2744 vero
1750 2711 1842 2743 sicut
1864 2710 2017 2743 interest
2036 2710 2138 2755 regie
2163 2710 2312 2743 celsitu-

435 2780 544 2821 dinis,
568 2786 605 2812 ut
627 2779 662 2811 in
684 2779 826 2811 civitate
849 2778 926 2823 ipsa
948 2778 1107 2811 studium
1130 2778 1166 2810 in
1188 2784 1318 2810 statum
1342 2778 1534 2823 pristinum
1557 2778 1787 2819 reformetur,
1810 2777 1856 2810 ita
1877 2783 1913 2810 et
1931 2776 2062 2809 honori
2083 2783 2144 2809 tuo
2166 2777 2312 2822 expedit

435 2854 471 2880 et
491 2846 612 2887 saluti,
634 2852 671 2878 ut
693 2857 762 2890 que
785 2857 849 2890 per
870 2856 937 2877 nos
963 2844 1108 2889 provisa
1130 2851 1227 2886 sunt,
1249 2844 1378 2877 affectu
1405 2851 1439 2877 et
1459 2844 1589 2877 effectu
1615 2843 1786 2877 benivolo
1808 2843 2057 2889 prosequaris,
2079 2844 2310 2878 serenitatem

436 2921 530 2948 tuam
553 2924 737 2959 rogamus,
756 2923 946 2945 monemus
968 2918 1003 2944 et
1022 2910 1209 2944 hortamur
1230 2911 1266 2943 in
1288 2911 1458 2953 Domino,
1480 2911 1650 2956 quatinus
1670 2910 1945 2956 progenitorum
1967 2917 2109 2943 tuorum
2133 2917 2310 2956 sequutus
