2580 3528
450 400 516 432 266
1026 407 1344 430 CHARTULARIUM
1383 405 1570 427 univeus.
1608 403 1738 427 mnis.
2224 394 2324 435 [1254

450 538 561 576 239.
585 548 766 574 Innocentius
782 549 826 574 IV
835 550 944 583 conseri
965 547 1076 573 cantori
1090 545 1255 572 Beluae-ensi
1271 548 1298 570 et
1312 543 1435 569 Roherto
1451 543 1487 568 de
1501 544 1600 568 Duaco
1620 541 1792 576 facultatem
1807 541 1955 568 scholares
1971 545 1998 568 et
2011 541 2142 568 doctores
2157 542 2322 578 inducendi,

540 600 570 622 ut
591 596 773 622 contribuant
789 605 843 633 pro
864 600 931 622 rata
950 595 1078 630 singulos
1098 595 1275 628 contingente
1302 593 1329 618 in
1352 592 1467 627 debitis,
1493 599 1568 626 quae
1590 590 1740 616 occasione
1762 590 1942 626 quaestionis
1965 599 2027 617 cum
2047 591 2191 626 fratribus
2214 591 2321 619 Pracd.

538 646 633 671 Paris.
651 649 856 671 contraxerunt
871 649 898 671 et
912 644 1007 670 adhuc
1022 643 1201 670 contrahunt.

1633 689 1711 719 7254,
1726 688 1835 721 Augusti
1846 689 1886 719 31,
1901 688 2036 722 Anagniae.

540 773 773 806 Innocentius
802 773 996 817 episcopus
1029 782 1157 803 servus
1188 780 1377 802 servorum
1407 768 1474 801 Dei
1501 767 1645 800 dilectis
1675 767 1761 801 filiis
1793 794 1814 800 ..
1842 769 1980 801 cantori
2010 768 2166 802 ecclesie
2194 769 2322 803 Belva-

450 840 588 873 censis¹
611 846 646 872 et
665 839 837 884 magistro
860 837 1017 870 Roberto
1039 837 1082 869 de
1104 837 1225 868 Duaco
1247 835 1422 868 canonico
1445 834 1708 868 Silvanectensi
1729 834 1883 868 salutem
1903 841 1939 868 et
1957 835 2192 881 apostolicam
2213 835 2321 870 bene·

450 906 657 939 dictionem.
687 907 739 937 Ex
759 911 858 949 parte
879 902 1124 937 univcrsitatis
1150 902 1407 947 magistrorum
1430 907 1466 934 et
1485 900 1679 934 scolarium
1701 901 1961 935 Parisiensium
1983 902 2051 935 fuit
2074 901 2182 936 nobis
2202 902 2321 936 humi—

448 972 530 1004 liter
556 971 810 1016 supplicatum,
840 977 878 1003 ut
907 982 986 1002 cum
1019 969 1142 1002 eadem
1174 968 1401 1001 Universitas
1432 968 1625 1001 occasione
1653 968 1875 1013 questionis,
1907 980 1977 1014 que
2007 969 2102 1002 inter
2130 969 2245 1015 ipsam
2277 981 2322 1003 ex

446 1045 543 1083 parte
573 1050 654 1078 una,
684 1044 718 1070 et
743 1037 896 1069 dilectos
921 1036 1054 1069 filios..
1073 1035 1231 1080 priorem
1259 1041 1294 1068 et
1323 1041 1542 1068 conventum
1571 1035 1721 1067 fratrum
1751 1035 2023 1068 Predicatorum
2053 1035 2317 1069 Parisiensium

446 1116 555 1149 super
580 1104 688 1137 certis
715 1103 876 1136 articulis
905 1115 947 1135 ex
972 1102 1083 1135 altera
1108 1101 1274 1143 vertitur,
1301 1101 1477 1134 nonnulla
1505 1101 1660 1134 subierit
1680 1108 1716 1134 et
1734 1101 1851 1135 adhuc
1879 1101 1976 1135 illam
2003 1101 2128 1135 subire
2152 1109 2318 1148 oporteat

445 1183 554 1203 onera
571 1182 823 1215 expensarum,
840 1182 880 1202 ac
901 1175 1049 1214 propter
1065 1168 1133 1201 hoc
1154 1174 1279 1201 mutuo
1301 1168 1482 1214 receperit
1497 1180 1571 1201 non
1587 1168 1764 1202 modicam
1787 1168 1941 1214 pecunie
1962 1169 2228 1214 quantitatem’,
2249 1180 2317 1204 nec

443 1237 572 1270 habeat
590 1237 687 1269 unde
708 1235 951 1269 creditoribus
977 1235 1054 1268 suis
1075 1235 1281 1277 satisfaciat,
1304 1235 1376 1268 nisi
1396 1234 1458 1268 fiat
1477 1234 1521 1268 ad
1541 1234 1609 1268 hoc
1636 1235 1841 1269 communis
1867 1235 2089 1270 contributio
2109 1242 2181 1269 tam
2202 1236 2318 1270 scola—

443 1304 535 1336 rium
562 1310 597 1336 et
622 1303 841 1343 auditorum,
870 1315 975 1348 quam
1004 1302 1193 1335 doctorum
1221 1302 1258 1334 in
1286 1301 1411 1335 eadem
1439 1301 1663 1335 studentium
1687 1302 1842 1344 civitate,
1870 1302 2064 1348 providere
2089 1303 2208 1337 eidem
2229 1303 2319 1337 Uni-

441 1370 603 1404 versitati
637 1382 748 1415 super
780 1369 849 1403 hoc
881 1369 1079 1414 apostolica
1113 1369 1361 1402 sollicitudine
1395 1380 1618 1402 curaremus.
1655 1369 1816 1414 Ideoque
1850 1369 2064 1403 discretioni
2097 1376 2218 1404 vestre
2252 1382 2319 1416 per

441 1437 639 1482 apostolica
666 1437 798 1482 scripta
826 1436 1051 1478 mandamus,
1079 1436 1249 1481 quatinus
1277 1435 1439 1469 scolares
1466 1443 1502 1469 et
1521 1436 1708 1469 auditores
1731 1448 1770 1469 ac
1791 1436 1961 1470 doctores
1986 1436 2100 1482 ipsos,
2123 1443 2163 1470 ut
2181 1437 2318 1471 contri-

441 1504 555 1536 buant
587 1516 653 1548 pro
683 1510 756 1536 rata
789 1503 957 1548 singulos
991 1503 1228 1548 contingente
1262 1502 1380 1536 eidem
1415 1503 1651 1536 Universitati
1682 1503 1718 1535 in
1750 1502 1883 1536 debitis
1916 1510 2082 1549 pretextu
2112 1504 2317 1549 questionis

442 1570 649 1615 hujusmodi
672 1571 866 1603 contractis
887 1577 923 1603 et
943 1571 1047 1603 etiam
1074 1569 1333 1603 contrahendis
1354 1577 1390 1603 et
1409 1570 1581 1615 expensis
1606 1570 1710 1603 factis
1731 1577 1767 1603 et
1790 1570 1981 1612 faciendis,
2002 1582 2068 1616 per
2086 1582 2153 1604 vos
2172 1570 2231 1605 vel
2251 1582 2318 1617 per

441 1637 531 1670 alios
552 1637 728 1670 moneatis
749 1637 957 1682 diligenter,
975 1649 1013 1670 ac
1034 1636 1226 1670 efficaciter
1242 1637 1423 1670 inducatis
1443 1637 1546 1682 ipsos
1567 1637 1611 1670 ad
1631 1637 1669 1670 id
1690 1637 1720 1670 si
1739 1648 1893 1670 necesse
1912 1637 2024 1670 fuerit
2040 1649 2106 1683 per
2123 1649 2316 1672 censuram

441 1703 721 1737 ecclesiasticam
751 1703 992 1749 appellatione
1020 1704 1224 1749 postposita
1256 1703 1524 1749 compellendo,
1551 1715 1625 1737 non
1655 1703 1836 1746 obstante,
1866 1704 1897 1737 si
1926 1704 2096 1749 personis
2130 1704 2315 1750 aliquibus

440 1783 458 1803 a
488 1771 574 1803 sede
608 1770 806 1815 apostolica
840 1771 887 1803 sit
915 1770 1108 1812 indultum,
1145 1770 1243 1816 quod
1277 1782 1342 1816 per
1375 1770 1514 1819 litteras
1544 1770 1644 1804 sedis
1678 1771 1796 1816 ipsius
1829 1771 2019 1816 suspendi,
2051 1771 2221 1804 interdici
2254 1778 2316 1805 aut

441 1837 742 1870 excommunicari
772 1849 844 1870 non
873 1838 1027 1882 possint,
1059 1838 1130 1871 nisi
1160 1837 1267 1883 plena
1288 1844 1324 1870 et
1349 1849 1522 1883 expressa
1551 1838 1589 1870 in
1619 1837 1672 1870 eis
1699 1837 1744 1871 de
1771 1837 1914 1871 indulto
1941 1837 2153 1883 hujusmodi
2179 1838 2315 1872 mentio

439 1904 624 1937 habeatur.
647 1904 753 1947 Quod
781 1905 811 1937 si
837 1917 909 1937 non
931 1904 1035 1937 ambo
1056 1904 1128 1938 hiis
1155 1904 1380 1950 exequendis
1401 1904 1594 1950 potueritis
1619 1905 1814 1946 interesse,
1840 1904 1931 1938 alter
1949 1911 2111 1938 vestrum
2133 1917 2173 1938 ea
2198 1904 2315 1939 nichi-

440 1971 598 2004 lominus
619 1978 827 2016 exequatur.
851 1973 928 2004 Dat.
950 1972 1117 2018 Anagnie
1137 1972 1161 2017 ij
1180 1972 1249 2005 kal.
1273 1971 1511 2017 Septembris,
1533 1971 1766 2017 pontificatus
1786 1971 1903 2005 nostri
1922 1983 2017 2005 anno
2031 1971 2262 2005 duodecimo.

533 2068 667 2100 Originale
689 2069 715 2091 in
740 2069 816 2092 Arch.
840 2073 892 2092 nat.
916 2069 999 2093 Paris.
1021 2070 1048 2093 L.
1073 2071 1127 2098 248,
1153 2074 1182 2093 11⁰
1204 2070 1258 2093 261.
1284 2070 1361 2093 Bulla
1381 2069 1507 2101 plumbea
1525 2069 1578 2093 filis
1602 2069 1712 2093 cannab-
1737 2069 1907 2101 appenditur.
1923 2083 1955 2087 -—
1973 2069 2003 2093 In
2022 2069 2177 2093 membrana
2196 2077 2311 2093 aversa:

441 2121 452 2136 t(
468 2113 539 2136 finnt.
554 2113 585 2136 de
601 2113 734 2137 Sabaudin
749 2122 771 2137 ».
787 2114 913 2137 Exstahat
927 2114 954 2137 in
969 2114 1045 2138 Arch.
1062 2114 1184 2138 Univers.
1200 2128 1233 2133 —
1246 2114 1374 2138 Biblioth.
1395 2114 1527 2146 phillipps
1543 2114 1570 2137 in
1588 2114 1770 2143 Cheltenham,
1785 2122 1834 2138 ms.
1851 2115 1906 2143 876,
1921 2114 1965 2138 fol.
1988 2114 2044 2140 19¹².
2059 2114 2146 2139 Μόνη.
2162 2115 2197 2139 de
2209 2114 2239 2139 la
2250 2114 2310 2139 Soc.

439 2159 472 2182 de
487 2158 569 2182 l’hist.
582 2159 615 2182 de
626 2158 712 2182 Paris
727 2162 753 2183 et
766 2160 799 2182 de
812 2158 1055 2188 l'fle-de-France‚
1071 2159 1100 2188 X,
1117 2160 1171 2183 259.
1187 2173 1218 2176 —
1233 2159 1272 2183 Cf.
1287 2162 1376 2183 notam
1391 2159 1424 2182 nd
1439 2159 1579 2190 epistolam
1594 2159 1804 2190 praecedentem.

534 2243 556 2266 1.
574 2243 657 2265 Istum
672 2246 805 2266 cantorem
820 2243 1005 2267 Belvucensem
1020 2244 1090 2267 haud
1106 2244 1182 2268 facile
1197 2245 1289 2268 credas
1305 2252 1363 2268 esse
1378 2244 1550 2268 Guillelmum
1564 2244 1596 2267 de
1615 2244 1641 2267 S.
1655 2244 1757 2272 Amore,
1774 2246 1803 2266 ut
1817 2251 1848 2267 ex
1862 2243 1975 2275 epistola
1989 2243 2059 2267 infra
2073 2248 2103 2267 n⁰
2115 2244 2160 2267 263
2176 2242 2313 2275 publicata

439 2286 566 2317 conjicere
585 2295 736 2318 possumus,
753 2296 812 2310 cum
831 2287 857 2310 in
877 2288 1040 2311 documentis
1056 2288 1133 2312 istius
1149 2288 1276 2320 temporis
1291 2297 1315 2312 v.
1333 2297 1360 2320 g.
1376 2296 1458 2320 supra
1473 2292 1502 2311 n⁰
1518 2289 1563 2311 238
1578 2287 1683 2311 nonnisi
1698 2287 1839 2311 canonicus
1855 2288 1959 2311 Belvac.
1974 2287 2133 2312 nominetur.
2148 2287 2184 2311 De
2199 2287 2312 2311 nobem

439 2331 470 2353 de
485 2331 580 2359 Duneo,
596 2331 715 2362 physico,
731 2331 790 2355 vide
805 2331 873 2355 insrn
890 2333 922 2355 ad
939 2337 967 2355 n⁰
982 2333 1037 2357 241.
1052 2347 1083 2350 —
1098 2334 1120 2356 2.
1138 2333 1202 2356 Vide
1221 2337 1251 2356 n⁰
1266 2333 1319 2356 238.

439 2482 574 2520 239⁸.
602 2495 640 2518 He
654 2493 759 2519 scholis
773 2494 802 2519 in
820 2493 923 2520 Clauso
938 2494 1076 2521 Brunelli.

1541 2539 1616 2568 1264,
1631 2547 1721 2565 mense
1735 2539 1854 2572 hugueta,
1870 2538 1890 2573 [
1890 2537 1997 2564 Parisils
1997 2537 2023 2572 J.

528 2609 717 2642 Universis
751 2617 941 2654 presentes
974 2611 1113 2645 litteras
1146 2612 1368 2658 inspecturis
1402 2613 1567 2647 officialis
1601 2613 1702 2647 curie
1735 2613 1849 2646 Paris.
1879 2612 2032 2646 salutem
2067 2611 2103 2644 in
2138 2610 2307 2644 Domino.

439 2675 569 2707 Notum
599 2675 749 2708 facimus
779 2677 875 2720 quod
905 2677 941 2709 in
969 2670 1091 2711 nostra
1119 2680 1303 2724 presentia
1329 2681 1524 2714 constituta
1551 2680 1705 2714 Odelina
1732 2679 1805 2713 filia
1832 2679 1994 2712 defuncti
2022 2677 2191 2711 Richardi
2218 2678 2311 2710 Nor-

439 2741 559 2773 manni
582 2741 782 2783 talliatoris,
809 2743 928 2784 vidua,
955 2746 1169 2790 recognovit
1194 2753 1229 2779 et
1253 2747 1423 2789 asseruit,
1450 2759 1489 2780 se
1515 2746 1728 2780 vendidisse
1754 2753 1790 2779 et
1813 2746 2080 2791 imperpetuum
2110 2744 2309 2790 quitavissc

438 2806 634 2840 Guillelmo
657 2807 700 2840 de
722 2809 929 2854 Bretegnon
957 2811 1129 2844 servienti
1156 2813 1377 2847 venerabilis
1404 2814 1473 2847 viri
1500 2813 1707 2847 cancellarii
1733 2812 1846 2846 Paris.
1870 2819 1905 2846 et
1929 2813 2008 2857 ejus
2028 2810 2228 2844 heredibus
2249 2817 2311 2844 aut

436 2873 480 2905 ab
515 2873 594 2918 ipso
629 2886 771 2907 causam
805 2874 1023 2910 habentibus
1058 2890 1122 2922 pro
1157 2880 1304 2925 triginta
1343 2880 1485 2913 duabus
1523 2880 1629 2913 libris
1662 2879 1855 2926 parisiens.
1886 2880 1960 2924 jam
2000 2878 2118 2911 eidem
2153 2877 2308 2911 Odeline

436 2939 590 2982 traditis,
618 2940 748 2974 solutis
775 2948 809 2974 et
833 2943 1030 2975 numeratis
1055 2945 1286 2987 (renuncians
1315 2959 1488 2992 expresse
1511 2946 1715 2992 exceptioni
1737 2958 1809 2979 non
1832 2951 2018 2979 numerate
2044 2944 2213 2990 pecunie,
2235 2955 2308 2977 non

561 2998 599 3021 34.
