2580 3528
229 407 328 450 1266]
578 418 625 440 AB
658 418 765 441 Anno
799 418 877 441 mcc
902 418 1035 447 usquc
1069 419 1118 441 an
1153 419 1382 442 Pnimrruu
1418 421 1460 443 1v
1493 421 1582 444 nnc..
1620 422 1755 445 rame.
2039 416 2105 448 455

226 491 290 538 qui
322 503 367 526 ex
399 491 454 525 eis
487 503 528 525 se
561 491 764 538 cognitioni
795 491 981 526 maliciose
1011 491 1258 527 subtraxerint
1286 493 1344 527 vel
1378 506 1485 539 opem
1515 494 1674 528 scienter
1708 495 1877 530 dederint
1905 498 2101 542 quominus

225 558 489 592 determinetur
518 558 706 605 negotium
737 558 829 592 infra
858 570 1036 601 mensem,
1067 571 1111 593 eo
1140 560 1222 605 ipso
1252 561 1638 595 excommunicationis
1669 562 1885 595 sententiam
1916 576 2021 608 quam
2056 576 2099 598 ex

223 631 320 659 n'unc
340 625 616 672 promulgamus
635 625 836 668 incurrant,
858 632 892 660 et
917 625 977 660 alii
998 627 1100 672 juxta
1120 626 1271 661 formam
1297 627 1535 673 prescriptam
1562 628 1762 674 procedant
1781 629 2041 664 nichilominus
2062 631 2098 664 in

223 692 366 726 eodem.
397 692 488 727 Cum
516 704 582 739 per
608 692 739 726 dictam
769 693 1109 739 pronunciationem
1139 694 1369 728 manifestum
1395 695 1566 737 extiterit,
1589 707 1660 741 que
1691 702 1726 729 et
1753 696 1871 741 qualis
1900 697 2053 730 emenda
2079 711 2097 731 a

222 758 375 792 nacione
399 770 465 793 seu
492 759 709 794 nacionibus
735 771 880 794 causam
907 759 1159 794 rationabilem
1181 762 1316 806 justam
1345 768 1381 795 et
1407 761 1633 795 manifestam
1661 763 1910 808 separacionis
1934 770 2099 809 prestan-

222 824 320 860 tibus
346 825 408 859 alii
435 826 495 860 vel
520 826 603 860 aliis
630 826 762 860 debeat
787 826 966 870 exhiheri,
994 827 1086 873 ipsis
1111 839 1188 861 eam
1215 827 1513 862 exhibentibus¹⁷
1538 829 1596 863 vel
1617 828 1755 875 absque
1781 842 1882 863 more
1903 830 2098 876 dispendio

221 891 395 926 exhibere
422 893 557 939 paratis
586 905 660 927 non
688 893 796 927 liceat
825 894 968 927 nacioni
998 906 1064 928 seu
1093 894 1323 936 nacionibus,
1350 886 1409 929 cui
1436 895 1494 929 vel
1521 895 1655 941 quibus
1681 896 1834 930 emenda
1861 897 1971 930 suerit
1997 897 2098 931 exhi-

219 958 353 1002 benda,
382 959 427 993 ab
457 960 593 994 unione
622 960 796 994 recedere
809 960 835 978 ²⁸
865 960 1029 995 aliarum.
1065 961 1102 995 Si
1135 968 1255 995 autem
1285 962 1322 995 in
1350 962 1503 996 emende
1533 962 1764 997 exhibicione
1799 963 2028 998 reddiderint
2057 976 2096 998 se

219 1025 388 1060 difficiles
408 1033 445 1061 et
463 1026 636 1069 rebelles,
658 1033 743 1062 tunc
764 1027 908 1062 demum
930 1028 1000 1074 ipsi
1021 1028 1079 1062 vel
1099 1028 1190 1074 ipsis
1210 1028 1318 1063 liceat
1336 1041 1376 1062 se
1396 1029 1440 1062 ab
1460 1029 1556 1072 aliis,
1577 1030 1694 1063 donec
1714 1030 1902 1064 emendam
1925 1031 1963 1064 in
1982 1031 2097 1065 forma

219 1092 383 1139 predicta
409 1099 559 1128 taxatam
587 1094 828 1140 prestiterint,
856 1106 1040 1141 separare,
1068 1107 1140 1140 quo
1161 1107 1248 1129 casu
1269 1096 1500 1130 statuendum
1527 1096 1697 1130 duximus
1722 1097 1820 1143 quod
1850 1097 2002 1143 singuli,
2029 1110 2094 1143 per

219 1171 313 1205 quos
342 1160 496 1200 steterit,
527 1172 593 1194 seu
623 1161 686 1206 qui
719 1173 760 1194 se
795 1161 965 1195 duxerint
998 1162 1240 1207 opponendos
1274 1163 1471 1208 quominus
1500 1163 1653 1197 emenda
1682 1164 1884 1197 secundum
1914 1164 2094 1198 dictorum

218 1226 476 1272 magistrorum
505 1226 695 1261 arbitrium
725 1228 806 1262 sine
835 1228 1046 1262 difficultate
1075 1235 1273 1274 prestetur,
1308 1241 1352 1263 eo
1382 1230 1463 1275 ipso
1494 1231 1880 1264 excommunicationis
1914 1232 2094 1265 sententia

218 1304 325 1339 quam
346 1305 390 1327 ex
415 1305 511 1327 nunc
533 1294 756 1339 proferimus
781 1294 1005 1328 innodentur
1015 1295 1048 1335 ¹⁹,
1075 1307 1145 1340 qua
1169 1295 1272 1341 ligati
1297 1308 1364 1329 nec
1389 1296 1657 1330 licentiatorum
1683 1303 1808 1331 tenere
1829 1297 2007 1344 principia
2026 1310 2094 1332 nec

216 1359 460 1394 licentiandos
493 1360 721 1394 cancellariis
754 1361 898 1395 valeant
931 1368 1156 1407 presentare,
1192 1369 1229 1396 et
1261 1362 1298 1395 in
1332 1362 1414 1396 aliis
1449 1358 1555 1396 etiam
1590 1370 1758 1409 tanquam
1793 1365 2094 1399 excommunicati

216 1426 331 1461 artius
350 1426 544 1461 evitentur.
572 1428 616 1461 Et
639 1427 671 1462 si
696 1428 905 1474 quindecim
931 1428 1011 1462 dies
1037 1428 1074 1461 in
1099 1428 1166 1462 hac
1187 1428 1390 1462 rebellione
1412 1430 1651 1475 perstiterint,
1677 1430 1784 1464 liceat
1804 1430 1998 1465 licentiatis
2023 1431 2092 1466 sub

215 1493 308 1540 ipsis
341 1493 458 1528 libere
487 1493 557 1528 sub
586 1507 660 1528 non
694 1495 1016 1529 excommunicatis
1051 1496 1236 1541 magistris
1270 1496 1445 1542 incipere,
1477 1509 1551 1530 non
1585 1496 1815 1531 obstantibus
1845 1498 1882 1531 in
1912 1498 1980 1532 hoc
2007 1507 2114 1533 casu·

214 1561 395 1595 contraria
414 1561 682 1595 consuetudine
702 1569 738 1596 et
758 1569 905 1596 statuto.
936 1564 980 1596 Et
1004 1563 1150 1597 easdem
1177 1563 1588 1597 excommunicationem
1610 1570 1645 1597 ct
1666 1576 1777 1610 penas
1799 1564 1883 1598 illos
1904 1565 2092 1599 incurrere

214 1626 384 1662 volumus
405 1628 467 1674 qui
486 1634 612 1662 contra
631 1628 880 1662 ordinacionis
902 1635 1027 1663 nostre
1048 1636 1213 1663 tenorem
1235 1642 1275 1663 se
1296 1630 1467 1664 duxerint
1486 1630 1724 1676 separandos,
1747 1642 1885 1677 eosque
1906 1632 1967 1677 qui
1990 1633 2091 1677 juxta

214 1693 365 1728 somnam
391 1695 548 1741 separati
568 1695 806 1742 prescriptam
829 1696 981 1730 emenda
1007 1702 1134 1738 taxata,
1162 1709 1232 1742 qua
1257 1696 1359 1742 ipsos
1379 1703 1572 1731 contentos
1594 1709 1677 1731 esse
1703 1697 1886 1740 volumus,
1909 1698 1979 1732 sibi
2009 1711 2092 1745 pre-

215 1760 298 1795 stita
320 1761 379 1795 vel
403 1761 522 1796 oblata
548 1761 687 1808 absque
713 1762 922 1797 difficultate
942 1763 1001 1798 vel
1022 1775 1122 1797 more
1143 1763 1339 1810 dispendio
1359 1764 1403 1798 ad
1425 1764 1598 1798 unionem
1627 1777 1700 1798 non
1726 1765 1903 1799 redierint
1922 1765 2088 1800 aliorum.

213 1827 320 1872 Quod
340 1828 372 1863 si
397 1829 551 1875 predicti
576 1830 741 1875 magistri
764 1830 823 1864 vel
848 1831 963 1876 major
982 1842 1108 1864 eorum
1135 1843 1219 1877 pars
1240 1831 1470 1877 questionem
1492 1843 1565 1865 non
1587 1831 1792 1865 deciderint
1811 1844 1878 1865 nec
1900 1833 2089 1867 emendam

212 1895 412 1930 laxaverint
430 1895 522 1930 infra
542 1908 718 1939 inensem,
741 1909 785 1931 ex
806 1904 890 1931 tunc
911 1897 1131 1931 Parisiensis
1151 1898 1348 1944 episcopus
1369 1899 1430 1944 qui
1452 1911 1518 1944 pro
1540 1905 1703 1944 tempore
1724 1899 1834 1933 suerit
1853 1906 1923 1933 tam
1945 1900 1989 1933 de
2011 1900 2087 1946 ipsa

212 1962 453 2008 separationis
472 1974 580 1997 causa
605 1975 711 2009 quam
737 1964 782 1998 de
808 1964 961 1998 emenda
987 1964 1149 2010 predicta
1177 1977 1241 1999 sua
1267 1971 1303 1999 et
1327 1972 1451 1999 nostra
1475 1965 1688 1999 auctoritate
1716 1973 1927 2012 cognoscat,
1949 1973 1986 2000 et
2005 1979 2089 2012 pro-

211 2038 320 2063 cessu
349 2040 415 2074 per
443 2029 562 2064 dictos
590 2030 787 2077 magistros
815 2030 938 2065 habito
969 2031 1037 2065 rite
1067 2038 1210 2066 servato
1241 2031 1414 2078 procedat
1442 2032 1480 2065 in
1509 2031 1580 2066 hiis
1611 2032 1782 2066 omnibus
1811 2034 2015 2067 summatim
2043 2034 2088 2067 de

212 2093 320 2140 plano
345 2101 382 2129 et
403 2095 484 2130 sine
511 2097 665 2143 strepitu
689 2097 821 2143 judicii
851 2105 886 2132 et
911 2098 1056 2132 decidat
1079 2105 1189 2144 prout
1213 2099 1384 2145 superius
1412 2106 1469 2133 est
1494 2111 1722 2146 expressum.
1752 2100 1822 2144 Qui
1848 2112 1935 2133 vero
1964 2107 2087 2134 contra

211 2161 329 2207 ipsius
359 2162 523 2209 episcopi
553 2165 892 2210 pronunciationem
920 2177 1032 2211 super
1061 2165 1215 2199 emende
1246 2166 1476 2212 prestacione
1505 2166 1563 2200 vel
1593 2166 1636 2200 ad
1668 2167 1840 2200 unionem
1875 2167 2087 2201 reversione

211 2228 376 2262 venire”
408 2231 713 2277 presumpserint,
748 2232 1135 2266 excommunicationis
1165 2233 1380 2267 sententiam
1411 2239 1448 2267 et
1481 2245 1594 2279 penas
1627 2233 1826 2275 incurrant,
1861 2245 1951 2279 quas
1986 2234 2086 2268 inve-

212 2294 356 2329 nientes
376 2307 489 2342 super
507 2295 579 2331 hiis
599 2304 724 2332 contra
745 2298 1003 2344 magistrorum
1024 2299 1213 2333 arbitrium
1235 2299 1406 2333 duximus
1426 2299 1650 2334 statuendas.

301 2362 345 2396 Et
368 2362 452 2408 quia
477 2363 515 2397 in
540 2363 787 2410 frequenciori
815 2365 1019 2400 mutacione
1045 2366 1320 2412 magistratuum
1347 2366 1452 2400 etiam
1481 2373 1586 2400 tenax
1612 2366 1805 2412 disciplina
1831 2366 2028 2401 resolvitur
2052 2374 2088 2402 et

210 2427 369 2463 admissa
397 2428 564 2464 crebrius
593 2431 798 2465 variacione
828 2432 1040 2478 regencium
1072 2432 1304 2467 subditorum
1335 2432 1577 2478 tranquillitas
1605 2433 1818 2479 dissipatur,
1850 2433 1952 2467 illum
1981 2445 2086 2468 usum

209 2494 298 2541 quin
326 2496 447 2542 potius
473 2496 628 2531 abusum
659 2509 732 2532 non
761 2510 779 2532 a
810 2498 934 2533 multis
961 2505 1058 2533 retro
1089 2498 1317 2545 temporibus
1346 2499 1607 2541 introductum,
1638 2499 1810 2534 videlicet
1839 2500 1937 2546 quod
1967 2507 2087 2535 rector

210 2572 328 2596 novus
355 2562 514 2610 singulis
543 2564 732 2598 mensibus
762 2564 820 2599 vel
849 2576 914 2599 sex
939 2565 1153 2600 ebdomadis
1181 2565 1350 2612 eligatur,
1378 2565 1627 2600 turbacionem
1655 2566 1767 2600 studii
1795 2579 1835 2600 ae
1862 2567 2083 2602 incentivum

209 2628 347 2663 invidie
372 2629 652 2673 ministrantem,
679 2643 831 2677 prorsus
857 2632 1028 2666 duximus
1053 2631 1288 2674 abolendum,
1314 2639 1516 2667 statuentes
1541 2639 1576 2667 et
1600 2633 1814 2667 ordinantes
1841 2634 1940 2680 quod
1968 2641 2088 2668 rector

210 2695 467 2731 Universitatis
487 2704 615 2743 quater
634 2698 671 2732 in
692 2710 799 2740 anno,
822 2698 993 2733 videlicet
1014 2700 1127 2746 prima
1149 2699 1207 2734 die
1229 2699 1370 2746 legibili
1392 2706 1475 2746 post
1498 2700 1630 2734 festum
1652 2699 1747 2734 beati
1769 2701 1939 2742 Dionisii,
1963 2701 2086 2735 ultima

209 2760 269 2796 die
284 2761 426 2809 legibili
446 2770 529 2798 ante
548 2765 756 2800 vacationes
772 2765 999 2800 Nativitatem
1018 2766 1163 2800 Domini
1183 2766 1439 2813 precedentes,
1456 2766 1580 2801 ultima
1602 2766 1661 2800 die
1678 2766 1821 2813 legibili
1842 2774 1924 2802 ante
1940 2768 2087 2802 Annun-

209 2827 401 2864 cintionem
422 2829 526 2865 beate
547 2831 660 2866 Marie
680 2833 860 2879 Virginis,
881 2839 917 2867 et
937 2832 1061 2867 ultima
1083 2833 1142 2868 die
1162 2833 1305 2880 legibili
1323 2840 1404 2868 ante
1423 2834 1555 2867 festum
1574 2834 1777 2868 Nativitatis
1798 2834 1892 2868 beati
1913 2834 2089 2868 Johannis

211 2894 387 2941 Baptiste,
409 2903 444 2931 et
464 2908 538 2932 non
558 2897 711 2944 pluries,
738 2899 908 2946 eligatur,
935 2900 997 2946 qui
1023 2899 1181 2934 officium
1208 2900 1364 2934 rectorie
1389 2899 1505 2934 libere
1532 2911 1703 2934 exercere
1724 2900 1840 2935 valeat
1862 2913 1926 2946 per
1947 2906 2090 2946 tempus

209 2972 279 2995 suo
299 2962 470 3009 regimini
490 2963 716 3011 deputatum,
738 2966 809 3000 nisi
830 2967 922 3001 sorte
944 2966 1064 3013 culpis
1085 2967 1164 3001 suis
1185 2966 1418 3013 exigentibus
1439 2967 1531 3001 infra
1553 2973 1697 3013 tempus
1720 2967 1839 3013 ipsum
1861 2968 1962 3012 juste
1983 2978 2091 3012 appa-
