2580 3528
466 675 513 698 329

467 826 513 848 330

467 932 510 955 331

467 1085 512 1108 332

467 1192 512 1214 333

466 1299 511 1321 334

466 1406 510 1427 335

465 1556 510 1578 336

464 1707 509 1730 337

465 1814 510 1836 338

465 1965 510 1987 339

465 2119 511 2143 340

466 2227 508 2250 341

468 2472 512 2494 342

472 2670 516 2692 343

474 2825 518 2847 3414

785 523 912 547 Jnnuario

781 674 925 698 Februario

750 825 835 849 Martii
852 828 865 847 5
880 828 905 848 et
921 825 949 847 14

790 931 886 963 Aprilis
903 934 916 953 5

819 1097 849 1099 —
903 1085 916 1105 5

806 1189 866 1212 Maii
882 1192 896 1212 5

814 1296 884 1319 Maio

809 1403 887 1426 lunio

788 1554 860 1578 Junii
880 1555 908 1577 13

800 2670 864 2693 Julii
880 2670 907 2693 11

820 2839 849 2842 —-
882 2825 912 2847 25

1048 402 1365 425 CHARTULARIL'M
1400 400 1589 423 UvaEaS.
1627 399 1754 422 PARIS.

984 522 1106 546 Facultas
1122 521 1219 545 artium
1234 520 1327 544 statuit
1342 523 1370 543 ut
1384 519 1508 551 deinceps
1524 527 1539 542 a
1554 517 1805 542 determinatoribus
1820 521 1846 541 et
1859 517 2022 542 baccalareis
2041 517 2187 550 incepturis
2206 525 2258 541 non

1016 566 1156 598 capiantur
1183 565 1270 594 vadia,
1296 565 1342 588 scd
1371 564 1482 595 pecunia
1511 566 1658 591 numerata,
1683 570 1731 586 nec
1758 561 1812 594 ipsi
1840 570 1887 586 nec
1910 566 1996 587 rector
2021 562 2162 595 pecuniam
2183 562 2259 586 illam

1015 611 1151 643 publicam
1170 610 1285 633 alienent
1287 623 2257 633 ......................................

986 673 1133 697 Ludovicus
1149 673 1190 700 lx,
1208 672 1368 695 Francorum
1385 679 1438 698 rex,
1454 669 1574 693 concedit
1588 670 1615 693 in
1629 672 1788 701 perpetuum
1803 669 1916 693 Roberto
1931 670 1963 694 de
1978 670 2098 694 Sorbona
2112 669 2139 693 in
2153 677 2258 693 excam—

1016 718 1090 741 bium
1105 717 1280 748 quarumdam
1293 716 1432 738 domorum
1444 723 1534 738 omnes
1548 715 1650 743 domos,
1664 722 1730 746 quas
1745 714 1861 738 habebat
1875 714 1985 738 Parisiis
2000 714 2027 738 in
2042 714 2100 738 vico
2112 713 2145 738 de
2159 715 2259 745 Conpe-

1018 762 1124 786 Gueule
1143 764 1202 784 ante
1220 760 1351 792 palatium
1370 760 1545 783 Thermarum
1553 775 2258 784 ............................

985 823 1125 847 Alexandri
1144 823 1178 846 IV
1197 823 1300 846 litterae
1319 830 1368 854 pro
1387 821 1462 845 Dulci
1478 825 1503 845 et
1517 821 1594 845 Notio
1610 822 1642 845 de
1656 821 1754 853 Burgo,
1771 821 1964 845 mercatoribus
1984 821 2152 850 Florentinis,
2168 823 2259 845 contra

1016 871 1144 891 rectorem
1159 867 1346 891 Universitatis
1361 869 1439 898 atque
1454 866 1542 898 ipsam
1561 866 1768 890 Universitatem
1787 865 1962 890 parisiensem
1966 883 2258 892 ............

985 930 1130 954 Alexander
1145 930 1178 953 IV
1193 930 1225 952 ad
1245 929 1421 960 Reginaldum
1436 929 1592 960 episcopum
1605 928 1791 958 Parisiensem,
1811 931 1841 952 ut
1861 928 1961 952 vocatis
1979 928 2103 952 omnibus
2122 928 2259 960 magistris

1015 978 1041 998 et
1063 974 1230 998 scholaribus
1255 974 1398 997 sententias
1423 977 1448 997 et
1468 973 1572 997 litteras
1596 982 1686 997 omnes
1711 973 1872 1005 apostolicas
1892 981 1942 1005 pro
1963 973 2156 1005 tranquillitate
2178 973 2259 997 studii

1016 1019 1131 1043 Parisios
1147 1019 1260 1042 directas
1276 1018 1403 1050 publicet,
1421 1027 1453 1042 ne
1468 1018 1595 1047 studium,
1611 1018 1682 1050 quod
1699 1018 1810 1050 pacifice
1828 1017 1893 1050 agit,
1910 1017 2007 1042 iterum
2025 1018 2206 1050 perturbetur.
2225 1035 2232 1042 .
2251 1035 2258 1043 .

985 1082 1130 1105 Alexander
1147 1082 1181 1105 lv
1195 1081 1222 1104 in
1237 1081 1332 1105 litteris
1349 1081 1382 1104 ad
1397 1081 1573 1112 chinaldum
1587 1081 1742 1113 episcopum
1757 1080 1933 1105 Parisiensem
1952 1080 2122 1113 conqueritur
2141 1080 2174 1104 de
2191 1088 2259 1112 quo-

1015 1126 1138 1150 rumdam
1152 1125 1327 1154 contumacia,
1341 1125 1387 1157 qui
1400 1125 1536 1150 Guillelmi
1549 1125 1580 1149 de
1596 1126 1622 1149 S.
1638 1126 1732 1149 Amore
1746 1125 1891 1149 exsulantis
1904 1128 1995 1158 partes
2009 1125 2096 1149 acrius
2109 1128 2206 1149 tenent.
2225 1142 2232 1149 .
2251 1143 2257 1150 .

985 1189 1119 1212 Statutum
1139 1188 1272 1212 facultatis
1292 1188 1398 1217 artium,
1414 1196 1447 1212 ne
1466 1187 1525 1220 quis
1540 1187 1715 1212 licentiandos
1734 1188 1761 1212 in
1781 1188 1878 1212 Sancta
1897 1188 2031 1212 Genovefa
2048 1187 2187 1217 examinet,
2206 1187 2259 1211 nisi

1016 1233 1051 1257 sit
1069 1242 1085 1257 a
1105 1234 1229 1257 facultate
1248 1233 1308 1264 ipsa
1328 1233 1470 1265 deputatus
1473 1249 2258 1257 ...............................

984 1296 1132 1319 Ludovicus
1148 1296 1191 1324 lx,
1207 1304 1252 1319 rex
1267 1296 1438 1324 Francorum,
1455 1295 1583 1319 fratribus
1599 1295 1663 1319 Ord.
1679 1295 1856 1319 Cartusiensis
1875 1295 1961 1319 locum
1978 1298 2003 1319 et
2017 1296 2125 1319 domum
2140 1295 2172 1319 de
2186 1295 2259 1319 Valle

1014 1340 1099 1364 Viridi
1113 1349 1197 1372 prope
1212 1339 1328 1364 Parisios
1343 1339 1463 1364 concedit
1470 1357 2259 1365 ...............................

985 1404 1088 1427 statuta
1110 1403 1142 1426 de
1164 1403 1259 1426 studiis
1281 1402 1308 1426 in
1330 1402 1428 1426 Ordine
1450 1402 1542 1426 Praed.
1565 1403 1637 1426 edita
1657 1410 1673 1426 a
1694 1401 1831 1434 magistris
1853 1402 2048 1426 Parisiensibus
2069 1402 2257 1431 Bonohomiue,

1014 1448 1156 1476 Florentio,
1179 1447 1286 1471 Alberto
1308 1447 1412 1479 Magno,
1436 1447 1538 1471 Thoma
1559 1447 1591 1470 de
1614 1447 1725 1479 Aquino,
1747 1447 1824 1470 Petro
1845 1447 1877 1470 de
1899 1447 2056 1471 Tarantasia
2078 1447 2142 1471 Ord.
2165 1446 2257 1471 Praed.

1015 1496 1133 1524 tempore
1148 1492 1265 1524 Capituli
1284 1492 1416 1523 generalis
1432 1492 1482 1515 sub
1498 1492 1644 1515 Humberto
1659 1491 1813 1515 Valencenis
1829 1491 1955 1515 celebrati
1966 1509 2258 1517 ............

984 1555 1129 1579 Alexander
1144 1555 1178 1578 lv
1190 1554 1352 1579 Ludovicum
1367 1562 1457 1586 regem
1471 1554 1598 1577 Franciae
1610 1554 1741 1583 bortatur,
1754 1557 1784 1578 ut
1798 1557 1890 1578 contra
1903 1554 1978 1586 pacis
1993 1554 2144 1578 turbatores
2157 1554 2260 1578 brachii

1015 1599 1160 1623 saecularis
1179 1599 1308 1622 auxilium
1328 1599 1473 1631 impendat,
1489 1607 1540 1630 quo
1555 1598 1634 1622 citius
1650 1598 1742 1630 jurgia
1761 1598 1788 1622 in
1807 1598 1987 1623 Universitate
2006 1598 2151 1622 Parisiensi
2170 1602 2260 1623 exorta

1015 1647 1217 1676 compescantur
1219 1660 2259 1668 .........................................

983 1707 1129 1731 Alexander
1148 1707 1182 1730 IV
1202 1706 1360 1730 cancellario
1383 1706 1408 1730 S.
1430 1706 1579 1730 Gcnovefae
1592 1705 1724 1738 praecipit
1744 1714 1775 1729 nc
1795 1705 1837 1729 cui
1856 1705 1991 1730 licentiam
2005 1705 2114 1738 regendi
2129 1705 2156 1729 in
2170 1705 2260 1738 aliqua

1016 1752 1140 1775 facultate
1155 1751 1289 1780 concedat,
1305 1750 1357 1774 nisi
1369 1750 1445 1782 prius
1457 1750 1589 1782 juraverit
1604 1759 1631 1774 se
1646 1750 1771 1774 mandata
1787 1750 1934 1782 apostolica
1947 1754 2132 1774 exsecuturum
2150 1767 2259 1776 .....

984 1814 1129 1838 Alexander
1144 1814 1178 1837 lv
1192 1813 1285 1837 scribit
1296 1813 1441 1845 Reginaldo
1452 1813 1577 1845 episcopo
1587 1813 1782 1842 Parisiensi,'ut
1792 1813 1893 1837 artistis
1909 1816 1934 1837 et
1947 1821 2038 1837 eorum
2050 1813 2198 1837 rectoribus
2210 1813 2260 1837 sub

1014 1867 1100 1891 poena
1114 1858 1393 1882 excommunicationis
1408 1858 1564 1890 praecipiat,
1582 1866 1613 1882 ne
1628 1866 1656 1882 se
1671 1858 1849 1887 intromittant
1863 1858 1895 1882 de
1911 1858 2038 1882 faciendis
2053 1861 2080 1882 et
2095 1858 2260 1890 corrigendis

1015 1903 1182 1927 sermonibus
1202 1906 1228 1926 et
1245 1902 1414 1926 licentiandis
1430 1902 1462 1926 iis
1478 1902 1523 1934 qui
1538 1902 1670 1934 incipiunt
1684 1903 1711 1926 in
1725 1902 1876 1935 theologica
1892 1903 2016 1926 facultate
2019 1919 2259 1927 ..........

984 1966 1130 1989 Alexander
1145 1966 1178 1989 IV
1193 1965 1219 1988 in
1239 1965 1335 1989 litteris
1351 1965 1385 1988 ad
1400 1965 1576 1996 Reginaldum
1591 1965 1747 1997 episcopum
1761 1965 1938 1989 Parisieusem
1957 1965 2065 1988 directis
2085 1964 2211 1996 probibet
2228 1973 2260 1989 ne

1015 2010 1138 2042 magistri
1157 2013 1183 2033 et
1202 2009 1337 2033 scholares
1356 2009 1518 2033 parisienses
1539 2018 1599 2033 cum
1613 2009 1756 2034 Guillelmo
1775 2009 1807 2033 dc
1827 2010 1854 2033 S.
1870 2010 1964 2033 Amore
1982 2009 2170 2033 commercium
2188 2009 2261 2034 litte—

1014 2063 1105 2078 rarum
1120 2054 1235 2078 habeant
1238 2071 2260 2080 ........................................

984 2122 1129 2145 Alexander
1149 2121 1182 2144 IV
1200 2121 1390 2144 nonnullorum
1411 2121 1549 2144 doctorum
1570 2120 1720 2152 theologiae
1741 2120 1933 2144 Parisiensium
1952 2120 2048 2144 merita
2069 2121 2140 2144 circa
2162 2121 2262 2145 bonum

1016 2169 1114 2190 statum
1134 2165 1216 2189 studii
1236 2165 1395 2189 Parisiensis
1411 2168 1437 2188 ct
1451 2166 1547 2189 fratres
1563 2165 1761 2189 Praedicatores
1777 2168 1802 2189 et
1817 2165 1931 2189 Minores
1951 2165 2043 2189 laudat
2046 2183 2261 2191 .........

986 2237 997 2252 α
1013 2228 1159 2252 Alexander
1174 2228 1207 2251 lv
1222 2227 1332 2250 mandat
1346 2227 1495 2258 guardiano
1510 2230 1536 2251 et
1552 2227 1680 2251 fratribus
1696 2230 1840 2251 conventus
1861 2227 2014 2256 Parisiens.,
2030 2231 2060 2251 ut
2073 2231 2162 2252 essent
2179 2228 2262 2252 intre-

1015 2273 1072 2305 pidi
1091 2275 1117 2296 et
1137 2273 1267 2296 ferventes
1288 2271 1314 2295 in
1334 2280 1399 2303 pace
1419 2272 1602 2296 conservanda
1621 2275 1700 2304 atque
1720 2272 1818 2303 studio,
1839 2272 1908 2296 sicut
1926 2272 1984 2304 ipse
2004 2281 2124 2296 summus
2145 2272 2263 2304 pontifex

1016 2317 1157 2349 pollicetur
1180 2325 1208 2340 se
1233 2325 1314 2348 super
1334 2316 1376 2340 his
1399 2316 1539 2348 diligentia
1561 2317 1630 2340 velle
1651 2316 1827 2346 collaborare,
1847 2320 1907 2346 ela,
1931 2317 2021 2349 aitque
2045 2325 2073 2341 se
2094 2325 2143 2341 sua
2163 2317 2264 2349 scripta

1017 2361 1132 2393 dirigere
1147 2364 1239 2385 contra
1252 2361 1404 2384 turbatores
1420 2360 1494 2392 pacis
1510 2364 1535 2385 et
1550 2361 1632 2385 studii
1650 2361 1812 2390 eorumdem,
1829 2364 1854 2385 et
1868 2361 1963 2393 incipit
1978 2369 1983 2385 2
2001 2370 2013 2385 (ι
2032 2361 2182 2392 Quantum
2195 2362 2231 2387 sit
2245 2368 2263 2386 α

1016 2406 1096 2431 nobis
1115 2413 1170 2437 pro
1193 2406 1287 2437 quiete
1309 2410 1403 2430 vestra
1428 2414 1439 2428 ι)
1444 2422 2263 2431 ................................

987 2473 1132 2497 Alexander
1147 2473 1181 2496 1v
1195 2473 1340 2504 Reginaldo
1358 2472 1484 2504 episcopo
1504 2472 1588 2496 Paris.
1605 2473 1715 2496 mandat
1733 2476 1762 2496 ut
1781 2476 1868 2496 rector
1883 2476 1909 2496 et
1928 2473 2038 2496 artistac
2056 2473 2166 2504 perinde
2185 2475 2264 2505 atque

1017 2517 1063 2541 alii
1083 2517 1206 2549 magistri
1226 2520 1251 2541 et
1271 2517 1406 2541 scholares
1426 2517 1591 2541 Parisienses
1613 2518 1708 2541 fratres
1729 2517 1928 2541 Pracdicatores
1951 2517 1978 2540 in
2002 2525 2080 2540 suum
2101 2517 2264 2540 consortium

1018 2561 1162 2593 recipiant;
1179 2561 1273 2593 puniat
1287 2561 1445 2593 praesertim
1461 2561 1617 2591 Guillotum,
1633 2562 1767 2585 bedellum
1782 2562 1896 2585 nationis
1917 2561 2098 2590 Picurdorum,
2114 2561 2169 2594 qui,
2184 2569 2264 2594 prae-

1018 2606 1123 2630 dicante
1137 2606 1239 2630 Thema
1253 2606 1285 2630 de
1300 2606 1410 2638 Aquino,
1427 2606 1548 2630 libellum
1565 2607 1707 2638 quemdam
1722 2607 1855 2630 famosum
1873 2605 2022 2638 publicavit
2024 2622 2264 2631 ..........

989 2673 1134 2696 Alexander
1149 2673 1183 2696 lV
1198 2672 1334 2704 magistris
1350 2675 1376 2696 ct
1390 2672 1558 2696 scholaribus
1571 2673 1767 2696 Parisiensibus
1779 2673 1912 2705 praecipit
1923 2675 1952 2697 ut
1965 2673 2088 2697 studeant
2099 2672 2265 2696 reconciliari

1020 2725 1079 2740 cum
1095 2716 1221 2740 fratribus
1235 2717 1366 2741 Ordinum
1378 2717 1594 2741 Praedicatorum
1609 2720 1635 2741 ct
1649 2717 1780 2741 Minorum
1795 2717 1906 2741 dimisso
1921 2717 2062 2741 Guillelmo
2075 2717 2107 2740 de
2120 2717 2146 2741 S.
2161 2718 2263 2746 Amore,

1021 2761 1072 2789 cui,
1089 2761 1111 2784 si
1125 2761 1294 2792 poenituerit,
1308 2770 1360 2785 non
1376 2761 1459 2785 deerit
1474 2761 1636 2794 apostolicae
1651 2761 1722 2785 sedis
1737 2762 1920 2786 miscricordia
1922 2778 2265 2788 ..............

992 2827 1136 2851 Alexander
1151 2828 1185 2851 lv
1199 2828 1344 2860 Reginaldo
1358 2828 1483 2860 episcopo
1497 2829 1641 2852 Parisieusi
1652 2829 1761 2853 mandat
1770 2832 1800 2853 ut
1809 2828 1997 2860 praebendum,
2014 2836 2094 2860 quam
2107 2827 2265 2852 Guillelmus

1023 2872 1054 2895 de
1071 2872 1098 2895 S.
1113 2873 1206 2896 Amore
1220 2872 1247 2896 in
1262 2872 1417 2904 episcopatu
1431 2873 1585 2897 Belvacensi
1601 2876 1721 2897 tenuerat
1735 2876 1760 2897 et
1774 2873 1880 2897 cuidam
1895 2872 1990 2896 clerico
2010 2872 2037 2896 in
2057 2873 2175 2896 favorem
2189 2872 2266 2897 Guil-

1024 2916 1096 2939 lelmi
1117 2916 1258 2948 episcopus
1278 2916 1446 2941 Belvacensis
1468 2917 1650 2941 fraudulenter
1669 2917 1825 2946 contulerat,
1840 2925 1970 2949 personae
1989 2917 2115 2941 ecclesiae
2134 2917 2266 2941 Romanae

1025 2960 1134 2984 devotae
1151 2962 1269 2985 conferat
1271 2978 2265 2987 .......................................

2303 607 2349 630 :376

2303 759 2348 783 377

2303 867 2348 890 ³78

2303 1018 2348 1042 381

2303 1644 2350 1669 387

2304 1751 2350 1775 3⁸7

2309 2759 2355 2783 3⁹2

2310 2959 2356 2982 395
