2580 3528
427 384 489 417 194
1007 394 1329 416 cnxwrvrAan
1364 394 1555 416 rmvsns.
1593 395 1722 417 rmus.
2209 387 2309 427 [1246

432 496 540 534 164.
566 507 747 533 Innocentius
763 508 806 532 IV
816 507 920 532 statuit
936 516 969 532 ne
984 506 1132 533 scholares
1147 507 1183 532 de
1198 506 1283 532 rebus
1298 507 1359 533 suis
1376 507 1468 533 eundo
1485 507 1526 533 vel
1541 507 1686 533 redeundo
1701 507 1816 543 aliquid
1830 507 1950 535 solvant.

1628 599 1703 629 1246,
1718 599 1835 626 Octobris
1846 599 1893 629 30,
1908 600 2023 632 Lugduni.

519 673 756 706 Innocentius
782 673 979 718 episcopus
1005 684 1134 706 servus
1161 684 1351 706 servorum
1378 673 1443 705 Dei
1470 672 1744 706 venerabilibus
1767 673 1941 707 fratribus
1966 673 2255 720 archiepiscopis
2276 681 2311 707 et

429 739 614 785 episcopis
649 739 693 772 ad
723 751 816 785 quos
846 739 966 772 littere
1001 745 1192 784 presentes
1222 739 1457 784 pervenerint
1487 739 1640 773 salutem
1671 746 1706 773 et
1735 740 1971 785 apostolicam
2001 740 2307 774 benedictionem.

429 807 481 839 Ex
501 813 601 852 parte
623 806 838 839 dilectorum
860 805 1018 838 filiorum
1041 805 1289 839 universitatis
1306 806 1564 851 magistrorum
1582 813 1617 839 et
1633 805 1827 840 scolarium
1844 807 2006 841 Parisius
2022 806 2130 841 nobis
2146 807 2312 841 extiterat

430 873 645 914 intimatum,
668 880 707 906 ut
731 885 812 906 cum
838 873 994 905 clericos
1019 872 1064 905 de
1092 872 1249 906 diversis
1278 872 1442 918 partibus
1468 873 1594 906 mundi
1622 873 1784 907 Parisius
1811 885 1918 907 causa
1944 874 2056 907 studii
2080 874 2310 914 accedentes,

431 952 511 972 cum
535 940 579 973 ad
602 940 747 985 propria
770 939 936 981 redeunt,
959 951 1100 985 pannos
1122 946 1157 972 et
1177 951 1236 973 res
1260 939 1363 982 alias,
1386 952 1459 973 non
1486 952 1593 974 causa
1619 940 1861 980 mercimonii,
1884 941 2010 986 sepius
2035 940 2167 974 exinde
2187 952 2311 975 secum

431 1006 573 1040 deferre
597 1006 796 1052 contingat,
825 1006 993 1039 nonnulli
1021 1006 1064 1039 ad
1086 1006 1180 1039 bona
1208 1007 1370 1052 ipsorum
1393 1019 1522 1040 manus
1547 1007 1671 1041 avidas
1697 1007 1935 1041 extendentes
1955 1019 1995 1041 ac
2016 1007 2118 1053 ipsos
2138 1006 2312 1040 indebitis

431 1073 682 1106 exactionibus
712 1079 925 1118 agravantes
960 1073 1004 1106 de
1039 1073 1147 1106 bonis
1178 1073 1352 1118 predictis
1380 1073 1424 1106 ab
1450 1074 1504 1107 eis
1534 1074 1700 1119 pedagia,
1730 1074 1895 1120 visnagia
1921 1073 2081 1108 indebita
2116 1074 2194 1108 sive
2224 1073 2313 1107 alias

432 1140 639 1173 exactiones
670 1152 889 1185 quocunque
920 1140 1067 1173 nomine
1097 1147 1317 1174 censeantur
1348 1141 1393 1174 de
1428 1141 1533 1182 facto,
1566 1153 1645 1174 cum
1678 1141 1723 1174 de
1748 1142 1832 1186 jure
1867 1148 2063 1186 nequeant,
2098 1141 2250 1186 exigunt
2278 1147 2314 1174 et

431 1213 650 1252 extorquent
669 1207 706 1239 in
727 1206 906 1240 libertatis
927 1206 1175 1240 ecclesiastice
1196 1219 1269 1240 non
1291 1207 1473 1240 modicum
1492 1207 1761 1241 detrimentum.
1785 1208 1904 1251 Quare
1921 1207 2029 1241 nobis
2044 1208 2113 1241 fuit
2126 1207 2313 1240 humiliter

432 1273 674 1319 supplicatum
703 1280 742 1306 ut
762 1273 956 1319 providere
984 1280 1131 1319 paterna
1158 1274 1392 1307 solicitudine
1421 1286 1644 1308 curaremus.
1668 1275 1869 1320 Cupientes
1895 1275 2007 1320 igitur
2032 1274 2187 1308 clericos
2207 1286 2247 1308 se
2267 1273 2312 1308 ad

430 1341 637 1374 Parisiense
659 1340 819 1374 studium
841 1341 1104 1374 transferentes
1125 1353 1165 1374 ac
1186 1341 1403 1374 recedentes
1423 1341 1467 1374 ab
1494 1353 1533 1374 ea
1560 1341 1681 1375 debita
1707 1341 1876 1375 libertate
1897 1341 2059 1387 gaudere
2079 1348 2141 1375 aut
2163 1341 2312 1374 submo-

430 1420 515 1441 vere
544 1407 744 1449 obstacula,
773 1420 838 1453 per
864 1420 933 1453 quc
966 1407 1078 1453 aliqui
1099 1414 1252 1453 possent
1275 1408 1319 1441 ab
1348 1407 1476 1441 eodem
1505 1408 1627 1441 studio
1655 1409 1831 1450 revocari,
1860 1408 2074 1441 fraternitati
2101 1414 2222 1442 vestre
2247 1419 2313 1453 per

430 1474 628 1519 apostolica
651 1475 784 1519 scripta
806 1474 1030 1515 mandamus,
1054 1475 1224 1519 quatinus
1246 1474 1383 1520 singuli
1405 1474 1441 1507 in
1458 1474 1670 1508 diocesibus
1690 1475 1823 1508 vestris
1839 1475 1876 1507 in
1893 1482 2080 1508 exactores
2100 1474 2311 1508 eorumdem

431 1541 816 1574 excommunicationis
849 1541 1065 1574 sententiam
1097 1542 1309 1574 auctoritate
1339 1549 1476 1583 nostra,
1509 1554 1589 1575 cum
1619 1542 1663 1574 de
1689 1541 1901 1587 hujusmodi
1929 1541 2180 1575 exactionibus
2206 1540 2312 1575 vobis

428 1608 646 1650 constiterit,
678 1608 954 1654 promulgantes
986 1608 1110 1641 tandiu
1143 1608 1248 1653 ipsos
1281 1608 1612 1642 excommunicatos
1644 1609 1782 1642 faciatis
1818 1608 1963 1654 publice
1990 1608 2168 1650 nunciari,
2195 1608 2312 1641 donec

429 1675 474 1708 de
504 1675 678 1720 predictis
709 1675 889 1721 pedagiis,
922 1675 1100 1720 visnagiis
1127 1675 1378 1708 exactionibus
1407 1676 1484 1709 sive
1512 1675 1593 1708 aliis
1624 1675 1875 1709 exactionibus
1911 1687 2130 1721 quocunque
2164 1675 2312 1708 nomine

428 1749 658 1783 censeantur,
688 1742 971 1775 satisfactionem
1006 1742 1202 1787 plenariam
1230 1742 1397 1775 duxerint
1429 1742 1658 1784 exibendam,
1685 1755 1758 1776 non
1787 1742 1955 1776 obstante
1980 1742 2241 1776 constitutione
2267 1741 2312 1775 de

430 1809 572 1842 duabus
596 1809 704 1842 dietis
736 1809 830 1842 edita
860 1809 895 1842 in
927 1809 1093 1842 Concilio
1126 1809 1301 1855 generali.
1332 1810 1410 1842 Dat.
1444 1809 1614 1855 Lugduni
1647 1809 1684 1855 iij
1717 1809 1785 1842 kal.
1816 1809 2047 1849 Novembris,
2080 1808 2312 1854 pontificatus

430 1877 544 1910 nostri
566 1888 661 1909 anno
678 1883 818 1922 quarto.

523 1971 732 2002 Transumptum
748 1971 773 1993 in
790 1971 866 1994 Arch.
883 1974 936 1994 nat.
954 1971 1038 1994 Paris.
1056 1971 1088 1994 M.
1106 1972 1162 1999 (36⁸,
1179 1975 1208 1993 n0
1222 1972 1245 1999 4,
1263 1979 1322 1994 cum
1338 1970 1389 1994 istu
1405 1971 1601 2002 subscriptione
1618 1979 1623 1994 z
1638 1980 1649 1994 (ι
1665 1972 1758 1995 Actum
1773 1979 1821 2002 per
1835 1971 1939 2002 copiam
1955 1970 2006 1994 sub
2021 1970 2110 2002 sigillo
2125 1969 2313 1994 Universitatiu

430 2023 498 2038 unno
514 2015 618 2038 Domini
633 2015 670 2038 Μο
681 2015 755 2038 CCC⁰
765 2015 811 2038 XII
826 2014 928 2038 decima
943 2015 985 2038 dic
1001 2015 1137 2038 Februarii
1159 2023 1180 2038 ».
1202 2015 1326 2046 Sigillum
1347 2023 1451 2038 cereum
1472 2015 1583 2038 rubeum
1604 2015 1718 2039 tueniolo
1739 2015 1940 2038 membranaceo
1961 2018 2001 2038 cst
2021 2022 2177 2046 appensum.
2197 2027 2229 2031 ———
2243 2013 2312 2037 Bihl.

430 2059 562 2091 Phillipps
579 2059 604 2082 in
621 2059 802 2086 Chone—nbam,
819 2068 868 2082 ms.
886 2060 939 2087 876,
958 2060 1002 2083 sol.
1020 2059 1074 2087 25‘2,
1091 2059 1141 2082 snb
1157 2059 1234 2082 titulo
1251 2067 1256 2082 ·.
1275 2068 1287 2082 «
1303 2059 1484 2087 conservatio,
1500 2067 1532 2082 ne
1548 2059 1682 2083 scholares
1699 2067 1721 2088 »,
1737 2063 1786 2084 etc.
1804 2063 1833 2082 nt
1848 2067 1938 2090 supra.

436 2227 544 2264 165.
570 2236 750 2262 Innocentius
768 2237 809 2262 IV
821 2236 968 2270 magistris
984 2239 1011 2261 et
1025 2235 1207 2262 scholaribus
1222 2236 1317 2261 Paris.
1337 2245 1417 2261 usum
1431 2235 1523 2270 sigilli
1535 2244 1589 2271 per
1603 2236 1782 2272 septennium
1796 2235 1946 2272 permittit.

1626 2328 1701 2357 1246,
1718 2327 1836 2354 Octobris
1850 2328 1895 2357 30,
1912 2328 2027 2360 Lugduni,

524 2403 759 2436 Innocentius
786 2403 981 2448 episcopus
1003 2414 1132 2436 servus
1154 2415 1343 2436 servorum
1366 2403 1431 2435 Dei
1454 2403 1598 2436 dilectis
1619 2402 1704 2436 filiis
1731 2402 1915 2436 universis
1937 2402 2122 2447 magistris
2143 2408 2179 2435 et
2198 2401 2314 2435 scola-

434 2469 535 2502 ribus
563 2469 833 2503 Parisicnsibus
860 2469 1011 2502 salutem
1046 2476 1081 2503 et
1110 2469 1345 2515 apostolicam
1379 2469 1686 2503 benedictionem.
1722 2470 1813 2502 Dum
1846 2475 1970 2502 nostre
2000 2468 2132 2501 mentis
2162 2479 2315 2513 presen-

436 2544 552 2569 tamus
574 2536 702 2578 oculis,
735 2543 866 2581 quanta
897 2536 1086 2582 diligentia
1114 2536 1285 2570 virtutum
1317 2536 1430 2570 cultui
1462 2536 1663 2578 desudatis,
1692 2536 1765 2569 illis
1793 2548 1835 2569 cx
1859 2535 1977 2577 vobis,
2001 2535 2063 2581 qui
2089 2541 2175 2568 sunt
2193 2534 2315 2580 adepti

436 2603 611 2635 honorem
640 2603 853 2648 magisterii,
886 2602 1094 2636 thesaurum
1127 2603 1279 2637 scientie
1308 2603 1466 2636 fideliter
1498 2603 1712 2648 dispensare
1747 2602 1980 2636 studentibus
2013 2608 2048 2635 et
2078 2600 2314 2647 vigilantibus

437 2669 531 2710 aliis,
558 2676 594 2702 ut
623 2670 740 2714 ipsius
769 2669 947 2702 thessauri
976 2669 1167 2715 acquisitio
1198 2670 1251 2702 cis
1272 2670 1461 2715 proveniat
1482 2682 1562 2703 cum
1588 2670 1681 2702 fame
1707 2669 1811 2702 titulo
1832 2669 2027 2710 rutilantis,
2050 2667 2113 2700 illo
2134 2667 2228 2700 circa
2248 2679 2315 2700 vos

438 2736 567 2769 ass'cctu
598 2736 776 2773 ducimur,
811 2742 847 2769 ut
876 2748 945 2781 que
976 2736 1086 2781 digne
1116 2736 1249 2781 cupitis
1277 2749 1350 2769 non
1376 2736 1493 2769 solum
1520 2736 1645 2769 auditu
1667 2736 1869 2782 percipere,
1891 2735 1955 2768 sed
1978 2735 2014 2767 in
2035 2734 2185 2780 gratiam
2208 2746 2316 2767 exau-

440 2803 589 2836 ditionis
617 2803 799 2835 deducere
830 2802 1065 2835 delectemur.
1099 2803 1190 2835 Sanc
1218 2802 1313 2836 bone
1344 2803 1519 2836 memorie
1548 2804 1588 2835 R.
1612 2803 1826 2835 Portuensis
1853 2802 2062 2847 episcopus,
2084 2807 2168 2834 tunc
2195 2800 2315 2834 Sancti

438 2869 571 2915 Angeli
606 2869 782 2902 diaconus
816 2868 1010 2902 cardinalis
1044 2868 1080 2901 in
1115 2868 1279 2914 partibus
1313 2869 1387 2902 illis
1421 2869 1620 2914 apostolice
1656 2868 1755 2902 sedis
1790 2868 1933 2913 legatus
1967 2874 2075 2913 prout
2108 2867 2315 2913 accepimus

438 2943 598 2970 vestrum
628 2937 710 2969 fecit
744 2936 925 2981 confringi
956 2935 1149 2981 sigillum',
1182 2948 1247 2981 pro
1277 2936 1382 2981 cujus
1410 2935 1551 2968 defectu
1583 2935 1675 2968 sicut
1710 2935 1875 2968 asseritis
1910 2934 2052 2967 diversa
2087 2933 2315 2967 incommoda

564 2996 603 3019 25.

2551 3138 2559 3165 ,νγ
2547 2860 2563 3123 ›·¹.:t1*<21150-⁴‚PMQ
2552 2778 2563 2851 maxa-:lv-
2557 2719 2565 2739 ,μ
2555 2699 2565 2705 z
2557 2646 2565 2680 -=-
