2580 3528
218 417 316 458 1275]
556 425 604 448 AB
636 424 743 447 anno
777 423 855 451 uec
889 423 1021 452 usous
1056 423 1104 445 An
1139 422 1367 445 PHILIPPUM
1403 423 1443 445 iv
1477 423 1566 446 asc.
1603 423 1740 446 rame.
2023 415 2089 447 525

214 500 478 547 responsiones
505 498 551 533 ad
578 498 658 545 ipsa
687 505 724 532 et
750 498 924 536 rationes,
955 508 1046 543 quas
1076 496 1248 530 utralibet
1276 496 1431 542 partium
1462 496 1548 530 dare
1577 496 1694 530 voluit
1720 504 1789 530 tam
1818 509 1883 542 pro
1910 509 1949 531 se
1979 510 2086 543 quam

215 573 340 601 contra
367 572 503 612 partem
530 565 691 607 alteram,
713 565 752 598 in
778 564 926 610 scriptis
947 563 1155 609 recepimus
1182 569 1219 597 et
1243 563 1528 597 examinavimus
1554 563 1751 609 diligenter
1773 570 1809 596 et
1834 571 2090 608 procuratores

214 634 317 680 ipsos
338 634 463 679 jurare
482 632 636 666 fecimus
658 632 696 665 in
717 631 881 677 predicto
902 630 1059 676 negocio
1080 630 1126 664 de
1145 630 1297 664 veritate
1318 629 1471 663 dicenda
1492 630 1536 663 ad
1557 630 1873 675 interrogaciones
1903 631 2090 675 quasdam,

215 712 305 746 quas
324 711 369 734 ex
393 699 512 734 officio
539 705 666 733 nostro
692 698 847 732 fecimus
869 704 906 731 et
930 697 974 731 ad
1000 709 1062 731 eas
1083 709 1148 743 per
1169 698 1416 742 juramentum
1438 697 1628 742 prestitum
1651 696 1889 742 respondere.
1920 697 2090 730 Ceterum

215 767 299 813 quia
318 778 383 813 per
402 778 444 800 ea
464 778 535 812 que
555 777 675 799 coram
697 764 805 798 nobis
825 764 967 798 actitata
987 764 1089 797 suere
1109 763 1273 797 constitit
1292 763 1482 798 evidenter
1502 763 1627 808 plures
1648 775 1687 796 ac
1709 763 1877 796 diversos
1898 763 2093 808 magistros

214 833 394 868 facultatis
423 832 586 879 predicte
613 832 810 878 negocium
839 830 1052 876 hujusmodi
1081 830 1254 876 persequi
1289 842 1410 864 coram
1444 829 1565 871 nobis,
1597 842 1702 876 quam
1738 830 1896 863 fuissent
1928 837 2093 875 tempore

215 899 476 935 submissionis
506 910 618 945 super
645 898 828 932 discordia
855 897 1067 943 hujusmodi
1089 897 1126 930 in
1154 909 1222 930 nos
1249 897 1353 938 facte,
1381 897 1554 942 quodque
1583 897 1620 930 in
1648 896 1896 931 submissione
1931 896 2094 942 predicta

215 966 432 1013 tangebatur
457 966 553 1000 inter
578 965 647 999 alia
667 965 712 999 de
738 964 910 1006 bedellis,
933 964 978 997 de
1004 975 1157 1009 quorum
1186 975 1341 997 assensu
1363 963 1440 997 sive
1461 963 1674 997 nominibus
1699 975 1842 997 necnon
1863 962 2008 997 illorum
2031 963 2094 1008 qui

215 1045 256 1068 se
276 1033 522 1067 submiserant
548 1032 647 1066 nulla
675 1032 713 1065 in
738 1032 817 1078 ipsa
845 1030 1094 1065 submissione
1125 1030 1267 1064 mencio
1298 1030 1511 1068 habebatur,
1532 1030 1651 1064 visum
1677 1030 1744 1063 fuit
1769 1030 1969 1075 expediens
1994 1029 2092 1075 quod

215 1100 301 1134 licet
327 1112 387 1134 res
414 1100 526 1134 totius
551 1098 745 1140 facultatis,
767 1110 838 1144 que
865 1098 1058 1143 consurgit
1077 1109 1121 1131 ex
1147 1097 1413 1143 singularibus,
1434 1097 1472 1130 in
1492 1097 1703 1142 hujusmodi
1731 1097 1887 1142 negocio
1908 1103 2092 1142 ageretur,

215 1167 299 1213 quia
320 1173 438 1201 tamen
459 1178 531 1212 quo
551 1165 596 1199 ad
617 1172 754 1211 partem
775 1165 922 1198 alteram
946 1163 1263 1210 prosequebantur
1283 1164 1379 1197 idem
1401 1164 1596 1210 negocium
1619 1163 1855 1209 singulariter
1871 1163 2092 1209 singulares,

216 1240 255 1267 ut
283 1245 367 1279 pars
396 1232 522 1267 eadem
555 1231 755 1274 asserebat,
793 1231 838 1265 de
878 1231 1124 1277 predictorum
1167 1230 1323 1264 consilio
1358 1230 1476 1264 extitit
1515 1230 1719 1264 ordinatum
1759 1230 1859 1275 quod
1892 1229 2027 1263 bedelli
2058 1236 2094 1263 et

215 1300 367 1334 maxima
388 1299 582 1333 multitudo
602 1299 861 1344 magistrorum
877 1298 939 1343 qui
961 1304 1044 1343 post
1065 1297 1195 1331 dictam
1217 1297 1738 1346 submissionemjnceperant
1757 1303 1818 1330 aut
1836 1297 1989 1330 forsitan
2008 1303 2093 1330 tunc

215 1366 382 1413 legentes
407 1366 440 1400 ei
467 1377 694 1411 nequaquam
724 1370 1002 1402 consenserant,
1030 1364 1074 1397 ab
1101 1370 1255 1409 utraque
1284 1370 1383 1409 parte
1412 1363 1712 1409 prosequentium
1738 1363 1950 1408 hujusmodi
1979 1375 2094 1409 nego-

214 1433 310 1468 cium
336 1445 457 1467 coram
485 1431 593 1466 nobis
619 1432 697 1466 sive
725 1431 962 1477 singulariter
989 1431 1066 1465 sive
1087 1430 1193 1464 etiam
1215 1430 1252 1463 in
1273 1430 1458 1464 communi
1479 1442 1546 1475 pro
1567 1442 1607 1463 se
1628 1436 1663 1463 et
1683 1429 1754 1463 sibi
1774 1429 2036 1463 adherentibus
2057 1430 2094 1463 in

215 1506 388 1546 quantum
409 1505 577 1545 poterant
595 1498 640 1532 de
661 1497 734 1532 alto
754 1505 791 1532 et
809 1497 919 1532 basso
940 1498 977 1530 in
998 1509 1067 1531 nos
1093 1497 1431 1542 compromitterent
1451 1503 1487 1530 et
1511 1508 1551 1529 se
1573 1495 1680 1530 nobis
1701 1496 1958 1529 submitterent
1983 1508 2095 1541 super

214 1566 296 1613 ipso
323 1565 515 1613 principali
540 1565 626 1600 dicti
652 1565 798 1612 negocii
822 1564 1042 1599 accessoriis
1062 1571 1098 1598 et
1118 1563 1295 1610 sequelis,
1323 1563 1421 1609 quod
1445 1563 1517 1609 ipsi
1543 1570 1579 1596 et
1603 1563 1692 1596 alias
1717 1563 1823 1596 etiam
1850 1563 1894 1595 ad
1921 1563 2093 1607 majorem

216 1633 447 1668 securitatem
486 1632 644 1679 negocii,
681 1638 789 1678 prout
825 1631 863 1665 in
897 1631 1141 1665 instrumento
1176 1630 1325 1677 publico
1359 1642 1471 1676 super
1504 1629 1716 1675 hujusmodi
1754 1629 2021 1675 compromisso
2060 1635 2096 1663 et

217 1699 465 1734 submissione
498 1700 663 1733 confecto
693 1698 840 1745 plenius
866 1698 1089 1740 continetur,
1118 1699 1237 1731 facere
1265 1704 1496 1739 curaverunt,
1528 1703 1758 1742 acceptantes
1786 1703 1821 1730 et
1852 1695 2095 1742 approbantes

217 1778 346 1800 omnes
366 1773 403 1800 et
421 1765 560 1812 singuli
579 1764 787 1812 specialiter
807 1765 973 1811 magistri
995 1771 1031 1798 et
1051 1764 1187 1798 bedelli
1209 1764 1366 1810 priorem
1389 1763 1675 1798 submissionem
1697 1762 1895 1808 predictam
1920 1769 1956 1796 et
1975 1762 2096 1795 onmia

217 1845 288 1879 que
308 1844 429 1867 coram
451 1832 558 1867 nobis
584 1833 675 1866 facta
694 1832 752 1866 vel
773 1832 915 1866 actitata
939 1832 1084 1865 fuerant
1103 1837 1164 1865 aut
1184 1831 1422 1877 imposterum
1445 1830 1576 1864 fierent
1595 1829 1652 1863 vel
1675 1835 1872 1875 agerentur
1893 1841 1958 1874 per
1977 1829 2096 1862 dictos

218 1906 473 1946 procuratores
494 1899 530 1933 in
551 1899 706 1946 negocio
731 1899 955 1945 supradicto.
979 1898 1139 1944 Etsipsis
1159 1898 1345 1944 magistris
1365 1909 1406 1931 ac
1426 1896 1583 1930 bedellis
1605 1895 1839 1942 presentibus
1860 1895 2095 1929 consentien-

218 1965 317 2001 tibus
345 1973 381 2000 et
409 1978 582 2013 expresse
613 1965 869 2000 mandantibus
899 1965 986 2000 dicti
1015 1972 1272 2011 procuratores
1301 1965 1338 1998 in
1367 1964 1445 1998 suis
1475 1970 1509 1997 et
1538 1963 1691 1997 aliorum
1718 1962 1878 1996 omnium
1906 1962 2095 1996 animabus

213 2034 430 2079 juraverunt
457 2045 497 2067 se
526 2045 566 2068 ac
595 2045 722 2067 omnes
754 2033 950 2078 magistros
979 2039 1086 2078 atque
1116 2031 1283 2066 bedellos
1313 2031 1490 2077 premissa
1520 2030 1639 2064 omnia
1675 2041 1821 2063 servare
1854 2035 2031 2075 perpetuo
2062 2036 2097 2062 et

220 2098 492 2141 inviolabiliter,
522 2106 557 2134 et
587 2099 762 2146 quicquid
791 2111 859 2133 nos
889 2099 1004 2132 semel
1034 2105 1070 2132 et
1099 2098 1238 2145 pluries
1268 2098 1480 2139 dixerimus,
1513 2097 1818 2136 ordinaverimus,
1853 2096 2097 2130 sententiave-

221 2165 348 2208 rimus,
378 2165 663 2209 decreverimus,
688 2166 898 2208 fecerimus,
926 2166 1161 2200 statuerimus
1182 2177 1247 2199 seu
1269 2164 1431 2199 arbitrati
1451 2164 1630 2198 fuerimus
1651 2163 1687 2197 in
1709 2162 1900 2209 premissis
1926 2161 2096 2196 omnibus

221 2239 257 2267 et
286 2232 459 2279 singulis,
488 2239 525 2267 et
552 2239 677 2267 contra
706 2233 936 2279 aliquatenus
967 2244 1032 2278 per
1059 2244 1099 2266 se
1129 2232 1186 2266 vel
1218 2244 1282 2278 per
1311 2231 1403 2266 alios
1432 2230 1617 2277 aliquibus
1650 2236 1725 2264 arte
1755 2229 1811 2263 vel
1843 2229 1991 2275 ingenio
2023 2241 2095 2262 non

221 2299 360 2341 venire,
382 2299 487 2334 tacite
507 2298 565 2334 vel
585 2310 770 2346 expresse.

311 2367 385 2400 Nos
411 2371 530 2400 autem
561 2372 635 2400 tum
663 2377 707 2400 ex
732 2366 866 2400 virtute
896 2366 1013 2412 ipsius
1042 2365 1304 2399 submissionis
1339 2371 1413 2398 tum
1449 2364 1554 2398 etiam
1581 2375 1625 2398 ex
1651 2362 1791 2397 viribus
1825 2361 2095 2408 compromissi,

221 2432 495 2479 approbationis
523 2439 559 2466 et
587 2432 846 2478 acceptationis
875 2431 985 2478 hujus
1012 2443 1077 2478 pro
1107 2431 1371 2466 acceleratione
1401 2430 1547 2476 negocii
1577 2429 1706 2463 ordine
1731 2429 1927 2475 judiciario
1958 2435 2097 2474 preter-

223 2499 336 2534 misso
357 2511 401 2534 ex
422 2505 598 2546 potestate
619 2498 727 2533 nobis
746 2511 764 2533 a
786 2498 950 2545 partibus
970 2498 1099 2533 tradita
1124 2498 1366 2544 procedentes
1391 2495 1637 2543 peticionibus
1659 2496 1813 2542 partium
1839 2502 1875 2529 et
1894 2494 2097 2529 rationibus

223 2566 430 2600 earumdem
461 2578 501 2600 ac
530 2565 748 2612 quibusdam
778 2566 881 2608 actis,
911 2565 1044 2599 litteris
1073 2571 1108 2599 et
1136 2564 1390 2599 instrumentis
1416 2563 1500 2597 hinc
1531 2563 1616 2597 inde
1645 2562 1817 2597 exhibitis
1843 2574 1962 2596 coram
1989 2561 2097 2596 nobis

220 2633 404 2679 frequenti
431 2632 628 2679 diligencia
653 2639 689 2667 et
713 2632 925 2678 srequencia
954 2631 1123 2678 diligenti
1153 2631 1270 2678 primo
1301 2642 1367 2677 per
1393 2642 1461 2665 nos
1488 2637 1524 2664 et
1550 2637 1676 2677 postea
1706 2642 1771 2676 per
1798 2629 1978 2664 discretos
2008 2628 2096 2662 alias

219 2698 331 2746 plene
351 2699 531 2734 discussis
552 2706 588 2734 et
602 2699 727 2746 sepius
753 2699 946 2734 recensitis
970 2705 1227 2746 procuratores
1247 2698 1402 2744 partium
1427 2698 1640 2743 frequenter
1664 2696 1985 2743 interrogavimus,
2007 2696 2039 2730 si
2060 2695 2095 2729 in

222 2765 320 2801 dicto
349 2766 505 2813 negocio
524 2765 662 2801 vellent
686 2765 806 2812 aliqua
834 2765 901 2800 alia
928 2777 1146 2812 proponere.
1175 2765 1247 2809 Qui
1274 2764 1525 2799 renuntiantes
1555 2775 1729 2810 expresse
1756 2762 2041 2810 probacionibus
2061 2769 2097 2796 et

223 2831 426 2868 rationibus
455 2832 639 2867 universis
669 2832 823 2868 ulterius
848 2832 885 2866 in
910 2832 991 2879 ipso
1016 2832 1172 2878 negocio
1198 2830 1446 2878 producendis
1475 2829 1533 2865 vel
1558 2829 1809 2877 proponendis
1834 2829 2094 2863 concluserunt

225 2898 262 2933 in
282 2898 410 2933 eodem
436 2899 591 2946 negocio
611 2899 770 2946 petendo
790 2906 825 2933 et
845 2911 926 2933 cum
947 2899 1124 2933 instancia
1149 2897 1390 2944 supplicando
1410 2897 1605 2944 negocium
1630 2895 1841 2942 hujusmodi
1863 2908 1928 2942 per
1948 2902 2095 2929 senten

226 2964 323 3007 tiam,
344 2964 623 3012 dispositionem
649 2976 715 3001 seu
735 2965 1010 3000 ordinacionem
1038 2972 1198 3000 nostram
1219 2966 1322 3011 juxta
1342 2963 1611 3010 beneplacitum
1637 2969 1802 2997 nostrum
1823 2969 1859 2997 et
1880 2968 2092 3008 potestatem
