2580 3528
489 365 554 398 338
1072 376 1391 398 CHARTULAMUM
1427 377 1619 398 umvsns.
1657 377 1787 399 pinus.
2266 366 2365 407 [1256

488 449 668 491 videritis,
699 448 889 494 publicari,
921 449 1209 482 contradictores
1244 461 1309 495 per
1343 462 1533 483 censuram
1569 450 1851 484 ecclesiasticam
1886 449 2128 495 appellatione
2162 449 2365 495 postposita

489 515 768 561 compescendo.
798 516 904 559 Quod
931 515 961 548 si
988 528 1061 548 non
1089 528 1216 549 omnes
1241 515 1312 549 hiis
1339 517 1564 561 exequendis
1593 516 1784 562 potueritis
1811 517 2006 558 interesse,
2035 516 2107 549 duo
2132 522 2295 549 vestrum
2320 528 2361 549 ea

489 582 749 615 nichilominus
788 589 1024 627 exequantur.
1066 584 1143 615 Dat.
1182 582 1348 628 Anagnie
1387 583 1434 627 xij
1470 582 1539 615 kal.
1578 582 1808 624 Novembris,
1845 583 2077 628 pontificatus
2115 583 2231 616 nostri
2269 595 2364 616 anno

490 649 664 682 secundo.

583 747 718 778 Originale
742 746 767 769 in
790 746 867 771 Arch.
884 749 936 769 nat.
954 746 1038 769 Paris.
1060 746 1087 770 L.
1109 747 1163 774 250,
1184 750 1213 769 n⁰
1236 746 1288 769 1¹13.
1305 746 1414 769 Restant
1433 746 1478 769 fila
1493 746 1604 770 cannah.
1625 747 1653 769 In
1670 746 1823 770 membrana
1842 754 1956 770 aversa:
1975 755 1986 770 α
2002 747 2200 771 Prodicum-um
2216 755 2236 771 ».
2255 761 2286 765 —
2301 747 2365 771 Cod.

489 791 577 822 privil.
599 791 661 815 Ord.
683 791 743 814 Min.
765 791 899 814 continens
919 794 944 813 et
963 791 996 813 ad
1017 790 1080 814 Ord.
1101 791 1173 813 Serv.
1196 790 1293 813 Mariae
1310 790 1445 821 pertinens
1462 792 1540 819 (saec.
1557 791 1631 820 XIV).
1653 790 1717 814 Cod.
1740 791 1880 815 Rutenens.
1898 791 2037 815 Constitui.
2057 791 2120 816 ord.
2137 792 2230 816 Praed.
2251 792 2284 815 ud
2300 791 2363 816 ord.

489 836 633 867 pertinens,
649 844 675 866 p.
691 836 744 858 204.
763 835 872 859 Cartul.
889 835 933 857 des
949 834 1126 858 Dominicains
1142 834 1169 857 in
1184 834 1260 857 Arch.
1278 835 1381 865 depart.
1396 834 1428 857 de
1442 835 1469 857 la
1484 834 1629 863 cote-d’0r‚
1646 835 1676 858 Η.
1694 835 1748 863 221,
1765 835 1810 859 sol.
1826 836 1864 862 89,
1881 835 1926 859 uhi
1943 844 1955 859 (ι
1970 844 2004 859 xv
2016 836 2068 859 kal.
2085 836 2210 860 Novemh.
2229 845 2250 860 ».
2267 836 2364 868 Ripoll,

489 880 566 904 Bull.
585 880 648 904 Ord.
665 880 778 907 Praed.,
796 879 815 907 l,
831 879 885 906 322,
902 882 931 901 n⁰
947 879 1000 901 127.
1017 878 1154 906 Jourdain,
1174 882 1203 900 n⁰
1218 878 1271 906 144,
1292 886 1323 901 ex
1337 878 1444 906 Eulaeo,
1461 879 1507 906 111,
1523 879 1578 907 314,
1595 879 1662 902 falso
1677 879 1766 907 refert,
1785 879 1833 902 has
1850 879 1953 903 litteras
1969 879 2067 903 habere
2082 879 2187 904 initium
2204 889 2215 904 «
2232 881 2365 904 Romanu·

488 924 604 954 pontifex
620 932 640 946 n.
658 923 833 946 Nihilominus
851 926 912 945 sunt
926 930 956 945 ex
971 922 1156 945 constitutione
1171 930 1230 945 cum
1246 922 1320 944 initio
1337 931 1348 944 α
1365 922 1497 945 Romanus
1510 922 1629 954 pontifex
1643 931 1654 946 »
1671 922 1762 954 (supra
1777 927 1807 946 11⁰
1822 924 1876 953 288)
1888 924 2050 955 desumptae.

488 1085 600 1122 292.
622 1093 790 1119 Alexander
809 1095 853 1120 IV
868 1094 1000 1120 hortatur
1021 1094 1262 1130 archiepiscopos,
1282 1094 1431 1130 episcopos
1452 1098 1479 1120 et
1499 1094 1685 1121 ecclesiarum
1707 1099 1830 1122 rectores
1849 1104 1904 1132 per
1923 1105 2039 1131 regnum
2061 1097 2212 1131 Franciae,
2234 1097 2367 1132 Burgun-

575 1142 663 1177 diam,
688 1142 863 1176 Picardiam,
889 1147 951 1178 eta,
976 1143 1153 1177 constitutos,
1180 1146 1210 1168 ut
1233 1144 1342 1177 fratres
1363 1143 1586 1170 Praedicator-es
1602 1148 1630 1170 et
1645 1144 1779 1179 Minores,
1804 1146 1906 1180 quibus
1927 1144 2058 1171 nonnulli
2077 1146 2218 1181 magistri,
2234 1145 2365 1173 doctores

576 1191 686 1226 aliique
700 1191 758 1217 sive
773 1192 801 1217 in
816 1191 922 1217 scholis
937 1193 995 1218 sire
1010 1193 1037 1218 in
1048 1191 1320 1228 praedicationibus
1336 1192 1501 1228 detrahunt,
1519 1193 1595 1219 omni
1611 1193 1805 1220 benevolentia
1821 1198 1849 1220 et
1861 1194 1961 1229 gratia
1972 1197 2197 1230 prosequantur.

1666 1292 1741 1322 1256,
1758 1292 1876 1319 Octobm's
1888 1293 1928 1323 21,
1943 1292 2079 1326 Ληιῳηίαε.

575 1359 781 1392 Alexander
801 1360 997 1404 episcopus
1019 1372 1148 1393 servus
1170 1372 1359 1394 servorum
1382 1361 1448 1394 Dei
1469 1361 1742 1395 venerabilibus
1762 1362 1935 1396 fratribus
1961 1363 2145 1397 universis
2166 1362 2366 1409 archiepis-

487 1426 589 1471 copis
610 1433 645 1459 et
666 1426 862 1471 episcopis,
891 1438 930 1459 ac
952 1426 1096 1459 dilectis
1118 1426 1203 1460 filiis
1225 1426 1429 1469 abbatibus,
1452 1428 1652 1473 prioribus,
1679 1429 1958 1471 archidiaconis,
1980 1429 2309 1476 archipresbyteris
2330 1436 2366 1464 et

487 1493 567 1526 aliis
602 1493 837 1526 ecclesiarum
873 1493 1022 1538 prelatis
1056 1494 1308 1539 cujuscunque
1339 1495 1480 1528 ordinis
1509 1495 1567 1529 vel
1598 1496 1840 1541 professionis
1870 1509 1935 1542 per
1965 1497 2163 1538 Franciam,
2196 1498 2366 1543 Burgun-

488 1559 594 1601 diam,
631 1560 842 1600 Picardiam,
878 1560 1071 1593 Britaniam
1105 1567 1141 1593 et
1168 1561 1424 1594 Norinanniam
1450 1562 1659 1596 constitutis
1685 1563 1838 1596 salutem
1865 1570 1901 1596 et
1927 1563 2164 1608 apostolicam
2192 1563 2366 1597 benedic-

488 1627 634 1659 tionem.
664 1628 743 1659 Non
771 1627 849 1659 sine
876 1626 986 1660 inulta
1014 1627 1136 1660 cordis
1164 1628 1417 1670 amaritudine,
1442 1634 1506 1662 etc.
1528 1629 1622 1663 sicut
1642 1633 1678 1661 n⁰
1697 1630 1776 1670 290,
1798 1641 1903 1675 usque
1922 1629 2178 1675 percellentes.
2197 1629 2334 1665 Deinde
2355 1642 2366 1664 :

488 1693 665 1726 carissimi
691 1693 727 1725 in
753 1693 899 1726 Christo
924 1692 989 1726 filii
1015 1694 1132 1726 nostri
1156 1720 1176 1727 ..
1199 1693 1355 1727 illustris
1381 1695 1481 1740 regis
1507 1696 1656 1729 Francie
1682 1696 1726 1729 ad
1751 1695 1832 1738 hec,
1860 1697 1892 1729 si
1913 1708 2067 1730 necesse
2087 1697 2210 1739 fuerit,
2231 1696 2365 1731 auxilio

488 1760 665 1793 invocato.
689 1760 848 1805 Ideoque
870 1760 1143 1793 universitatem
1164 1767 1322 1794 vestram
1343 1773 1515 1807 rogamus
1537 1769 1572 1796 et
1591 1762 1778 1796 hortamur
1799 1769 1934 1797 attente
1956 1775 2021 1809 per
2041 1763 2241 1809 apostolica
2259 1763 2366 1798 vobis

487 1827 619 1871 scripta
650 1826 885 1872 precipiendo
916 1827 1142 1869 mandantes,
1175 1828 1345 1873 quatinus
1375 1835 1595 1862 memoratos
1624 1829 1754 1863 fratres
1785 1830 1883 1863 omni
1912 1829 2159 1863 benivolentia
2189 1837 2224 1864 et
2251 1830 2366 1876 gratia

489 1899 754 1938 prosequentes
788 1905 851 1926 eos
884 1900 1051 1938 tanquam
1077 1893 1249 1939 probatos
1276 1901 1311 1927 et
1334 1902 1503 1941 acceptos
1528 1895 1665 1930 Christi
1690 1896 1879 1930 ministros
1904 1896 2067 1930 habeatis
2093 1909 2158 1942 pro
2185 1897 2306 1931 divina
2331 1903 2368 1930 et

489 1966 611 1992 nostra
631 1960 833 1993 reverentia
854 1961 1075 2005 propensius
1096 1962 1382 2003 commendatos,
1410 1962 1512 2007 ipsos
1537 1962 1581 1995 ab
1603 1963 1748 2008 injuriis
1774 1969 1810 1996 et
1829 1963 2009 1997 molestiis
2031 1964 2223 2009 oportunis
2248 1963 2366 2009 presi-

489 2026 559 2059 diis
594 2026 846 2068 defendentes,
881 2027 928 2060 ita
963 2027 1061 2072 quod
1095 2040 1139 2061 ex
1173 2027 1240 2061 hoc
1275 2028 1381 2062 vobis
1416 2036 1451 2062 et
1483 2029 1617 2062 vestris
1657 2029 1824 2063 ecclesiis
1858 2030 1989 2063 fortius
2024 2030 2244 2076 obligemur.
2284 2031 2364 2065 Dat.

488 2093 653 2138 Anagnie
673 2094 719 2138 xij
742 2093 811 2126 kal.
834 2093 1064 2135 Novembris,
1087 2094 1318 2139 pontificatus
1340 2095 1456 2129 nostri
1478 2108 1572 2129 anno
1595 2096 1771 2130 secundo.

582 2190 717 2222 originale
732 2191 757 2214 in
769 2191 844 2215 Arch.
858 2194 910 2215 nat.
926 2192 1008 2215 Paris.
1023 2192 1049 2215 L.
1065 2193 1118 2221 250,
1135 2196 1164 2215 n⁰
1175 2193 1228 2216 114.
1242 2193 1390 2224 Supersunt
1405 2193 1449 2216 filu
1464 2193 1575 2217 cannah.
1594 2194 1622 2217 ln
1638 2194 1792 2218 membrana
1807 2202 1916 2218 aversa:
1934 2203 1946 2218 ((
1959 2195 2158 2219 Predicatorum
2168 2202 2190 2219 ὓ.
2202 2209 2231 2213 -
2242 2195 2367 2225 Bulaeus,

490 2235 535 2263 111,
552 2235 605 2258 313.
621 2249 652 2252 -
667 2236 695 2258 In
711 2236 831 2259 eumdem
847 2236 953 2259 modum
969 2236 1084 2260 existunt
1103 2237 1206 2260 litterae
1221 2237 1254 2260 ad
1275 2238 1408 2268 praelatos
1428 2246 1476 2269 per
1497 2238 1698 2267 Bituricensem,
1714 2239 1938 2268 Ebredunensem‚
1959 2241 2115 2271 Aquensem,
2135 2240 2366 2272 Burdigalensem,

490 2279 694 2308 Narbonensem,
714 2281 892 2303 Arelatensem
907 2284 932 2304 et
946 2281 1119 2305 Viennensem
1132 2282 1292 2313 provincias.
1310 2282 1406 2313 Ripoll,
1423 2283 1499 2307 Bull.
1517 2283 1581 2307 Ord.
1601 2283 1714 2312 Praeti„
1731 2284 1751 2312 Ι,
1767 2285 1821 2312 320,
1838 2288 1867 2307 n⁰
1883 2285 1936 2308 126.
1954 2285 1982 2308 In
1997 2293 2045 2308 ms.
2066 2284 2156 2308 Privil.
2176 2284 2239 2308 Ord.
2255 2284 2319 2309 Min.
2333 2284 2368 2308 nd

491 2323 553 2347 Ord.
569 2324 641 2347 Serv.
659 2324 755 2347 Mariae
776 2325 917 2356 pertinenti
938 2326 1043 2349 eaedem
1059 2325 1162 2350 litterae
1177 2329 1280 2349 exstant
1295 2326 1327 2349 ad
1343 2335 1433 2350 omnes
1448 2326 1625 2358 patriarchas,
1644 2328 1867 2360 archiepiscopos,
1884 2329 2032 2360 episcopos,
2046 2333 2105 2357 eta,
2122 2329 2237 2353 directae
2246 2331 2277 2354 at
2291 2329 2368 2353 datae

494 2377 504 2390 «
519 2377 533 2391 v
547 2369 598 2392 kul.
614 2369 677 2392 Julii
691 2377 733 2392 nn.
750 2370 864 2393 secundo
881 2378 892 2393 ›,¹
910 2370 990 2399 (1256,
1006 2371 1066 2394 Jun.
1082 2370 1129 2399 27).

496 2531 606 2567 293.
637 2541 747 2576 Capita,
773 2549 847 2576 quae
871 2541 1004 2575 magistri
1035 2541 1094 2568 Odo
1117 2542 1152 2568 de
1174 2544 1273 2569 Duaco
1298 2547 1325 2570 et
1352 2544 1533 2570 Christianus
1557 2545 1712 2571 canonicus
1736 2545 1919 2571 Belvacensis
1937 2545 2143 2581 praesentibus
2167 2543 2367 2571 cardinalibus

584 2597 614 2613 se
629 2588 826 2614 observaturos
843 2598 905 2615 esse
920 2590 1073 2624 Anagniae
1082 2591 1261 2626 juraverunt.

1666 2644 1741 2674 1256,
1758 2643 1875 2670 octobris
1885 2644 1930 2674 23,
1945 2643 2080 2676 Animulas.

587 2707 627 2738 In
657 2707 802 2739 nomine
822 2707 958 2740 Christi
978 2709 1106 2742 Amen.
1131 2711 1234 2743 Anno
1255 2712 1401 2744 Domini
1426 2714 1477 2745 Μο
1488 2713 1562 2747 CC⁰
1575 2714 1664 2755 LVI,
1686 2714 1861 2747 vicesimo
1883 2714 1989 2747 tertio
2013 2713 2071 2746 die
2097 2713 2235 2746 mensis
2260 2712 2370 2746 Octo-

498 2772 589 2814 bris,
615 2784 658 2805 xv
680 2773 890 2814 indictione,
921 2774 1085 2820 Anagnie
1107 2776 1144 2808 in
1166 2777 1296 2821 palatio
1317 2778 1455 2812 domini
1475 2792 1566 2825 pape
1586 2779 1816 2814 venerabiles
1843 2787 1963 2826 patres
1985 2779 2123 2813 domini
2144 2781 2250 2825 Hugo
2273 2778 2368 2812 tituli

500 2839 627 2872 Sancte
656 2838 785 2871 Sabine
813 2839 1003 2885 presbyter
1031 2848 1065 2874 et
1090 2842 1274 2877 Johannes
1303 2845 1422 2878 Sancti
1449 2846 1587 2880 Nicolai
1613 2847 1650 2880 in
1676 2847 1830 2881 Carcere
1855 2847 2023 2880 Tulliano
2050 2846 2226 2880 diaconus
2251 2845 2369 2879 cardi-

501 2905 591 2938 nalis
617 2904 849 2949 presentibus
875 2912 910 2938 et
933 2907 1164 2941 audientibus
1186 2922 1241 2942 me
1267 2912 1452 2945 Bernardo
1478 2912 1522 2946 de
1544 2913 1677 2946 Littera
1703 2914 1843 2947 notario
1869 2920 1904 2947 et
1927 2913 2084 2947 testibus
2113 2912 2367 2958 infrascriptis,

623 2963 663 2986 ¹43.

2563 2720 2577 2747 <j

2564 2783 2577 2821 ἐξ

2563 2823 2576 2840 ,,

2566 2846 2576 2867 ἐ

2564 2869 2573 2878 ,
