2580 3528
477 393 542 424 200
1062 404 1384 426 eitAn'rchxntUM
1421 403 1611 427 umvsns.
1649 405 1777 427 ranis.
2259 397 2357 438 [1247

476 488 599 509 sorum
622 476 739 509 oculis
761 476 917 510 filiorum
939 477 1053 510 Adam
1076 478 1243 523 imposita
1272 485 1328 511 est
1352 478 1470 524 caligo
1497 479 1702 524 ignorantie
1731 479 1937 521 tenebrosa,
1966 480 2063 525 quod
2085 481 2243 514 versutia
2270 481 2358 514 insi-

475 542 626 576 diatoris
647 542 794 576 humani
815 544 963 589 generis
985 556 1058 577 non
1079 544 1268 589 ignoratur
1289 545 1487 590 previsum,
1506 552 1545 578 ut
1564 545 1616 578 sic
1638 545 1733 579 inter
1753 545 1958 591 ignorantie
1980 546 2148 580 tenebras
2169 547 2357 593 palpantes

474 610 511 642 in
542 610 685 643 defectu
720 610 902 644 luminose
937 611 1089 644 scientie
1115 611 1151 643 in
1177 612 1232 644 via
1259 624 1399 644 morum
1435 611 1575 644 lubrice
1611 613 1832 657 cespitantes
1856 612 1900 646 ab
1926 613 2163 647 interioribus
2194 613 2356 648 tenebris

473 684 662 710 excecatos
684 678 720 710 in
742 678 942 710 exteriores
966 678 1134 710 tenebras
1154 678 1298 711 facilius
1319 678 1536 724 precipitare
1557 679 1675 724 possit
1694 679 1842 712 minime
1864 680 2102 713 revocandos.

562 744 803 778 Attendentes
833 745 978 789 igssur',
1001 745 1084 777 dum
1107 744 1173 777 hee
1195 751 1385 790 superstes
1405 745 1527 787 fuerit,
1549 745 1815 790 impossibilem
1843 757 1926 779 esse
1954 758 2077 791 pacem
2106 747 2210 793 regni
2239 747 2355 795 nostri

473 811 644 856 negotiis,
679 811 770 844 hanc
802 818 980 856 tamquam
1014 812 1220 844 divinorum
1255 818 1508 857 preceptorum
1541 812 1716 857 ignaram,
1745 812 1917 846 virtutum
1948 825 2154 855 novercam,
2183 813 2353 847 vitiorum

471 877 695 923 speluncam,
714 878 915 922 iniquitatis
936 877 1112 919 abissum,
1131 878 1303 911 universe
1324 878 1489 912 velamen
1510 879 1659 921 malitie,
1678 879 1814 924 Spiritu
1836 879 1965 912 Sancto
1987 879 2106 912 edocti
2123 886 2159 913 et
2173 879 2353 914 bonorum

471 945 629 978 virorum
665 943 831 977 consiliis
867 945 1047 978 informati
1083 945 1323 978 exterminare
1358 945 1537 986 volentes,
1573 952 1681 991 prout
1714 946 1870 979 Domino
1905 945 2013 979 nobis
2047 946 2224 991 placuerit
2255 947 2353 981 vires

471 1012 689 1052 ministrare,
722 1012 827 1056 cujus
861 1012 1033 1044 auxilium
1060 1013 1134 1057 jam
1171 1012 1419 1058 experimento
1453 1013 1662 1053 didicimus,
1694 1013 1755 1058 qui
1788 1012 1895 1046 nobis
1930 1012 2109 1046 docibiles
2139 1020 2174 1046 et
2203 1013 2353 1047 edoctos

469 1079 598 1111 fratres
625 1091 689 1124 per
710 1091 811 1112 suam
833 1079 984 1124 gratiam
1006 1079 1171 1112 exhibuit
1195 1079 1344 1125 copiose
1363 1091 1370 1112 ε
1390 1086 1537 1125 paterna
1559 1080 1787 1125 providentia
1809 1080 1957 1113 solliciti
1977 1080 2171 1114 auxiliante
2196 1080 2352 1114 Domino

468 1145 699 1179 decrevimus
724 1146 906 1187 ordinare,
930 1153 969 1179 ut
989 1158 1032 1179 ex
1052 1146 1120 1179 hoc
1147 1158 1243 1179 nunc
1265 1153 1300 1179 et
1319 1147 1356 1179 in
1379 1153 1593 1192 perpetuum
1621 1147 1745 1180 decem
1769 1159 1788 1179 e
1809 1146 1982 1180 fratribus
2002 1147 2139 1180 nostris
2165 1146 2352 1181 monachis

468 1211 691 1245 docibilibus
712 1213 749 1245 in
771 1213 931 1258 prioratu
953 1220 1079 1246 nostro
1102 1213 1137 1246 S.
1161 1214 1328 1247 Gervasii
1349 1213 1627 1247 Aurelianensis
1652 1214 1689 1246 in
1711 1226 1812 1247 sacre
1834 1213 2018 1259 theologie
2040 1214 2161 1247 studio
2187 1206 2350 1256 sedeant,

467 1279 578 1324 aliqui
618 1292 704 1313 vero
745 1292 885 1321 eorum,
922 1280 984 1325 qui
1024 1280 1118 1313 inter
1158 1287 1300 1313 ceteros
1340 1281 1589 1326 provectiores
1629 1280 1825 1322 extiterint,
1866 1292 1972 1314 causa
2012 1280 2160 1325 majoris
2199 1280 2351 1314 scientie

466 1346 679 1386 hauriende,
703 1347 903 1379 secundum
927 1347 1026 1392 quod
1048 1347 1169 1380 studio
1191 1347 1391 1392 expediens
1411 1347 1529 1381 visum
1551 1347 1661 1380 suerit
1681 1347 1726 1380 de
1747 1347 1902 1380 consilio
1925 1347 2158 1380 studentibus
2178 1347 2351 1381 fratribus

467 1413 701 1458 presidentiS,
720 1414 881 1447 Parisius
897 1414 941 1447 ad
958 1414 1117 1447 studium
1141 1414 1346 1459 dirigantur
1367 1414 1653 1447 subministratis
1674 1414 1813 1447 eisdem
1834 1414 2054 1447 necessariis
2070 1426 2114 1447 ex
2129 1413 2347 1456 redditibus,

465 1481 526 1525 qui
558 1480 792 1514 studentibus
822 1480 995 1514 fratribus
1025 1481 1162 1514 fuerint
1190 1481 1399 1526 specialiter
1428 1481 1616 1527 assignati.
1649 1482 1739 1515 Cum
1770 1487 1889 1514 autem
1919 1481 2031 1526 aliqui
2061 1493 2186 1514 eorum
2215 1481 2350 1515 suerint

465 1547 616 1580 scientia
647 1547 852 1593 theologica
879 1547 1102 1580 sufficienter
1127 1547 1268 1587 imbuti,
1298 1555 1337 1581 ut
1361 1548 1534 1581 talentum
1561 1547 1632 1581 sibi
1660 1548 1896 1580 commissum
1921 1547 2163 1592 multiplicare
2190 1547 2347 1590 valeant,

465 1621 572 1647 erunt
605 1627 622 1647 a
658 1615 780 1647 studio
817 1615 1009 1648 revocandi
1047 1622 1082 1647 et
1116 1615 1296 1656 mittendi,
1328 1627 1400 1660 quo
1430 1614 1489 1660 pie
1521 1615 1725 1648 decreverit
1753 1614 1945 1660 pastoralis
1978 1614 2206 1659 providentia
2236 1614 2349 1648 desti-

465 1681 618 1722 nandos,
641 1688 676 1713 et
696 1681 754 1714 alii
778 1681 858 1714 loco
881 1694 1005 1714 eorum
1029 1681 1207 1714 docibiles
1229 1681 1510 1721 substituantur,
1533 1693 1714 1714 sacrarum
1737 1681 1937 1714 litterarum
1959 1680 2124 1726 apicibus
2144 1679 2346 1722 imbuendi,

463 1753 502 1780 ut
523 1759 634 1792 super
655 1747 773 1780 modis
795 1747 966 1780 omnibus
987 1748 1160 1781 denarius
1181 1748 1404 1781 studentium
1428 1759 1603 1780 numerus
1625 1748 1769 1793 integer
1786 1747 2015 1789 observetur,
2038 1759 2144 1792 quem
2166 1747 2347 1780 minorare

463 1815 599 1847 nemini
630 1815 748 1856 liceat,
780 1815 845 1848 sed
876 1816 933 1847 cui
965 1815 1142 1848 Dominus
1173 1815 1405 1860 inspiraverit
1434 1815 1541 1848 liceat
1573 1821 1821 1860 augmentare.
1858 1814 1973 1860 Igitur
2003 1826 2084 1847 cum
2119 1813 2346 1859 temporibus

463 1882 660 1915 succedant
691 1889 851 1927 tempora
885 1889 921 1915 et
946 1882 1093 1916 variatis
1123 1882 1350 1928 temporibus
1379 1882 1530 1915 variatio
1561 1882 1619 1915 fiat
1650 1882 1755 1915 etiam
1787 1893 2026 1927 personarum
2057 1887 2092 1914 et
2120 1881 2157 1914 in
2185 1881 2344 1926 ipsarum

463 1948 627 1980 moribus
658 1948 715 1981 liat
744 1949 847 1981 etiam
876 1949 1072 1994 aliquando
1100 1949 1342 1996 discrepantia
1372 1948 1578 1994 peregrina,
1608 1961 1687 1981 nam
1717 1948 2009 1993 uniuscujusque
2041 1947 2165 1992 opinio
2194 1946 2346 1980 familia-

462 2015 595 2047 riorem
625 2028 724 2048 suam
754 2016 969 2049 sententiam
999 2015 1219 2049 arbitratur:
1239 2028 1283 2048 ne
1311 2016 1494 2061 inceptum
1524 2016 1711 2061 negotium
1736 2015 1782 2048 ob
1803 2014 1979 2047 honorem
2002 2014 2068 2047 Dei
2090 2020 2125 2046 et
2144 2014 2343 2047 animarum

462 2081 613 2114 salutem
642 2094 818 2126 processu
847 2083 1022 2127 temporis
1052 2083 1198 2115 variatis
1228 2082 1392 2115 moribus
1422 2082 1644 2127 prelatorum
1674 2094 1739 2127 pro
1770 2082 1914 2114 defectu
1944 2080 2196 2126 temporalium
2225 2079 2344 2113 fallaci

461 2149 620 2181 versutia
642 2148 777 2181 diaboli
799 2149 1000 2194 dissipetur
1021 2149 1238 2194 precipitare
1259 2148 1416 2181 volentis
1441 2148 1666 2181 adscendere
1687 2147 1853 2181 volentes
1874 2159 1939 2192 per
1959 2146 2147 2180 scientiam
2168 2145 2343 2180 humilem

462 2214 561 2255 illuc,
598 2215 694 2247 unde
730 2215 808 2260 ipse
842 2227 907 2260 per
941 2215 1097 2248 inssatam
1135 2214 1341 2260 superbiam
1379 2215 1609 2260 dignoscitur
1652 2214 1837 2248 corruisse
1865 2225 1872 2246 ε
1901 2212 2134 2246 studentibus
2168 2212 2341 2246 fratribus

460 2288 580 2315 certos
620 2288 655 2314 et
698 2282 922 2315 sufficientes
966 2282 1131 2315 redditus
1175 2282 1405 2315 decrevimus
1449 2282 1657 2327 assignare,
1698 2288 1736 2314 ut
1774 2281 1821 2314 sit
1858 2280 1937 2314 leva
1981 2279 2235 2325 temporalium
2273 2278 2342 2312 sub

459 2349 575 2393 capite
604 2361 743 2390 eorum,
770 2361 863 2394 quos
890 2349 925 2381 in
952 2349 1140 2394 amplexus
1166 2360 1254 2381 suos
1274 2349 1421 2381 dextera
1446 2348 1594 2381 celestis
1620 2347 1797 2393 sapientie
1823 2347 1952 2392 recipit
1976 2345 2208 2379 imbuendos.
2239 2345 2343 2379 Assi-

459 2415 670 2460 gnavimus²
700 2422 817 2449 autem
854 2416 890 2448 in
926 2428 1015 2449 usus
1044 2416 1267 2449 studentium
1298 2416 1447 2448 fratrum
1478 2427 1557 2448 cum
1585 2415 1662 2448 suis
1692 2414 1923 2460 pertinentiis
1951 2413 2149 2458 prioratum
2175 2418 2340 2445 nostrum

460 2483 494 2515 S.
519 2483 685 2516 Gervasii
712 2483 883 2528 superius
910 2489 1165 2520 memoratunn
1198 2482 1282 2515 item
1320 2489 1479 2515 nostram
1513 2482 1780 2527 preposituram
1807 2481 1841 2514 S.
1869 2480 2058 2513 Benedicti
2084 2479 2128 2512 de
2155 2480 2341 2524 Regressa

460 2549 561 2581 sitam
585 2550 677 2582 intra
699 2562 824 2582 muros
850 2549 1128 2582 Aurelianensis
1153 2549 1308 2583 civitatis
1330 2562 1410 2582 cum
1433 2549 1510 2582 suis
1539 2548 1770 2594 pertinentiis
1791 2547 1959 2580 similiter
1979 2546 2227 2592 assignamuS3
2254 2545 2339 2578 item

460 2615 604 2647 domum
645 2622 803 2648 nostram
847 2617 881 2648 S.
918 2616 1107 2649 Benedicti
1143 2628 1255 2661 super
1294 2617 1509 2661 Sequanam,
1546 2627 1651 2660 quam
1687 2615 1723 2647 in
1758 2626 1866 2647 manu
1907 2620 2042 2654 nostra,
2072 2613 2146 2657 jam
2177 2618 2233 2645 est
2262 2611 2336 2652 diu,

460 2682 644 2715 tenuimus
674 2695 753 2715 cum
786 2683 863 2715 suis
895 2683 1126 2727 pertinentiis
1161 2683 1424 2728 preassignatis
1459 2681 1664 2715 redditibus
1694 2680 1862 2714 similiter
1887 2680 2068 2713 sociamus
2087 2678 2278 2712 :volentes
2303 2683 2340 2710 et

459 2748 689 2781 strictissime
711 2755 925 2789 statuentes,
949 2756 987 2781 ut
1007 2749 1072 2781 hec
1095 2749 1227 2790 onmia,
1251 2761 1320 2794 que
1342 2749 1513 2794 superius
1539 2748 1803 2793 exprimuntur,
1826 2746 1964 2791 absque
1986 2745 2058 2778 ulla
2084 2743 2337 2778 retractatione

459 2816 662 2848 futurorum
694 2815 730 2847 in
764 2815 890 2848 felices
926 2827 1015 2847 usus
1050 2815 1274 2848 studentium
1310 2815 1570 2847 monachorum
1605 2813 1751 2859 penitus
1786 2812 2014 2857 integraliter
2048 2811 2084 2843 in
2120 2817 2334 2856 perpetuum

460 2889 704 2915 reserventur.
728 2882 856 2914 Actum
878 2894 972 2914 anno
995 2881 1139 2914 Domini
1161 2882 1408 2922 MCCXLVII,
1430 2893 1554 2914 mense
1575 2879 1704 2925 Aprili.

555 2968 648 2991 Chare.
661 2967 688 2991 S.
706 2966 848 2991 Benedicti
862 2966 1053 2990 Floriacensis
1067 2965 1092 2988 in
1108 2966 1184 2989 Arch.
1197 2966 1299 2997 depurt.
1316 2966 1351 2989 du
1367 2965 1454 2989 Loiret
1468 2965 1607 2997 (Orleans),
1617 2973 1643 2996 p.
1654 2966 1692 2993 99,
1709 2969 1739 2988 n⁰
1754 2965 1807 2988 145.
1819 2973 1830 2987 «
1842 2965 1973 2989 Collatum
1988 2971 2048 2986 cum
2058 2962 2182 2994 originali
2195 2970 2215 2984 ».
2229 2961 2336 2991 ebant,
