2580 3528
261 423 358 464 1254]
601 433 649 455 ΑΒ
681 433 789 455 Auso
822 433 901 455 mcc
935 433 1067 462 υερυε
1102 434 1150 455 an
1185 433 1414 456 PfllLIPPUM
1450 435 1489 455 iv
1526 435 1614 457 nac.
1652 436 1788 458 rnANc.
2069 429 2140 466 261g

257 506 509 540 concessimus
538 513 578 540 ut
605 506 809 553 privilegiis
839 513 874 540 et
902 506 1133 540 libertatibus
1165 506 1295 541 Ordini
1325 507 1478 541 Cisterc.
1510 507 1555 541 ab
1589 509 1787 554 apostolica
1822 510 1910 543 sede
1945 513 2134 546 concessis

257 573 352 607 sicut
379 573 492 607 ceteri
521 573 663 618 fratres·
681 573 847 619 ejusdem
877 573 1019 607 ordinis
1048 574 1271 619 gaudeatis¹.
1304 575 1350 608 Ut
1378 581 1496 608 autem
1527 574 1738 620 hujusmodi
1768 583 1928 610 vestrum
1959 585 2134 623 augeatur

257 639 431 686 gaudium
459 640 491 674 si
521 651 587 686 pro
607 646 692 674 voto
718 646 839 674 vestra
867 640 1058 674 sinceritas
1085 641 1245 674 favorem
1274 641 1311 674 in
1339 640 1447 674 nobis
1473 642 1634 675 inveniat
1663 643 1883 687 graciosum,
1916 656 1983 677 nos
2013 651 2133 678 vestre

257 705 429 752 precibus
457 706 664 740 devotionis
691 707 844 749 inducti,
875 714 913 741 ut
941 714 1085 741 vestros
1114 707 1290 742 novitios²
1312 714 1348 741 et
1371 720 1572 742 conversos
1601 716 1681 754 post
1709 709 1903 742 decursum
1930 710 2132 756 legitimum

257 771 484 818 probationis
511 779 656 819 tempus
683 774 885 807 secundum
913 773 1122 820 generalem
1145 773 1413 808 observantiam
1444 775 1609 820 ejusdem
1639 775 1780 809 ordinis
1801 776 1844 809 ad
1866 777 2133 822 professionem

256 838 420 884 recipere
445 838 610 881 valeatis,
637 840 790 873 maxime
813 852 894 873 cum
919 840 955 873 id
983 840 1129 874 dilectis
1157 839 1244 874 filiis
1269 840 1390 874 abbati
1411 848 1445 874 et
1470 841 1633 887 generali
1660 842 1819 888 capitulo
1840 843 2010 876 Cistercii
2041 844 2134 877 sicut

257 916 301 938 ex
321 916 446 938 eorum
467 905 600 939 litteris
621 905 729 939 nobis
750 918 861 952 super
881 906 950 940 hoc
971 906 1122 940 directis
1142 907 1350 953 accepimus
1376 907 1526 953 placeat,
1547 908 1654 942 vobis
1675 909 1887 942 auctoritate
1908 910 2132 955 presentium

256 971 493 1005 concedimus
526 971 745 1006 facultatem.
782 972 879 1006 Nulli
919 985 1022 1019 ergo,
1055 979 1135 1015 etc„
1171 980 1297 1007 nostre
1329 974 1596 1013 concessionis,
1626 981 1690 1009 etc.
1728 975 1763 1008 Si
1794 975 1877 1020 quis
1907 983 2038 1018 autem,
2067 982 2131 1011 etc.

257 1039 335 1071 Dat.
357 1039 521 1072 Laterani
544 1038 595 1083 iiij
618 1038 667 1072 id.
690 1039 823 1081 Martii,
845 1051 940 1073 anno
960 1041 1008 1085 xj.

350 1145 412 1177 Reg.
432 1145 489 1169 Vnt.
506 1144 651 1168 innocentii
667 1145 700 1169 1v
715 1153 756 1169 an.
774 1146 812 1174 11,
828 1154 870 1177 ep*
887 1147 942 1175 520,
959 1146 1003 1170 fot.
1021 1147 1059 1170 71.

354 1228 376 1252 1.
389 1229 477 1260 Supra
487 1233 526 1252 n⁰¹
537 1229 591 1258 157,
603 1230 657 1253 192.
668 1243 699 1247 —
714 1230 736 1253 2.
753 1230 782 1253 ln
797 1238 856 1262 cap.
872 1230 991 1262 generali
1006 1230 1122 1262 ejusdem
1139 1231 1200 1255 anni
1215 1231 1330 1264 legitur:
1349 1241 1360 1255 (ι
1376 1232 1528 1255 Mandatum
1544 1232 1613 1255 dom.
1625 1239 1703 1264 pape.
1717 1251 1722 1255 .
1737 1251 1753 1260 .,
1767 1233 1837 1264 quod
1848 1233 1918 1265 apud
1931 1234 1956 1257 S.
1969 1233 2132 1257 Bernardum

255 1272 374 1296 Pari-ius
390 1272 482 1296 novitii
497 1273 660 1305 recipiantur
674 1277 700 1298 et
714 1274 812 1298 ibidem
827 1274 971 1298 secundum
988 1276 1100 1298 formam
1115 1275 1216 1299 ordinis
1231 1276 1415 1308 profiteantur.
1432 1276 1565 1308 approbat
1578 1280 1604 1300 et
1618 1280 1723 1308 gratum
1735 1277 1815 1300 habet
1828 1277 1877 1300 hoc
1892 1277 2038 1309 capitulum
2051 1286 2132 1310 gene—

255 1317 311 1340 rale
326 1324 348 1340 a.
364 1317 489 1346 Hartene,
508 1317 587 1342 Thes.
599 1324 663 1343 nov·
678 1319 787 1347 anecd..
803 1318 845 1347 lv,
863 1319 932 1347 11:02,
949 1323 978 1342 n⁰
993 1319 1014 1342 2.

255 1517 367 1556 235.
391 1528 573 1555 Innocentius
593 1529 638 1555 IV
650 1528 785 1566 deplorat
799 1533 889 1556 totam
903 1529 1070 1556 clericorum
1085 1529 1297 1557 multitudinem
1312 1530 1353 1557 ad
1367 1531 1532 1557 audiendas
1547 1531 1715 1558 saeculares
1730 1532 1807 1567 leges
1822 1541 1997 1569 concurrere,
2013 1534 2133 1561 adhibet

344 1575 472 1604 remedia
491 1580 592 1604 contra
611 1577 685 1604 hunc
704 1578 831 1604 morbum
851 1579 1012 1615 statuitque
1032 1587 1067 1605 ne
1089 1579 1118 1605 in
1139 1580 1272 1614 Francia,
1295 1579 1410 1615 Anglia,
1435 1580 1541 1615 Scotia,
1569 1579 1682 1616 Wallia,
1705 1581 1860 1617 IIispania,
1882 1583 2035 1617 Hungaria
2054 1582 2131 1618 leges

343 1625 511 1653 saeculares
526 1625 668 1661 legantur.

1268 1687 1345 1717 1253.
1361 1687 1414 1714 Oct.
1431 1687 1555 1718 12-1254,
1572 1687 1664 1720 Aprilis
1678 1689 1724 1718 27,
1741 1689 1843 1716 Romae.

345 1772 581 1806 Innocentius
615 1779 766 1818 quartus
804 1772 975 1807 omnibus
1014 1774 1163 1820 prelatis
1196 1774 1233 1807 in
1265 1786 1381 1821 regno
1416 1775 1580 1818 Francie,
1616 1775 1763 1822 Anglie,
1805 1777 1937 1820 Scotie,
1978 1778 2126 1821 Wallie,

254 1837 440 1884 Hispanie,
461 1845 498 1872 et
523 1839 708 1885 Hungarie
735 1840 956 1874 constitutis.
987 1841 1105 1886 Super
1126 1840 1285 1886 specula.
1315 1842 1364 1876 Et
1387 1841 1519 1887 infra¹.
1543 1841 1719 1876 Dolentes
1741 1843 1951 1886 recolimus,
1973 1845 2129 1890 qualiter

253 1904 434 1950 quondam
456 1905 514 1951 pia
533 1918 573 1939 ac
599 1912 720 1940 sancta
746 1906 963 1940 clericorum
990 1907 1175 1953 plantatio,
1199 1920 1264 1941 sue
1285 1908 1402 1954 prime
1423 1908 1626 1942 honestatis
1646 1908 1770 1951 oblita,
1793 1923 1810 1943 a
1832 1922 1974 1944 summo
1996 1913 2128 1946 sancti-

252 1971 335 2005 tatis
354 1971 514 2005 culmine
539 1972 583 2006 ad
604 1972 674 2006 ima
697 1972 890 2007 descendit
914 1973 1098 2007 vitiorum.
1128 1973 1279 2008 Crebris
1305 1975 1439 2020 quippe
1464 1974 1588 2009 relatis
1609 1988 1716 2010 aures
1737 1983 1880 2010 nostras
1900 1977 2127 2012 abhorrenda

252 2037 344 2071 fama
370 2038 640 2085 circumstrepit
660 2046 696 2073 et
719 2039 878 2073 inculcat
905 2040 1067 2080 assidue,
1096 2041 1194 2086 quod
1224 2041 1362 2075 relictis
1391 2042 1592 2087 quinimmo
1622 2043 1750 2088 procul
1776 2050 1809 2077 et
1834 2043 1986 2089 abjectis
2012 2045 2129 2091 philo-

253 2103 416 2150 sophicis
443 2105 663 2151 disciplinis,
690 2112 729 2140 ut
753 2106 798 2140 ad
820 2118 974 2152 presens
993 2107 1039 2140 de
1060 2107 1182 2141 divina
1203 2108 1354 2142 scientia
1380 2115 1576 2151 taceamus,
1598 2115 1670 2143 tota
1690 2109 1907 2144 clericorum
1933 2112 2127 2146 multitudo

253 2170 297 2204 ad
318 2170 518 2205 audiendas
541 2172 728 2206 seculares
748 2172 852 2219 leges
881 2174 1079 2215 concurrit,
1102 2181 1150 2215 et,
1172 2174 1270 2220 quod
1292 2175 1408 2221 magis
1429 2182 1485 2208 est
1504 2175 1618 2208 divini
1638 2176 1954 2211 animadversione
1975 2178 2124 2224 dignum

248 2237 392 2282 judicii,
420 2249 517 2271 nunc
547 2238 584 2271 in
614 2225 800 2285 plerisque
830 2239 954 2273 mundi
990 2240 1197 2274 climatibus
1231 2241 1275 2275 ad
1309 2241 1577 2276 ecclesiasticas
1611 2242 1821 2288 dignitates,
1858 2243 2034 2286 honores,
2069 2246 2126 2279 vel

254 2302 460 2349 prebendas
486 2303 610 2338 nullus
635 2306 833 2339 assumitur
853 2319 871 2340 a
893 2306 1054 2352 prelatis,
1081 2307 1153 2340 nisi
1178 2307 1240 2352 qui
1266 2307 1324 2341 vel
1351 2307 1527 2342 secularis
1553 2308 1706 2342 scientie
1731 2310 1920 2354 professor
1940 2310 1996 2344 vel
2016 2311 2126 2345 advo-

252 2376 354 2404 catus
375 2370 517 2413 existat,
537 2382 618 2404 cum
641 2371 730 2405 tales
749 2384 768 2405 a
788 2371 934 2415 talibus,
957 2373 1028 2406 nisi
1048 2373 1116 2406 alia
1136 2373 1423 2419 suffragarentur
1443 2374 1596 2415 eisdem,
1619 2381 1745 2408 essent
1764 2375 1886 2420 potius
1907 2377 2123 2422 repellendi,

253 2437 405 2470 maxime
426 2449 507 2471 cum
528 2436 760 2484 philosophie
780 2438 955 2484 alumpni,
977 2439 1013 2472 in
1034 2439 1199 2484 ejusdem
1223 2440 1365 2486 gremio
1392 2446 1459 2473 tam
1482 2440 1678 2474 tenerrime
1699 2441 1854 2483 educati,
1876 2449 1945 2476 tam
1967 2443 2126 2490 diligen-

252 2503 393 2537 tissime
428 2503 570 2545 imbuti,
604 2511 672 2538 tam
708 2505 1015 2539 excellentissime
1055 2506 1185 2551 promti
1221 2513 1257 2540 et
1290 2497 1423 2549 edocti,
1459 2518 1522 2552 pre
1556 2507 1674 2540 victus
1708 2514 1743 2541 et
1775 2509 1929 2543 vestitus
1973 2511 2123 2556 penuria

252 2577 489 2616 conspectum
504 2570 697 2616 'hominum
720 2578 898 2618 cogantur
918 2572 1060 2618 fugere,
1081 2571 1169 2606 huc'
1189 2579 1223 2606 et
1240 2572 1326 2606 illuc
1343 2579 1509 2619 tanquam
1528 2580 1659 2607 noctue
1676 2573 1857 2608 latitantes
1876 2587 1883 2608 :
1902 2582 1937 2610 et
1961 2577 2124 2611 advocati

251 2636 382 2678 nostri,
417 2637 526 2671 immo
561 2637 710 2680 diaboli,
741 2638 846 2684 equis
880 2637 1039 2672 faleratis
1075 2639 1262 2685 purpurati
1296 2639 1500 2673 insidentes
1529 2639 1566 2673 in
1595 2639 1738 2686 fulgore
1773 2642 1863 2683 auri,
1896 2642 1931 2675 in
1966 2644 2124 2678 candore

251 2703 406 2750 argenti,
441 2704 477 2737 in
513 2704 631 2738 nitore
664 2716 908 2751 gemmarum,
944 2705 981 2738 in
1015 2705 1222 2747 olosericis,
1253 2712 1459 2751 stupentem
1495 2705 1771 2741 reverberantes
1807 2708 1940 2750 solem,
1976 2722 2016 2744 se
2051 2722 2123 2744 non

251 2769 423 2804 Crueifixi
462 2771 617 2805 vicarios
650 2771 716 2805 sed
754 2771 910 2805 heredes
952 2771 1108 2805 Luciferi
1148 2772 1422 2818 pretendentes,
1457 2783 1676 2819 quocunque
1715 2774 1968 2820 ingrediantur
2004 2776 2050 2810 de
2084 2788 2123 2810 se

252 2836 498 2882 spectaculum
518 2838 706 2880 facientes,
732 2838 907 2872 laicorum
934 2838 1222 2885 indignationem
1244 2845 1280 2873 et
1300 2839 1423 2873 odium
1445 2846 1569 2873 contra
1595 2851 1648 2882 se,
1671 2840 1794 2883 immo,
1814 2842 1911 2887 quod
1934 2843 2048 2888 'inagis
2070 2850 2122 2877 est

253 2902 464 2945 dolendum,
487 2911 611 2939 contra
633 2911 740 2939 totam
764 2905 828 2938 Dei
851 2905 1043 2939 ecclesiam
1067 2912 1264 2951 provocant
1289 2912 1325 2939 et
1345 2906 1548 2940 incurrunt.
1581 2906 1714 2941 Dicunt
1743 2908 1838 2941 enim
1868 2908 1948 2942 laici
1968 2921 1975 2942 z
1995 2923 2011 2940 «
2031 2910 2123 2942 Ecce

253 2968 422 3004 homines
446 2970 507 3016 qui
532 2983 605 3005 non
627 2978 829 3018 posuerunt
855 2973 968 3005 Deum
995 2972 1197 3018 adjutorem
1224 2984 1345 3015 suum,
1362 2973 1427 3006 sed
1450 2973 1485 3006 in
1507 2972 1738 3007 multitudine
1755 2974 1959 3008 divitiarum
1977 2987 2122 3008 suarum
