2580 3528
251 413 348 454 1267]
588 422 636 445 ΑΒ
669 423 778 446 Auno
812 423 892 446 ucc
926 423 1058 452 usQur.
1093 424 1142 446 AD
1177 425 1406 447 PHILIPPUM
1442 425 1482 447 ιν
1517 426 1606 448 nac.
1643 427 1780 449 raANc.
2058 419 2124 452 465

247 496 367 542 ipsum
396 496 595 543 productos
624 496 719 530 inter
747 497 815 530 alia
845 497 1063 543 deposuisse
1092 498 1338 544 comperimus
1367 499 1465 544 quod
1495 499 1623 532 eodem
1653 500 1810 541 officiali,
1843 508 2032 546 postquam
2050 503 2122 546 jam

246 562 457 609 hujusmodi
477 563 696 597 commissus
716 570 793 597 erat
811 575 999 606 excessus,
1020 564 1190 598 veniente
1210 564 1255 598 ab
1276 572 1374 599 extra
1395 572 1430 599 et
1450 566 1487 598 in
1507 566 1606 599 curia
1627 566 1744 612 ipsius
1770 566 1901 600 domus
1922 568 2125 601 servientes

246 629 456 664 inveniente
476 629 676 675 predictos,
697 630 769 676 ipsi
796 631 1000 665 servientes
1027 643 1109 664 cum
1137 643 1202 665 eos
1229 631 1325 665 idem
1354 632 1518 667 officialis
1546 633 1811 679 interrogasset
1837 634 1925 679 quid
1951 634 2125 676 fecerant,

246 696 518 742 responderunt
535 697 634 742 quod
654 703 752 731 extra
767 697 968 731 Parvisium
985 698 1086 744 ipsos
1107 698 1268 732 scolares
1283 698 1508 745 expulerant.
1526 700 1780 745 Deposuerant
1795 701 1900 734 etiam
1922 700 1992 746 ipsi
2013 707 2126 734 testes

247 763 347 809 quod
373 770 459 797 tunc
485 763 630 797 officiali
657 764 796 810 prefato
821 764 889 798 fuit
913 765 1049 798 dictum
1073 764 1211 799 ibidem
1236 765 1336 811 quod
1361 766 1636 812 prenominatus
1663 767 1850 801 Guillotus
1875 767 1910 800 le
1937 768 2125 809 Cotonier,

248 841 355 876 quem
381 829 507 876 utique
531 830 705 864 clericum
731 831 909 865 scolarem
935 832 1180 866 Parisiensem
1206 844 1290 866 esse
1314 839 1470 875 constat,
1495 833 1611 867 fuerat
1636 833 1772 867 ibidem
1798 833 1842 867 ab
1868 846 1941 867 uno
1967 846 2010 868 ex
2035 834 2126 880 ipsis

247 896 495 931 servientibus
528 898 688 943 graviter
719 898 944 932 vulneratus.
975 899 1187 932 lnvenimus
1217 906 1252 933 et
1281 911 1392 933 unum
1428 900 1473 933 de
1507 900 1663 934 testibus
1697 901 1916 946 deposuisse
1951 901 2126 947 predictis

249 963 347 1010 quod
374 970 460 998 tunc
487 963 652 998 officialis
678 965 758 1010 ipse
783 965 890 999 dictis
918 965 1166 999 servientibus
1195 966 1404 1000 dicentibus
1433 967 1607 1012 predicta,
1636 967 1828 1013 respondit
1857 979 1863 1000 :
1888 983 1904 999 «
1936 969 2015 1001 Non
2046 968 2126 1002 sitis

249 1031 441 1076 stupefacti
466 1042 533 1076 pro
558 1037 656 1065 tanto
679 1044 714 1073 »3
737 1031 889 1065 alterum
914 1039 1033 1066 autem
1057 1044 1065 1066 ι
1089 1047 1106 1064 «
1128 1034 1208 1066 Non
1229 1033 1310 1067 sitis
1335 1045 1401 1079 pro
1427 1040 1497 1067 tam
1523 1033 1668 1067 modico
1694 1035 1885 1080 stupefacti
1916 1048 1945 1067 ».
1974 1035 2127 1068 Tercius

249 1109 337 1131 vero
357 1097 462 1131 testis
482 1097 650 1144 perhibet
669 1098 767 1144 quod
787 1105 873 1132 tunc
892 1099 1140 1133 servientibus
1161 1100 1253 1146 ipsis
1274 1100 1392 1133 eidem
1414 1100 1558 1134 officiali
1577 1101 1889 1147 respondentibus
1910 1102 2009 1147 quod
2029 1108 2127 1136 extra

250 1164 426 1210 prefatum
466 1164 586 1198 locum
621 1165 782 1199 scolares
816 1165 918 1211 ipsos
953 1165 1179 1212 expulerant,
1215 1166 1380 1200 officialis
1413 1167 1492 1213 ipse
1527 1167 1618 1201 dixit
1650 1168 1717 1209 eis,
1753 1174 1792 1201 ut
1823 1167 1947 1202 verbis
1985 1175 2128 1202 utamur

250 1231 396 1264 testium
419 1242 427 1264 :
456 1245 473 1263 «
495 1232 570 1264 Hoc
595 1238 652 1265 est
670 1231 764 1265 bene
786 1245 817 1265 ».
839 1232 968 1266 Plures
989 1244 1135 1278 quoque
1155 1233 1318 1278 ipsorum
1341 1234 1486 1267 testium
1507 1233 1702 1280 perhibent
1721 1234 1819 1280 quod
1840 1235 1886 1277 is,
1907 1235 1969 1280 qui
1991 1235 2127 1268 dictum

250 1296 452 1331 Guillotum
469 1297 685 1340 vulneravit,
700 1298 768 1331 suit
786 1298 829 1331 ad
847 1298 1037 1343 quamdam
1059 1310 1237 1332 cameram
1258 1300 1352 1333 dicte
1374 1300 1505 1333 domus
1525 1300 1704 1334 abductus
1724 1308 1760 1335 et
1779 1301 1944 1335 inclusus
1965 1301 2071 1334 etiam
2091 1301 2129 1335 in

250 1363 376 1397 eadem
395 1363 518 1409 gladio
535 1363 831 1410 sanguinolento,
855 1377 927 1410 quo
949 1365 1084 1399 dictum
1105 1365 1307 1400 Guillotum
1328 1356 1594 1408 vulneraVerat,
1616 1367 1660 1400 de
1682 1367 1849 1401 manibus
1870 1369 1949 1412 ejus
1970 1374 2127 1414 arrepto.

250 1429 449 1464 Perhibent
468 1430 574 1464 etiam
595 1430 694 1476 quod
714 1431 843 1477 prefati
863 1431 960 1465 furni
981 1432 1186 1466 servientes
1207 1433 1270 1478 qui
1291 1444 1482 1466 excessum
1503 1432 1713 1478 hujusmodi
1735 1440 2001 1479 perpetrarunt,
2025 1441 2134 1468 nocte

250 1496 312 1531 illa
338 1497 376 1530 in
406 1496 532 1530 eadem
562 1497 671 1531 domo
701 1497 819 1543 ipsius
849 1498 1014 1544 episcopi
1043 1505 1305 1544 pernoctarunt
1338 1498 1410 1533 sibi
1444 1511 1510 1545 per
1541 1499 1711 1533 familiam
1747 1500 1878 1534 (lomus
1913 1500 2129 1546 quibusdam

249 1562 470 1598 victualibus
494 1563 728 1606 ministratis3
755 1564 912 1610 ipsemet
938 1565 1044 1599 etiam
1071 1565 1236 1599 officialis
1257 1566 1294 1599 in
1315 1565 1534 1611 quibusdam
1559 1566 1701 1600 cedulis
1727 1579 1817 1612 quas
1842 1567 1886 1600 ad
1912 1567 1968 1600 sui
1994 1567 2132 1601 deffen-

251 1630 392 1665 sionem
413 1629 580 1664 exhibuit
598 1630 793 1664 confitetur
814 1631 914 1677 quod
934 1633 1015 1678 ejus
1035 1632 1169 1666 familia
1190 1633 1308 1666 dictos
1329 1633 1533 1667 servientes
1553 1645 1618 1679 per
1638 1633 1772 1667 multos
1793 1633 1872 1667 dies
1893 1640 1928 1667 et
1949 1641 2074 1668 noctes
2095 1634 2133 1668 in

252 1697 361 1731 domo
390 1697 542 1731 retinuit
570 1697 790 1743 supradicta,
823 1710 1029 1744 quanquam
1065 1699 1161 1733 dicat
1190 1699 1288 1745 quod
1318 1699 1354 1733 id
1384 1700 1428 1733 ad
1458 1711 1558 1733 suam
1589 1700 1756 1746 pervenit
1785 1701 1954 1734 noticiam
1981 1713 2025 1734 ex
2052 1708 2135 1746 post

255 1764 362 1798 facto.
403 1764 539 1797 Lucide
568 1764 720 1810 insuper
750 1771 786 1798 et
814 1777 988 1811 expresse
1021 1772 1134 1800 testes
1168 1766 1374 1812 deposuere
1405 1767 1559 1812 predicti
1593 1767 1691 1813 quod
1726 1767 1935 1813 sepedictus
1969 1767 2133 1802 officialis

252 1837 377 1877 preest
398 1830 534 1864 familie
560 1830 656 1865 dicte
682 1831 826 1874 domus,
853 1844 925 1878 que
950 1845 1031 1866 cum
1057 1833 1139 1867 aliis
1165 1845 1356 1868 excessum
1381 1833 1592 1879 hujusmodi
1621 1835 1853 1880 perpetravit,
1877 1841 1912 1867 et
1937 1834 2034 1879 quod
2056 1835 2134 1880 ipsa

251 1897 385 1931 familia
414 1897 485 1931 sibi
515 1897 644 1932 subest
671 1910 711 1932 ac
741 1899 840 1944 quod
869 1911 943 1932 non
972 1899 1188 1934 obedientes
1215 1900 1286 1934 sibi
1316 1901 1348 1934 si
1376 1900 1487 1935 vellet
1512 1900 1642 1947 punire
1669 1901 1818 1943 valeret,
1847 1901 2010 1947 quamvis
2037 1901 2134 1935 idem

253 1963 418 1998 officialis
439 1976 480 1998 se
499 1964 553 1998 illi
574 1976 725 2011 preesse
745 1977 810 2011 per
831 1966 1020 2012 proprium
1042 1967 1233 2013 negaverit
1247 1968 1507 2013 juramentum.

342 2032 456 2065 Porro
490 2042 572 2074 nos,
603 2038 728 2066 vocata
763 2032 999 2067 multitudine
1033 2034 1248 2079 peritorum,
1282 2034 1461 2080 premissa
1495 2041 1531 2068 et
1563 2034 1631 2068 alia
1665 2035 1784 2068 omnia
1819 2047 1889 2080 que
1922 2035 2134 2080 hujusmodi

255 2097 449 2143 negocium
474 2097 716 2141 instruebant,
738 2105 810 2132 tam
835 2111 906 2145 que
932 2111 1012 2146 pro,
1035 2112 1141 2146 quam
1167 2113 1238 2146 que
1263 2107 1388 2135 contra
1414 2101 1602 2135 officialem
1629 2102 1748 2148 ipsum
1774 2102 1893 2135 facere
1918 2102 2135 2135 videbantur

256 2163 384 2210 peritis
409 2163 500 2210 ipsis
525 2163 683 2199 fideliter
707 2177 891 2212 exponere
911 2178 952 2200 ac
973 2166 1172 2213 diligenter
1191 2167 1376 2208 elucidare
1404 2168 1612 2202 studuimus
1641 2175 1677 2202 et
1702 2180 1856 2202 unacum
1884 2169 1938 2202 eis
1964 2168 2134 2202 universa

255 2229 373 2276 ipsius
407 2229 553 2276 negocii
586 2231 713 2265 merita
747 2233 946 2266 attentione
981 2233 1137 2268 sollicita
1171 2233 1250 2268 zelo
1279 2234 1429 2280 justicie
1465 2235 1683 2281 ponderare.
1720 2236 1819 2268 Inter
1851 2234 1919 2268 alia
1953 2235 2065 2280 igitur
2099 2234 2135 2267 id

255 2297 455 2331 attentione
475 2297 753 2332 consideramus
772 2298 956 2345 diligenti,
977 2299 1149 2334 videlicet
1168 2301 1268 2346 quod
1289 2301 1540 2335 malefactores
1562 2301 1716 2347 predicti
1743 2301 1978 2347 deliquerunt
1996 2301 2032 2334 in
2053 2301 2134 2334 loco

257 2362 319 2396 uhi
345 2374 386 2396 ea
408 2363 619 2409 jurisdictio
639 2364 683 2398 ad
705 2364 895 2399 officialem
915 2365 1034 2412 ipsum
1056 2366 1196 2401 ratione
1218 2366 1327 2401 officii
1348 2367 1405 2401 sui
1426 2367 1570 2401 notorie
1596 2366 1812 2413 pertinebat,
1835 2379 1900 2413 per
1923 2379 2028 2413 quam
2055 2367 2134 2413 ipse

257 2441 331 2463 non
350 2428 469 2464 solum
490 2429 701 2476 spirituales
718 2437 839 2477 potest
857 2444 970 2477 penas
983 2432 1153 2479 infligere
1169 2433 1235 2467 sed
1252 2434 1358 2467 etiam
1375 2434 1464 2468 citra
1479 2434 1674 2468 vindictam
1692 2434 1884 2480 sanguinis
1903 2434 2134 2480 temporales,

257 2502 294 2530 et
317 2496 416 2542 quod
441 2496 512 2542 ipsi
536 2496 787 2532 malefactores
807 2505 892 2544 post
915 2498 1141 2533 malefactum
1168 2507 1413 2546 perpetratum
1440 2501 1682 2547 supradictam
1709 2501 1844 2534 curiam
1871 2501 1948 2534 sive
1974 2501 2135 2543 domum,

258 2562 356 2597 unde
381 2569 507 2597 contra
532 2563 695 2598 scolares
719 2564 821 2610 ipsos
846 2566 1044 2606 exiverant,
1066 2573 1103 2600 et
1122 2565 1184 2600 ubi
1205 2566 1370 2601 officialis
1395 2567 1474 2613 ipse
1493 2567 1790 2613 jurisdictionem
1815 2567 1971 2601 similem
1997 2567 2138 2602 obtinet

258 2630 495 2672 reintrarunt,
523 2630 696 2677 quodque
723 2631 887 2666 officialis
913 2632 992 2678 ipse
1019 2639 1104 2667 tunc
1129 2645 1193 2667 eos
1219 2633 1354 2667 ibidem
1380 2634 1519 2668 invenit
1543 2641 1579 2668 et
1602 2634 1701 2680 quod
1728 2634 1842 2680 ipsos,
1864 2646 1957 2680 quos
1979 2635 2024 2668 de
2044 2635 2136 2669 sacto

258 2708 388 2742 capere
420 2708 461 2731 ac
495 2697 661 2731 detinere
695 2699 824 2744 potuit,
856 2698 972 2733 libere
1002 2706 1038 2733 et
1066 2700 1265 2746 impunitos
1295 2699 1394 2734 abire
1424 2701 1604 2747 permisit,
1633 2700 1719 2735 licet
1747 2713 1812 2734 eos
1841 2713 2021 2747 pauperes
2055 2713 2137 2735 esse

259 2762 443 2797 notorium
465 2763 572 2806 foret,
594 2776 765 2811 nuncque
787 2765 949 2811 ipsorum
972 2765 1115 2812 aliquos
1136 2778 1219 2801 esse
1239 2766 1332 2801 male
1353 2767 1538 2813 opinionis
1559 2774 1594 2801 et
1614 2767 1706 2802 fame
1726 2768 1771 2802 ad
1791 2768 1848 2802 sui
1873 2768 2137 2802 deffensionem

259 2828 406 2876 alleget.
433 2830 525 2865 Cum
547 2842 613 2877 per
631 2830 701 2865 hoc
721 2838 757 2865 et
776 2831 864 2866 alias
885 2833 990 2867 etiam
1013 2833 1132 2867 dictus
1157 2833 1323 2868 officialis
1347 2833 1561 2881 intelligens
1585 2834 1835 2869 ecclesiastico
1858 2834 1974 2880 judici
2001 2841 2140 2880 tempo-

262 2894 375 2930 ralem
419 2896 717 2942 jurisdictionem
764 2899 948 2933 exercenti
996 2900 1313 2934 commutationem
1358 2912 1531 2947 penarum
1579 2913 1598 2935 a
1646 2901 1759 2936 sacris
1807 2901 2009 2935 canonibus
2057 2912 2139 2934 esse

266 2961 497 3007 permissam,
529 2962 710 3010 intrepide
742 2964 936 3010 providere
966 2965 1136 3001 debuerit
1164 2973 1203 3001 ut
1231 2966 1524 3002 malefactoribus
1549 2967 1782 3014 supradictis,
1809 2967 1870 3013 qui
1900 2968 1972 3012 jam
2000 2979 2043 3000 ex
2073 2978 2139 3000 suo

390 3019 490 3046 caan.
511 3019 590 3046 vnto.
607 3020 704 3047 Paris.
721 3022 743 3047 Ι.
1987 3025 2017 3048 59
