2580 3528
267 408 365 450 1256]
609 417 656 440 ΑΒ
690 417 796 440 Anao
829 417 908 440 uec
941 417 1073 446 usQus
1108 417 1156 439 AD
1190 417 1422 439 rmmrruu
1456 417 1497 439 ιν
1531 418 1620 440 nso.
1657 419 1794 441 salue.
2073 412 2140 445 323

265 492 373 537 Quod
397 498 517 526 autern
544 503 657 538 super
682 491 752 525 hoc
780 491 967 525 inveneris
991 497 1028 524 et
1050 491 1195 532 feceris,
1222 490 1330 524 nobis
1354 490 1512 525 fideliter
1539 491 1744 525 rescribere
1772 504 1845 526 non
1873 494 2028 527 omittas.
2059 496 2136 529 Dat.

264 557 431 605 Anagnie
450 570 497 593 xv
515 558 586 592 kal.
606 557 707 600 Julii,
728 557 959 604 pontificatus
979 557 1097 591 nostri
1117 569 1212 591 anno
1233 557 1410 591 secundo.

358 655 494 688 Originale
513 656 540 680 in
559 655 636 680 Arcb.
659 659 714 680 nat.
734 655 820 680 Paris.
843 656 872 680 L.
892 656 997 685 250,'n⁰
1017 657 1057 680 95.
1079 656 1228 688 Supersunt
1247 655 1292 679 filu
1311 656 1423 680 cannah.
1445 670 1477 675 —
1497 657 1639 688 Maynum
1659 657 1807 683 Pastorale
1832 657 1859 681 in
1880 658 1955 682 Arch.
1977 662 2031 682 nat.
2053 659 2137 683 Paris.

264 700 312 726 u..
333 701 388 730 175,
407 708 435 733 p.
451 701 506 725 559.
527 700 591 725 Cod.
610 700 753 732 privilegia
772 700 836 725 Ord.
857 700 920 726 Min.
942 700 1078 725 continens
1099 701 1177 730 (saec.
1199 700 1263 731 xw)
1284 703 1310 724 et
1332 701 1366 724 ad
1388 701 1452 725 Ord.
1473 701 1615 725 Servorum
1635 701 1734 726 Mariae
1752 702 1895 734 pertinens.
1913 702 1976 726 Cod.
1998 703 2138 727 Rutenens.

264 745 375 771 Coiutit.
391 745 456 770 Ord.
471 745 576 774 Praed„
590 754 617 777 p.
634 746 690 770 243.
707 745 871 770 cartulaire
886 745 932 770 des
948 745 1127 770 Dominicains
1142 745 1169 768 in
1185 745 1261 769 Arcb.
1272 745 1374 777 depart.
1391 746 1422 769 de
1436 746 1461 769 lu
1471 746 1622 774 Cote-d'Or,
1635 747 1666 770 Β.
1683 747 1739 774 221,
1755 747 1799 770 fol.
1816 747 1860 775 67;
1876 747 1974 779 ibique,
1991 748 2070 771 liasse
2084 750 2138 777 930,

263 790 398 818 vidimus,
413 798 455 814 aa.
473 790 544 814 1256.
558 790 688 826 Layettes
702 791 742 814 du
760 789 849 815 tresor
861 791 909 815 des
921 790 1041 818 «thanes,
1058 794 1087 814 n⁰
1101 791 1172 814 4262.
1193 789 1322 814 Vidimus
1341 790 1459 822 episcopi
1474 790 1558 815 Paris.
1575 791 1673 815 mensis
1690 792 1756 823 Aug.
1771 791 1835 815 anni·
1849 791 1910 815 1256
1925 792 1951 815 in
1967 793 2093 817 Annales
2107 794 2141 817 de

263 835 385 863 Bur-ton,
401 834 443 858 ed.
454 834 551 863 Lam-d,
564 842 591 866 p.
607 835 663 858 430.
679 833 803 863 Bulaeus,
820 834 867 863 111,
882 835 938 858 302.

358 918 381 942 1.
395 918 483 951 Supra
497 922 527 942 u⁰
541 919 596 942 247.
609 931 641 937 —
657 918 682 942 2.
694 918 782 950 Supra
794 922 826 941 αθ
839 918 936 943 248..—
953 919 976 942 ³.
989 918 1075 950 Supra
1091 921 1120 941 n⁰
1134 919 1189 944 256.
1204 931 1235 936 -
1251 919 1274 942 4.
1292 919 1378 950 Supra
1393 922 1432 942 n⁰⁸
1450 919 1505 947 269,
1522 919 1576 947 272,
1593 919 1646 943 273,
1662 932 1694 937 ——
1707 921 1730 943 5.
1747 919 1834 951 Supra
1850 924 1879 943 n⁰
1891 920 1946 944 268.
1963 933 1993 938 -
2007 921 2031 944 6.
2046 921 2139 945 Maub.

263 963 359 992 Parim,
375 963 417 989 od.
429 963 527 991 Luni-d,
537 963 568 992 V,
582 963 636 991 59⁹,
648 962 786 995 adjungit:
799 971 812 986 «ι
823 963 868 995 qui
883 962 1008 986 nobiliter
1022 966 1144 986 rexerant
1158 962 1184 986 in
1200 963 1312 991 artibus,
1329 963 1355 987 in
1370 963 1483 987 decretis
1495 963 1537 995 (de
1551 963 1693 988 Guillelmo
1708 972 1732 987 v.
1750 972 1832 996 supra
1847 968 1886 987 κιο·
1899 965 1954 993 122,
1969 965 2023 994 174,
2037 965 2101 997 175),
2115 968 2141 989 et

261 1011 325 1032 tunc
340 1007 367 1032 in
381 1007 515 1040 theologia
531 1015 553 1031 r.
572 1020 602 1026 -
619 1007 642 1031 7.
658 1007 750 1031 nauh.
767 1007 852 1035 Paris,
867 1007 886 1031 l.
907 1015 929 1031 c.
943 1015 948 1030 z
967 1015 979 1030 (ι
994 1007 1039 1039 qui
1059 1010 1163 1031 rexerat
1181 1007 1208 1031 in
1228 1007 1340 1035 artibus,
1357 1008 1462 1039 legibus
1477 1011 1502 1032 et
1517 1008 1638 1036 decretis,
1655 1009 1688 1032 ad
1703 1009 1845 1040 legendum
1858 1009 1885 1032 in
1908 1009 2040 1041 theologia
2060 1018 2140 1042 prue-

262 1052 373 1084 paratus
386 1060 410 1077 r.
420 1065 452 1070 —
465 1052 490 1076 8.
501 1051 668 1076 Christianus
684 1051 852 1076 Belvacensis
869 1051 926 1080 fuit,
939 1051 1010 1084 quod
1025 1051 1097 1075 viros
1115 1052 1206 1075 doctos
1220 1051 1358 1084 hucusque
1374 1052 1450 1084 fugit,
1463 1055 1577 1076 sectator
1590 1053 1809 1077 Millenariorum.
1820 1053 1918 1077 Scribit
1932 1054 2002 1077 enim
2017 1054 2140 1078 Albertus

262 1091 375 1128 Magnus
394 1096 421 1120 in
436 1095 527 1120 nauh.
548 1097 572 1125 6,
589 1096 619 1120 18
639 1095 728 1127 (0131),,
744 1099 763 1120 t.
780 1096 822 1124 lx,
842 1104 870 1128 p.
891 1096 963 1126 148):
981 1104 993 1119 α
1009 1095 1080 1120 Dixit
1099 1099 1187 1120 tamen
1202 1095 1368 1120 Christianus
1384 1097 1561 1126 Belvacensis,
1577 1097 1647 1129 quod
1665 1097 1807 1129 aliquando
1823 1098 1849 1122 in
1868 1098 1920 1122 ista
1939 1098 2065 1130 petitione
2084 1098 2141 1130 (sed

262 1140 351 1166 libera
370 1147 422 1166 nos
442 1147 461 1165 a
475 1140 560 1172 malo)
579 1140 691 1164 ecclesia
709 1140 857 1168 exauditur,
873 1140 935 1172 quia
950 1143 1010 1164 ante
1026 1140 1104 1164 finem
1120 1140 1210 1164 mundi
1230 1141 1313 1164 sancti
1330 1144 1406 1164 erunt
1425 1141 1482 1164 sine
1496 1141 1630 1173 originali,
1650 1145 1676 1166 et
1690 1141 1812 1166 Christus
1832 1150 1891 1166 cum
1906 1142 1943 1166 eis
1965 1143 2140 1175 corporaliter

262 1185 402 1209 comedens
416 1187 442 1208 et.
453 1184 557 1213 bibens,
572 1187 599 1208 et
611 1184 689 1208 liberi
706 1184 740 1208 ab
752 1184 875 1208 omnibus
890 1184 968 1208 mulis
983 1192 1031 1216 per
1046 1184 1118 1208 mille
1130 1192 1222 1208 annos.
1239 1185 1289 1208 Sed
1304 1185 1354 1208 iste
1369 1193 1443 1209 error
1457 1185 1491 1208 ab
1506 1185 1620 1217 ipsomet
1633 1189 1660 1209 et
1674 1194 1689 1209 a
1704 1185 1780 1209 nobis
1796 1189 1822 1210 et
1835 1186 1896 1210 aliis
1911 1187 2002 1210 multis
2014 1187 2139 1211 condem-

262 1232 340 1253 natus
355 1232 396 1253 est
406 1237 428 1253 n.
445 1229 481 1253 De
493 1229 585 1253 eodem
599 1228 692 1253 unuh.
706 1229 802 1257 Puris..
818 1229 835 1252 l.
851 1237 873 1252 c.
889 1236 894 1252 :
913 1237 926 1252 α
941 1229 986 1261 qui
1002 1229 1132 1252 maximus
1148 1228 1224 1260 quasi
1238 1229 1415 1261 philosophus
1430 1230 1565 1258 emeritus,
1580 1233 1722 1262 postquam
1735 1230 1762 1254 in
1776 1230 1879 1254 artibus
1898 1235 2010 1261 rexerat,
2026 1231 2053 1255 in
2068 1232 2139 1256 theo·

261 1273 334 1306 logia
348 1273 482 1298 luctui-ivit
497 1281 520 1298 s.
532 1295 534 1298 ,

262 1448 375 1486 281.
397 1457 567 1484 Alexander
587 1459 605 1484 1
608 1458 632 1484 V
648 1456 810 1493 chinaldo
836 1457 970 1494 episcopo
994 1457 1158 1484 Parisiensi
1182 1457 1312 1493 mandat,
1336 1459 1445 1492 fratres
1466 1458 1690 1485 Praedicator-es
1718 1463 1747 1486 et
1774 1461 1900 1486 Minores
1930 1460 1958 1486 in
1987 1460 2137 1496 collegium

351 1505 475 1534 aliorum
490 1506 693 1542 magistr-orum
708 1505 903 1533 admittendos
919 1514 990 1541 esse,
1007 1505 1136 1532 studium
1151 1506 1212 1533 alio
1227 1515 1282 1533 non
1298 1507 1539 1542 transferendum,
1555 1516 1708 1544 omnesque
1723 1508 1929 1544 ordinationes,
1948 1518 2024 1545 quae
2038 1512 2138 1536 conti-a

349 1556 568 1583 constitutiones
582 1554 761 1593 apostolica-s
775 1557 876 1590 sactae
889 1555 956 1591 sint,
975 1555 1076 1581 irritas
1089 1556 1161 1590 for-e.

1479 1606 1554 1636 1258.
1569 1606 1640 1632 danii
1651 1607 1697 1636 27,
1713 1606 1848 1639 Anwnias.

350 1687 557 1722 Alexander
590 1688 787 1734 episcopus
820 1699 950 1722 servus
985 1699 1175 1722 servorum
1210 1689 1277 1722 Dei
1310 1688 1511 1722 venerabili
1545 1689 1645 1723 fratri
1678 1716 1700 1723 ..
1731 1690 1905 1736 episcopo
1940 1690 2138 1724 Parisiensi

261 1754 414 1789 salutem
444 1761 481 1789 et
508 1754 744 1801 apostolicam
778 1753 1086 1788 benedictionem.
1122 1755 1223 1788 Licet
1252 1755 1338 1788 olim
1369 1767 1435 1801 pro
1465 1755 1578 1790 studii
1612 1757 1831 1791 Parisiensis
1860 1757 2138 1791 conservatione

261 1821 415 1868 quedam
436 1821 531 1855 circa
551 1821 712 1856 studium
733 1821 852 1867 ipsum
873 1821 919 1855 de
939 1821 1088 1855 fratrum
1115 1828 1324 1868 nostrorum
1351 1822 1506 1856 consilio
1531 1823 1683 1869 provide
1705 1823 1916 1858 duxerimus
1938 1824 2138 1858 ordinanda

261 1894 370 1935 prout
388 1888 426 1922 in
445 1887 579 1922 litteris
603 1888 741 1922 nostris
766 1887 898 1922 exinde
922 1888 1113 1930 confectis,
1141 1900 1212 1934 que
1238 1889 1353 1934 Quasi
1377 1889 1517 1935 lignum
1541 1890 1613 1924 vite
1637 1890 1828 1936 incipiunt,
1858 1890 2002 1936 plenius
2023 1893 2139 1926 conti-

260 1961 380 1997 netur,
407 1954 576 1988 nonnulli
603 1961 723 1988 tamen
751 1954 916 2001 magistri
944 1961 981 1989 et
1006 1954 1167 1989 scolares
1192 1955 1420 1989 Parisienses
1448 1956 1621 2002 quasdam
1651 1956 1906 2003 colligationes
1936 1965 1971 1991 et
1998 1957 2139 2005 obliga-

255 2021 381 2056 -tiones
401 2021 558 2056 nefarias
577 2021 622 2056 ad
641 2021 811 2063 invicem,
833 2028 874 2055 ut
896 2021 1115 2063 audivimus,
1137 2021 1311 2064 inierunt,
1334 2035 1398 2068 per
1423 2034 1514 2068 quas
1540 2022 1701 2057 scolares
1726 2024 1893 2071 religiosi
1919 2031 1954 2059 et
1979 2025 2039 2059 alii
2065 2038 2138 2060 non

261 2093 418 2134 possunt
441 2086 558 2121 libere
585 2087 680 2121 sicut
703 2087 833 2122 volunt
857 2087 976 2122 scolas
1003 2088 1156 2122 maxime
1184 2100 1286 2122 sacre
1311 2088 1406 2135 legis
1431 2101 1497 2135 pro
1522 2089 1744 2124 lectionibus
1768 2097 1804 2124 et
1828 2091 2138 2137 disputationibus

261 2153 454 2187 audiendis
487 2153 635 2187 intrare.
670 2153 771 2188 Alias
805 2154 911 2188 etiam
947 2165 1022 2188 non
1055 2155 1136 2188 sine
1170 2155 1370 2201 apostolice
1405 2156 1505 2190 sedis
1532 2156 1664 2201 injuria
1693 2163 1728 2190 et
1759 2157 2020 2203 impedimento
2051 2159 2137 2193 dicti

260 2219 373 2254 studii
405 2231 446 2253 ac
479 2219 607 2254 salutis
640 2220 839 2254 animarum
873 2220 1068 2266 dispendio
1102 2221 1341 2255 intentionem
1376 2228 1537 2256 nostram
1568 2222 1662 2256 circa
1692 2223 1858 2257 effectum
1894 2224 2135 2258 ordinationis

259 2285 378 2332 ipsius
407 2297 581 2319 evacuare
613 2285 862 2332 multipliciter
895 2286 1107 2321 moliuntur.
1141 2287 1319 2322 Volentes
1354 2288 1466 2334 igitur
1495 2295 1531 2323 et
1563 2290 1774 2323 auctoritate
1809 2291 2032 2335 presentium
2063 2298 2135 2325 sta-

260 2358 405 2386 tuentes
430 2352 527 2398 quod
554 2351 715 2386 scolares
741 2364 869 2387 omnes
894 2359 964 2387 tam
989 2353 1170 2399 religiosi,
1201 2354 1263 2399 qui
1289 2354 1334 2388 de
1361 2354 1580 2400 prelatorum
1607 2367 1756 2389 suorum
1783 2355 1927 2390 licentia
1948 2364 2135 2392 morantur

259 2417 297 2452 in
331 2417 467 2460 studio,
502 2429 607 2464 quam
643 2418 748 2452 etiam
783 2418 982 2460 seculares,
1017 2418 1132 2453 libere
1166 2419 1309 2454 valeant
1342 2419 1404 2453 ubi
1438 2420 1566 2455 volunt
1594 2421 1772 2455 lectiones
1802 2428 1837 2456 et
1867 2422 2133 2469 disputationes

259 2483 398 2526 audire,
434 2484 607 2530 quodque
641 2485 775 2531 prefata
810 2491 933 2519 nostra
967 2485 1148 2519 ordinatio
1181 2485 1225 2519 ab
1255 2485 1426 2520 omnibus
1456 2487 1642 2533 magistris
1676 2494 1712 2521 et
1739 2487 1944 2523 scolaribus
1972 2490 2134 2525 Parisius

258 2549 501 2584 existentibus
531 2557 742 2585 reverenter
771 2557 807 2585 et
833 2550 1020 2585 humiliter
1048 2551 1277 2594 observetur,
1308 2564 1452 2586 necnon
1482 2553 1580 2599 quod
1610 2554 1733 2588 dilecti
1768 2554 1833 2588 filii
1862 2555 2131 2591 predicatorum

258 2622 295 2651 et
322 2617 505 2651 Minorum
534 2617 703 2651 ordinum
731 2618 861 2652 fratres
889 2630 930 2652 ac
958 2617 1019 2652 alii
1047 2618 1213 2665 religiosi
1241 2619 1303 2665 qui
1330 2619 1491 2654 Parisius
1520 2620 1656 2655 fuerint
1680 2633 1747 2667 pro
1773 2628 1936 2668 tempore
1963 2623 2133 2659 doctores

258 2681 465 2730 theologice
494 2683 686 2726 facultatis,
722 2696 787 2719 seu
819 2684 980 2719 scolares
1010 2685 1174 2731 ipsorum
1209 2685 1246 2719 in
1276 2686 1501 2720 consortium
1531 2693 1568 2721 et
1595 2687 1791 2734 collegium
1826 2700 1892 2723 seu
1922 2690 2131 2725 societatem

256 2748 411 2784 aliorum
444 2750 701 2796 magistrorum
741 2757 777 2785 et
813 2751 1007 2786 scolarium
1047 2752 1309 2786 parisiensium
1347 2753 1581 2799 recipiantur,
1623 2754 1838 2801 simpliciter
1871 2762 1907 2790 et
1940 2756 2133 2792 efficaciter

256 2814 470 2859 habeantur,
498 2822 535 2851 et
559 2817 658 2863 quod
685 2818 892 2852 Parisiense
919 2819 1080 2853 studium
1108 2825 1230 2865 preter
1257 2826 1420 2854 tenorem
1449 2820 1690 2855 ordinationis
1715 2822 1879 2868 ejusdem
1907 2830 1968 2857 aut
1993 2823 2131 2870 absque

257 2881 358 2916 sedis
391 2883 591 2929 apostolice
624 2883 770 2919 licentia
803 2884 953 2932 speciali
990 2885 1198 2920 nullatenus
1231 2885 1319 2920 alibi
1356 2887 1605 2931 transferatur,
1641 2900 1770 2923 omnes
1803 2890 1865 2935 qui
1899 2897 2024 2924 contra
2063 2890 2131 2924 hoc

258 2947 405 2983 salubre
434 2955 605 2984 statutum
635 2957 801 2986 nostrum
829 2952 955 2986 venire
983 2952 1042 2987 vel
1071 2952 1263 2987 occasione
1293 2954 1516 2999 presentium
1546 2961 1608 2989 aut
1636 2954 1784 2989 aliarum
1816 2956 2014 2990 litterarum
2046 2969 2131 2991 nos·
