2580 3528
253 428 353 471 1256]
596 439 644 462 ΑΒ
677 439 784 462 auno
818 438 896 462 nce
927 439 1060 468 usqua
1095 439 1144 462 An
1179 439 1409 462 ramerum
1443 439 1485 462 1v
1518 440 1607 463 aas.
1643 441 1782 463 rame.
2057 434 2122 467 309

251 511 410 560 superna
437 499 674 559 consurgant.
704 513 757 546 Ne
785 511 898 558 igitur
927 519 996 546 tam
1026 513 1077 558 pii
1108 513 1286 558 propositi
1316 513 1525 558 prosecutio
1555 513 1709 559 alicujus
1740 513 1843 547 obice
1873 514 2123 560 impedimenti

250 579 430 622 turbetur,
451 579 604 626 dignum
624 579 681 613 e'st
697 579 861 625 ipsorum
882 579 1005 625 quiete
1026 579 1292 625 prepeditionis
1313 579 1500 613 obstacula
1521 580 1713 621 removeri,
1740 586 1780 613 ut
1799 592 1842 613 eo
1864 580 2031 614 devotius
2052 594 2123 626 quo

251 643 411 693 quietius
435 646 592 680 Domino
615 645 831 680 famulantes
854 646 1014 692 gratiora
1038 645 1110 680 sibi
1134 652 1299 692 prestent
1325 645 1515 692 obsequia,
1543 653 1579 680 et
1603 646 1854 680 devotioribus
1875 658 1915 679 sc
1936 647 2123 692 obsequiis

251 710 446 747 exhibeant
476 713 669 759 gratiores.
702 712 786 754 Sed,
823 719 862 746 ut
891 724 1008 758 nuper
1041 712 1218 746 relatione
1247 712 1519 759 fidedignoruin
1548 713 1769 758 accepimus,
1802 713 1970 746 nonnulli
2000 713 2123 747 clerici

250 779 412 820 Par-isius
435 786 702 814 commorantes
726 780 765 812 in
789 779 966 813 offensam
994 779 1061 813 Dei
1086 791 1160 813 non
1186 779 1363 813 modicam
1390 779 1582 825 religionis
1607 779 1731 822 emuli,
1761 779 1966 813 turbatores
1991 780 2124 825 quietis

251 852 288 880 et
319 857 446 880 eorum
479 857 632 892 operum
651 846 849 880 .temerarii
883 846 1107 880 detractores
1137 846 1300 892 ipsorum
1330 846 1459 879 samam
1488 845 1607 879 laudis
1637 846 1784 892 dignam
1815 846 1988 892 preconio
2022 846 2124 880 salsis

251 911 458 958 satagentes
487 912 786 947 oblocutionibus
820 913 1012 954 offuscare,
1048 913 1165 946 varias
1194 912 1347 954 litteras,
1378 924 1443 958 per
1477 925 1566 958 quas
1596 913 1698 958 ipsos
1732 919 1768 946 et
1801 924 1926 946 eorum
1957 913 2122 946 ordinem

251 991 344 1026 quos
364 979 437 1014 vite
457 979 687 1013 commendat
706 979 844 1025 puritas
864 979 943 1012 suis
970 979 1084 1025 gratis
1107 978 1346 1025 approbatum
1371 979 1565 1020 fructibus,
1586 979 1698 1025 impio
1723 979 1979 1013 diffamationis
1999 991 2123 1013 morsu

251 1045 462 1087 dilacerant,
489 1045 715 1080 diversarum
736 1045 885 1092 prelatis
909 1046 1064 1092 partium
1090 1045 1255 1079 scribere
1281 1047 1617 1092 presumpserunt¹.
1646 1047 1690 1079 Et
1715 1052 1754 1079 ut
1781 1045 1892 1079 nichil
1919 1053 2126 1092 pretereant

251 1112 484 1154 inoffensum,
510 1112 602 1146 adeo
627 1112 664 1146 in
689 1124 816 1146 eorum
843 1111 1019 1146 cordibus
1047 1112 1181 1146 malitia
1206 1112 1394 1154 ebullitur,
1420 1113 1518 1158 quod
1543 1112 1742 1146 nonnullos
1768 1124 1811 1146 ex
1835 1112 2006 1146 fratribus
2033 1113 2124 1158 ipsis

251 1179 520 1213 Parisiensibus
545 1179 669 1213 divino
695 1179 825 1212 timore
850 1179 1054 1224 postposito
1080 1185 1116 1212 et
1139 1179 1318 1212 modestie
1343 1178 1523 1212 clericalis
1549 1178 1739 1212 honestate
1766 1178 1904 1224 abjecta
1933 1179 2124 1225 sacrilegis

250 1245 418 1279 manibus
442 1245 659 1279 verberibus
684 1245 894 1278 affecerunt.
923 1245 997 1290 Ipsi
1023 1245 1129 1278 etiam
1155 1245 1212 1278 his
1238 1245 1452 1278 excessibus
1473 1257 1546 1278 non
1567 1245 1729 1278 contenti
1754 1245 1819 1278 sed
1845 1246 1882 1278 in
1903 1258 1968 1279 sue
1990 1246 2124 1291 iniqui-

250 1312 333 1346 tatis
353 1312 656 1358 nequitiapotius
677 1311 864 1353 obstinati,
887 1311 986 1357 quod
1007 1311 1061 1345 eis
1082 1313 1206 1357 pejora
1227 1318 1262 1345 et
1281 1312 1447 1358 graviora
1465 1312 1642 1345 inferrent
1662 1312 1829 1357 nequiter
1844 1313 2121 1347 comminantur.

250 1378 356 1413 Unde
381 1378 422 1412 fit
445 1378 543 1424 quod
568 1379 698 1412 fratres
717 1379 791 1423 jam
820 1378 907 1411 dicti
932 1378 1073 1411 ordinis
1099 1378 1260 1412 Parisius
1281 1378 1493 1419 existentes,
1515 1379 1577 1423 qui
1598 1378 1760 1411 fidelium
1786 1379 1969 1412 dumtaxat
1989 1379 2124 1413 elemo-

248 1445 343 1479 sinis
370 1450 635 1486 sustentantur,
669 1444 882 1478 eorumdem
917 1444 1134 1478 clericorum
1166 1445 1295 1478 timore
1325 1445 1510 1490 perterriti
1539 1445 1598 1478 vix
1627 1445 1824 1478 claustrum
1854 1457 1960 1478 suum
1990 1446 2125 1480 audent

249 1510 377 1558 egredi
404 1522 470 1557 pro
497 1511 731 1556 acquirendis
757 1510 940 1544 alimoniis
969 1522 1096 1544 eorum
1120 1511 1231 1544 victui
1256 1511 1461 1556 oportunis.
1487 1511 1729 1544 Attendentes
1759 1511 1872 1556 igitur
1903 1512 2001 1557 quod
2034 1504 2124 1546 non-

250 1589 434 1623 nunquam
468 1577 574 1623 culpa
606 1577 818 1619 contraitur,
855 1577 940 1611 dum
974 1577 1134 1611 vindicte
1168 1577 1382 1619 detrahitur,
1416 1584 1453 1611 et
1486 1577 1547 1623 qui
1582 1577 1777 1611 commissa
1811 1578 1959 1611 dimittit
1996 1578 2123 1621 inulta,

249 1644 376 1690 pandit
402 1644 538 1678 aditum
570 1644 615 1677 ad
649 1645 774 1690 pejora
800 1655 807 1677 :
835 1656 881 1677 ne
913 1644 1007 1678 forte
1035 1643 1252 1678 clericorum
1283 1644 1447 1690 ipsorum
1477 1644 1593 1677 audax
1621 1643 1815 1678 insolentia
1846 1656 1910 1690 per
1943 1655 2123 1679 morosam

250 1708 476 1745 tolerantiam
497 1710 707 1753 invalescat,
728 1710 942 1744 fraternitati
963 1717 1023 1744 tue
1048 1723 1114 1756 per
1137 1710 1338 1756 apostolica
1363 1711 1496 1756 scripta
1522 1710 1747 1752 mandamus,
1774 1711 1944 1756 quatinus
1969 1711 2124 1746 clericos

250 1777 450 1824 predictos,
471 1783 511 1811 ut
529 1777 669 1811 eisdem
692 1777 865 1811 fratribus
889 1777 1112 1811 satisfaciant
1136 1777 1298 1823 plenarie
1322 1777 1367 1811 de
1388 1777 1579 1823 premissis
1604 1784 1639 1810 et
1658 1777 1703 1810 ab
1724 1789 1850 1810 eorum
1871 1778 2123 1812 molestatione

249 1843 440 1886 desistant,
474 1843 675 1878 monitione
709 1844 888 1890 premissa
921 1844 1096 1877 canonice
1123 1844 1452 1878 animadversionis
1478 1844 1607 1890 vigore
1636 1843 1848 1889 compellas,
1879 1844 2044 1878 invocato
2079 1845 2123 1879 ad

249 1909 332 1953 hoc,
359 1910 391 1944 si
420 1921 514 1956 opus
539 1910 662 1953 suerit,
692 1910 826 1944 auxilio
853 1910 992 1944 brachii
1019 1910 1209 1944 secularis.
1238 1912 1317 1944 Dat.
1348 1910 1514 1944 Laterani
1543 1910 1566 1955 ij
1598 1922 1685 1944 non.
1712 1910 1863 1956 Aprilis,
1892 1911 2123 1957 pontificatus

245 1976 367 2011 nostri
386 1988 481 2011 anno
501 1976 677 2011 secundo.

343 2073 479 2107 Originale
493 2074 520 2099 in
535 2075 612 2099 Areia.
626 2077 680 2099 nat.
695 2074 780 2099 Paris.
796 2074 825 2100 L.
839 2075 893 2104 25⁰.
910 2078 939 2099 11⁰
951 2075 990 2100 85.
1006 2074 1084 2099 Bulla
1097 2074 1200 2107 plumb.
1217 2074 1269 2099 filis
1282 2075 1393 2099 cannah.
1407 2075 1577 2108 appenditur.
1590 2089 1622 2094 —
1633 2075 1708 2108 Apud
1722 2075 1819 2108 Ripoll,
1835 2075 1912 2100 Ball.
1929 2075 1994 2100 Ora.
2008 2076 2123 2105 Praeti„

250 2118 271 2148 Ι,
286 2119 341 2148 ³01,
355 2121 386 2143 n·
399 2119 439 2148 84,
454 2118 552 2151 legitur
567 2127 580 2143 α
593 2119 621 2152 iij
635 2119 688 2143 kal.
704 2119 803 2152 Aprilis
816 2127 839 2149 a,
852 2123 882 2143 n⁰
894 2120 934 2149 86,
950 2122 1037 2144 tamen
1052 2119 1164 2152 apponit
1177 2119 1304 2152 temporis
1317 2123 1407 2144 uotam
1421 2123 1450 2144 ut
1463 2128 1555 2152 supra.

343 2198 368 2223 1.
383 2198 470 2231 Supra
483 2202 514 2222 11⁹
526 2199 581 2223 2³0.

251 2297 364 2336 2⁹73.
381 2307 564 2343 IImubertus,
577 2316 652 2343 mag.
663 2307 809 2344 generalis
827 2308 893 2335 Ord.
910 2308 1028 2344 Praed,
1044 2309 1146 2335 scribit
1157 2309 1251 2345 priori
1265 2313 1293 2336 el
1307 2308 1451 2344 fratribus
1465 2312 1616 2335 conventus
1627 2308 1846 2335 Aurelianensis
1862 2307 1988 2344 ejusdem
2007 2307 2122 2335 Ordinis

341 2355 377 2383 de
391 2355 535 2391 angustiis
547 2357 674 2392 fratrum
688 2356 898 2384 Parieiensium
913 2356 952 2383 ab
972 2357 1161 2384 Univeruieaee
1175 2357 1339 2384 Pari-riensi
1353 2356 1455 2384 illatis.

1371 2428 1445 2458 72⁵8,
1459 2427 1549 2463 [circa
1559 2427 1706 2461 principium
1720 2427 1838 2463 aprili-J.

343 2488 567 2522 Reverendis
592 2488 629 2522 in
654 2487 801 2523 Christo
826 2488 990 2535 patribus
1015 2488 1129 2534 priori
1151 2495 1187 2522 et
1210 2488 1291 2523 aliis
1315 2488 1488 2522 fratribus
1513 2488 1698 2522 Aurelian.
1726 2489 1772 2522 de
1792 2488 1930 2523 Ordine
1956 2488 2123 2523 Predica-

252 2561 370 2589 torum
390 2555 501 2588 frater
521 2554 763 2589 Humbertus¹
785 2554 949 2601 ejusdem
972 2554 1113 2589 ordinis
1134 2555 1309 2601 magister
1328 2555 1413 2589 licet
1432 2554 1607 2601 indignus
1628 2554 1781 2589 salutem
1802 2562 1838 2589 et
1857 2555 2122 2601 compassionis

251 2620 419 2668 spiritum
447 2621 484 2655 in
515 2621 692 2656 adversis.
725 2621 1056 2656 Circumdederunt
1084 2633 1152 2655 nos
1177 2621 1312 2668 pariter
1335 2633 1466 2667 graves
1497 2621 1619 2655 cordis
1648 2622 1807 2668 gemitus
1839 2628 1875 2656 et
1898 2622 2060 2664 dolores,
2088 2629 2124 2656 et

251 2687 389 2722 animas
409 2699 668 2734 oppressorum
695 2687 846 2722 acrioris
870 2688 1038 2734 angustie
1062 2687 1208 2734 gladius
1233 2688 1477 2734 pertransivit.
1500 2686 1623 2722 Nostri
1641 2688 1763 2722 cordis
1783 2700 1951 2722 arcanum
1973 2688 2123 2735 grandis

252 2753 373 2800 pulsat
392 2753 556 2788 molestia
577 2760 613 2788 et
632 2754 765 2788 mentis
784 2760 909 2788 nostre
933 2754 1092 2800 quietem
1120 2760 1224 2789 vexat
1250 2754 1423 2788 continue
1448 2754 1656 2801 persecutio
1677 2754 1850 2800 inquieta,
1873 2755 1956 2788 dum
1979 2755 2123 2789 dissen-

239 2819 363 2856 tionis
396 2826 517 2866 patres
551 2832 674 2867 pacem
708 2820 794 2855 filiis
828 2821 927 2867 pacis
963 2820 1107 2863 tollunt,
1137 2822 1321 2866 justorum
1356 2821 1593 2855 confunditur
1626 2821 1738 2863 natio,
1773 2821 2028 2868 opprimuntur
2058 2821 2122 2855 filii

253 2885 476 2930 obedientie,
509 2893 546 2921 et
571 2888 755 2933 justorum
790 2887 918 2922 semita
956 2887 1059 2933 quasi
1099 2887 1160 2922 lux
1198 2887 1399 2934 splendens
1438 2886 1507 2921 sub
1548 2887 1705 2934 pedibus
1743 2887 1988 2922 conculcatur.
2030 2889 2122 2921 Ecce

254 2953 414 2996 Satanae,
440 2959 479 2988 ut
505 2953 681 2989 cribraret
709 2965 777 2988 nos
802 2953 898 2988 sicut
921 2954 1094 2997 triticum,
1117 2954 1302 3000 expetivit,
1327 2961 1363 2988 et
1390 2953 1459 2988 nisi
1486 2966 1554 2988 nos
1579 2954 1674 2988 inter
1702 2961 1752 2988 tot
1779 2966 1934 3000 agonum
1964 2953 2121 2987 insultus
