2580 3528
506 387 571 419 472
1086 393 1404 416 culmi-uiantium
1439 391 1630 414 untvsns.
1668 391 1796 413 PARIS.
2276 383 2375 424 [1267

506 481 722 503 conversum
750 469 785 502 vi
810 468 912 502 verbi
940 468 1051 502 divini
1081 474 1115 500 et
1140 473 1278 500 secreta
1304 472 1481 511 potestate
1506 471 1705 497 creaturam
1730 465 1902 499 mutantis
1929 465 1967 498 in
1993 466 2167 499 memoria
2194 465 2376 500 dominice

506 536 702 582 passionis,
725 536 819 568 sicut
839 547 903 580 per
919 535 1089 580 Spiritum
1113 535 1294 574 Sanctum,
1313 539 1351 565 ut
1370 532 1418 565 ait
1437 531 1680 576 Augustinus,
1698 543 1783 565 vera
1803 543 1886 565 caro
1907 532 1987 566 sine
2008 533 2104 566 coitu
2125 539 2244 566 creata
2264 539 2321 567 est
2339 533 2377 567 in

507 603 586 636 aula
615 602 797 648 virginali,
829 601 989 634 secundo
1020 606 1201 645 sumptum
1233 605 1287 632 est
1317 599 1361 631 de
1390 598 1533 643 virgine
1563 598 1601 630 in
1630 609 1738 631 cruce
1768 597 1969 632 lanceatum
1999 599 2211 633 crucifixum
2240 611 2248 632 :
2280 599 2376 633 idem

507 680 658 702 numero
680 675 762 713 post
782 667 980 700 resurrexit
1001 673 1035 699 et
1056 666 1091 698 in
1113 665 1229 698 celum
1251 664 1426 698 ascendit.
1450 665 1497 697 Ut
1517 664 1612 696 enim
1634 664 1682 697 ait
1701 664 1906 710 Gregorius
1925 677 1932 698 τ
1955 665 2038 711 quis
2059 665 2221 699 fidelium
2242 665 2377 699 habere

507 735 655 768 dubium
678 734 805 780 possit,
824 734 860 766 in
881 733 958 778 ipsa
979 732 1236 765 immolationis
1257 731 1344 764 hora
1365 731 1409 763 ad
1430 730 1631 764 sacerdotis
1651 743 1777 764 vocem
1799 731 1899 765 celos
1919 732 2065 778 aperiri,
2082 733 2119 766 in
2140 733 2204 766 illo
2225 733 2378 766 sanctis-

507 802 599 835 simo
631 801 766 835 Christi
797 800 959 832 misterio
989 798 1200 843 angelorum
1233 797 1365 830 choros
1396 797 1539 838 adesse,
1569 809 1709 830 summa
1740 804 1775 831 et
1804 798 1873 831 ima
1905 799 2049 841 sociari,
2083 799 2142 832 ut⁸
2177 800 2214 832 in
2248 799 2375 833 eodem

507 874 689 901 momento
731 866 930 899 substantia
970 865 1073 910 panis
1115 871 1148 897 et
1188 864 1262 896 vini
1306 864 1343 896 in
1387 875 1521 909 corpus
1565 863 1702 898 Christi
1745 865 1946 898 secundum
1988 872 2097 899 totam
2139 865 2376 900 substantiam

506 945 720 967 conversum
747 931 960 965 mirabiliter
984 931 1040 964 vel
1066 931 1303 971 immutatum,
1327 930 1425 975 quod
1447 937 1503 964 est
1523 930 1659 964 celeste
1680 931 1717 963 in
1737 931 1854 964 celum
1877 932 2014 977 rapitur
2038 932 2242 966 ministerio
2267 944 2379 979 ange·

506 1001 621 1033 lorum
651 999 794 1043 corpori
823 998 958 1032 Christi
986 997 1284 1038 consociandum,
1314 997 1412 1042 quod
1442 1003 1525 1030 ante
1553 997 1681 1031 oculos
1709 998 1911 1032 sacerdotis
1939 999 1976 1032 in
2005 999 2107 1032 altari
2136 999 2281 1033 videtur
2309 998 2379 1033 sub

506 1065 699 1112 speciebus
719 1064 889 1099 videlicet
913 1065 1016 1109 panis
1043 1071 1077 1097 et
1101 1064 1175 1097 vini
1202 1076 1284 1097 esse
1309 1076 1408 1106 vere,
1431 1076 1504 1097 non
1531 1071 1570 1098 ut
1594 1071 1832 1098 asseruerunt
1856 1065 1965 1111 hujus
1990 1065 2133 1100 heresis
2158 1066 2273 1112 prime
2297 1066 2379 1100 falsi

506 1133 641 1167 Christi
668 1131 849 1176 discipuli,
874 1138 912 1163 ut
937 1131 1117 1175 signatum
1145 1130 1262 1164 solum
1289 1130 1325 1163 in
1352 1131 1460 1176 signo
1481 1131 1539 1164 vel
1566 1131 1635 1165 sub
1662 1132 1782 1178 signo,
1805 1144 1823 1165 a
1842 1132 2005 1166 veritatis
2030 1133 2171 1167 tramite
2197 1140 2233 1167 et
2257 1133 2380 1167 ortho-

507 1200 598 1232 doxe
624 1199 708 1231 fidei
733 1197 907 1231 catholice
933 1197 1148 1230 recedentes
1173 1209 1238 1242 per
1264 1209 1438 1230 errorem.
1462 1199 1509 1232 Ut
1529 1198 1642 1244 igitur
1662 1199 1755 1232 fides
1775 1198 1905 1233 habeat
1929 1199 2097 1233 meritum
2124 1206 2159 1234 et
2183 1212 2256 1234 non
2282 1206 2382 1234 esset

507 1278 608 1299 error
633 1265 751 1298 carnis
778 1271 812 1297 et
837 1264 1040 1309 sanguinis,
1063 1276 1129 1297 nec
1154 1264 1349 1297 ridiculum
1375 1277 1394 1297 a
1418 1265 1582 1310 paganis,
1606 1277 1673 1299 nec
1699 1265 1768 1299 sub
1793 1266 1949 1300 humana
1975 1267 2098 1312 specie
2124 1267 2292 1309 sumitur,
2314 1267 2379 1301 sed

506 1332 574 1366 sub
596 1331 788 1377 speciebus
810 1330 1132 1364 sacramentalibus
1153 1331 1256 1376 panis
1278 1337 1314 1364 et
1333 1331 1420 1365 vini.
1439 1331 1544 1365 Unde
1566 1332 1654 1365 dicit
1675 1332 1843 1378 Hylarius
1864 1345 1966 1378 papa,
1985 1334 2083 1378 quod
2101 1346 2175 1367 non
2196 1340 2252 1367 est
2271 1345 2380 1379 quan-

506 1400 588 1432 titas
609 1398 765 1432 visibilis
792 1398 827 1430 in
853 1397 921 1430 hoc
947 1398 1147 1430 estimanda
1167 1398 1345 1440 misterio,
1367 1398 1432 1432 sed
1458 1399 1660 1444 spiritualis
1679 1399 1796 1433 virtus
1821 1400 2050 1442 sacramenti,
2072 1400 2109 1433 id
2134 1407 2202 1443 est,
2224 1413 2298 1434 non
2325 1407 2382 1435 est

506 1466 556 1498 ibi
580 1466 616 1498 in
639 1465 699 1498 illa
719 1465 1043 1510 representatione,
1067 1477 1135 1510 qua
1156 1464 1325 1498 humanis
1346 1465 1519 1499 sensibus
1541 1465 1659 1499 subici
1678 1466 1795 1500 valeat
1815 1474 1851 1500 et
1870 1467 2129 1512 representari,
2150 1479 2235 1501 vera
2261 1474 2380 1501 tamen

506 1532 706 1566 substantia
733 1538 768 1564 et
794 1532 973 1576 quantitas
1000 1532 1165 1576 corporis
1193 1531 1329 1565 Christi
1357 1539 1392 1565 et
1417 1532 1534 1566 virtus
1565 1534 1781 1566 sacramenti
1809 1534 2023 1579 spiritualis,
2049 1534 2221 1568 videlicet
2247 1535 2381 1569 uniens

506 1611 585 1632 cum
609 1610 761 1643 corpore
782 1598 936 1639 mistico,
961 1598 1160 1631 secundum
1183 1598 1280 1643 quod
1304 1599 1393 1632 dicit
1413 1600 1518 1644 Hugo
1541 1599 1586 1632 de
1608 1600 1737 1633 Sancto
1758 1600 1919 1634 Victore.
1943 1600 2014 1634 Sed
2035 1601 2080 1634 de
2100 1600 2171 1634 hiis
2191 1601 2379 1643 hactenus,

508 1666 590 1711 quia
616 1665 814 1698 misterium
838 1665 922 1697 fidei
948 1665 1047 1697 credi
1069 1665 1265 1698 salubriter
1285 1672 1418 1711 potest,
1440 1666 1653 1712 investigari
1675 1673 1793 1700 autem
1820 1674 2068 1713 quantumque
2093 1667 2288 1702 salubriter
2308 1680 2381 1702 non

508 1739 638 1777 potest.
660 1731 845 1765 Voluntati
881 1733 959 1776 ejus
989 1738 1095 1776 atque
1127 1732 1294 1777 potencie
1316 1732 1463 1766 salubre
1489 1739 1596 1778 atque
1623 1733 1788 1767 mirabile
1819 1733 1887 1767 hoc
1913 1741 2177 1768 sacramentum
2209 1741 2244 1773 et
2273 1746 2382 1781 supra

508 1809 668 1836 naturam
691 1802 836 1847 penitus
857 1802 1069 1836 ascribatur.

598 1869 667 1903 Sed
696 1869 786 1902 deus
812 1869 921 1914 hujus
949 1870 1063 1903 seculi
1092 1876 1263 1915 operatur
1290 1870 1326 1903 in
1352 1870 1427 1904 illis
1453 1871 1660 1904 diffidencie
1688 1871 1788 1914 filiis,
1814 1871 1875 1917 qui
1904 1884 1978 1905 non
2006 1872 2136 1906 rationi
2159 1872 2382 1907 voluntatem

508 1936 703 1969 subiciunt.
740 1936 958 1981 Insipiencia
991 1936 1099 1970 verba
1127 1943 1251 1970 contra
1287 1949 1355 1971 nos
1390 1937 1519 1971 callide
1553 1944 1720 1984 coaptare
1750 1938 1927 1980 nituntur,
1957 1951 2031 1972 non
2060 1939 2137 1973 veri
2167 1939 2233 1973 sed
2261 1939 2384 1985 placiti

509 2003 684 2036 rationem
710 2009 903 2044 sectantes,
926 2015 1017 2048 quos
1043 2003 1167 2048 iniqua
1191 2003 1372 2045 voluntas,
1395 2017 1469 2038 non
1495 2005 1746 2051 intelligencie
1770 2005 1918 2048 veritas,
1941 2005 2078 2047 incitat,
2101 2006 2186 2039 dum
2212 2006 2257 2040 ad
2281 2006 2384 2040 fabu-

511 2069 623 2102 losam
649 2069 886 2114 calumpniam
917 2081 955 2102 se
983 2076 1199 2103 convertunt
1224 2070 1418 2115 loquentes
1444 2071 1668 2104 mendaciter
1694 2071 1892 2117 ypocrisim
1917 2072 2013 2117 (quia
2040 2072 2077 2104 in
2104 2071 2229 2105 verbis
2257 2083 2383 2106 eorum

512 2136 626 2181 pietas
646 2147 751 2180 quam
777 2136 897 2168 amisit
924 2137 1158 2180 conscientia)
1180 2137 1402 2182 predicando
1426 2148 1433 2171 :
1458 2152 1474 2169 «
1497 2137 1748 2172 Narbonensis
1779 2138 1939 2172 diocesis
1969 2138 2089 2172 illius⁹
2117 2145 2280 2184 tempore
2299 2139 2384 2173 hinc

508 2202 592 2235 inde
626 2202 856 2247 discerpitur,
888 2202 979 2235 male
1013 2203 1164 2248 regitur,
1186 2203 1308 2248 ydiota
1342 2203 1503 2248 prelatus
1538 2211 1594 2237 est
1623 2218 1655 2247 »,
1685 2204 1992 2250 impudenterque
2027 2217 2092 2251 per
2120 2205 2231 2239 multa
2265 2205 2384 2240 media

511 2269 630 2314 sagaci
656 2269 850 2314 diligencia
876 2276 1039 2314 serpunt,
1062 2277 1097 2303 et
1122 2282 1161 2303 se
1186 2270 1341 2303 latenter
1365 2271 1551 2316 ingerunt,
1573 2278 1613 2304 ut
1632 2271 1752 2304 locum
1773 2271 1903 2305 habeat
1927 2284 2088 2317 sequens
2114 2272 2241 2306 relatio
2267 2271 2385 2318 prela-

511 2340 619 2373 tionis
647 2339 778 2372 ambite
806 2340 842 2372 in
870 2341 986 2373 anime
1015 2353 1079 2373 sue
1108 2341 1325 2386 periculum,
1354 2341 1452 2386 quod
1482 2354 1710 2387 nequaquam
1742 2343 1936 2377 advertunt
1961 2343 2171 2377 ambitionis
2199 2343 2384 2377 desiderio

511 2406 568 2439 vel
595 2413 676 2439 ante
704 2406 888 2439 oculum⁴⁰
914 2407 1064 2440 rationis
1091 2407 1286 2441 verborum
1313 2408 1515 2451 mendacio,
1543 2409 1637 2454 piam
1665 2409 1750 2442 fidei
1778 2410 2004 2443 sanctitatem
2031 2410 2068 2443 in
2097 2422 2139 2443 eo
2167 2410 2204 2443 in
2232 2422 2304 2456 quo
2330 2416 2387 2444 est

512 2473 703 2517 denigrare
737 2473 942 2514 molientes,
975 2474 1054 2507 sine
1084 2474 1155 2507 fide
1186 2481 1311 2508 contra
1339 2476 1527 2509 veritatem
1557 2476 1656 2519 fidei,
1688 2488 1758 2522 que
1788 2477 1825 2510 in
1855 2477 1963 2510 nobis
1994 2484 2050 2510 est
2083 2490 2101 2510 a
2136 2488 2240 2510 sacro
2274 2477 2386 2511 fontis

513 2538 739 2583 baptismate,
762 2539 990 2584 culpabiliter
1016 2540 1163 2573 bellant.
1187 2542 1300 2584 Quam
1328 2543 1559 2587 postmodum
1580 2543 1788 2577 Parisiense
1814 2543 1975 2577 studium
2001 2543 2136 2577 clarius
2161 2543 2388 2577 confirmavit

514 2604 657 2636 exclusa
685 2617 835 2649 prorsus
855 2618 873 2638 a
894 2605 1000 2639 nobis
1021 2606 1081 2639 illa
1103 2607 1323 2653 dampnabili
1350 2615 1386 2641 et
1412 2609 1607 2642 execrabili
1634 2609 1770 2652 heresi,
1792 2622 1897 2655 quam
1924 2609 2032 2643 nobis
2056 2610 2259 2655 imponunt,
2284 2610 2386 2643 virus

515 2682 580 2702 sue
601 2670 760 2714 nequitie
781 2671 818 2703 in
839 2683 906 2704 nos
927 2673 1228 2716 transfundendo,
1251 2674 1287 2707 in
1309 2674 1507 2708 electorum
1530 2676 1647 2721 gloria
1668 2676 1843 2709 maculam
1864 2683 2057 2722 ponentes.
2080 2676 2116 2710 Si
2137 2682 2253 2709 autem
2280 2687 2387 2721 apos-

516 2736 658 2768 tolicam
688 2736 845 2769 bibulam
876 2738 1082 2772 invenirent
1111 2747 1146 2772 et
1172 2740 1357 2774 lucernam
1384 2741 1560 2784 veritatis,
1589 2743 1620 2776 si
1647 2755 1752 2788 quam
1785 2742 1857 2776 sibi
1886 2742 2053 2788 placitam
2083 2743 2119 2775 in
2149 2742 2257 2776 nobis
2288 2744 2387 2777 Deus

517 2802 801 2835 misericorditer
821 2803 997 2846 exaltavit,
1026 2817 1095 2850 que
1124 2807 1329 2851 paternitati
1358 2815 1478 2842 vestre
1508 2808 1552 2842 ab
1578 2809 1682 2842 initio
1710 2808 1804 2842 bene
1839 2808 2057 2854 complacuit
2085 2809 2194 2842 immo
2226 2808 2387 2854 benigne

517 2867 708 2900 efficaciter
732 2870 922 2913 promovit,
951 2877 986 2903 et
1014 2883 1081 2904 nos
1106 2884 1186 2904 cum
1212 2873 1323 2907 multa
1350 2875 1473 2908 cordis
1499 2875 1739 2908 amaritudine
1763 2875 1890 2920 jurgio
1915 2874 2056 2921 jugiter
2085 2875 2255 2921 exposuit
2280 2887 2288 2907 :
2320 2887 2387 2909 nec

518 2941 634 2966 tamen
660 2935 843 2979 pacienter
867 2936 1049 2970 sustinere
1079 2937 1255 2972 debemus
1282 2940 1379 2985 quod
1407 2941 1539 2974 dicitur
1562 2941 1598 2974 in
1624 2941 1884 2986 proverbiis¹¹,
1908 2953 1985 2984 cor,
2011 2941 2109 2987 quod
2135 2942 2236 2975 novit
2259 2941 2388 2975 amari-
