2580 3528
265 429 363 470 1255]
610 439 657 461 AB
690 439 796 461 Anno
829 439 908 462 uec
942 439 1074 468 usots
1108 441 1157 462 An
1192 441 1421 463 Pmmrpuu
1457 442 1496 463 ιν
1530 442 1619 464 aas.
1658 443 1794 465 rame.
2071 437 2135 470 287

262 513 449 547 auditores
467 513 652 559 predictos
672 513 764 546 infra
785 525 830 547 xv
850 512 930 547 dies
956 520 1040 559 post
1064 514 1312 560 receptionem
1332 515 1558 560 presentium
1581 517 1684 560 juxta
1709 517 1951 551 restitutionis
1972 525 2007 551 et
2032 531 2136 551 revo-

261 579 415 613 cationis
441 586 566 613 nostre
599 586 763 613 tenorem
799 579 878 613 sine
913 579 1123 614 difficultate
1157 580 1319 626 qualibet
1348 581 1395 615 ob
1425 588 1585 615 nostram
1615 589 1651 615 et
1679 583 1878 628 apostolice
1908 584 2008 617 sedis
2034 597 2136 618 reve-

260 645 413 680 rentiam
433 646 471 679 in
494 645 702 680 dulcedinis
728 645 842 679 ubere
868 646 1078 689 admittatis,
1105 654 1141 681 et
1166 654 1317 681 tractare
1345 648 1481 682 curetis
1507 648 1676 682 decetero
1702 649 1886 682 socialiter
1906 656 1941 683 et
1961 649 2133 695 benigne,

259 712 421 759 alioquin
448 719 579 747 extunc
605 712 789 747 voluimus
818 725 936 759 usque
963 713 1008 748 ad
1035 714 1318 748 satisfactionem
1345 715 1564 761 condignam
1592 727 1670 757 eos,
1698 716 1759 761 qui
1789 728 1832 749 ex
1861 715 1966 750 vobis
1993 724 2136 750 contra-

258 779 418 813 dictores
438 779 634 822 extiterint,
658 780 916 826 suspensionis
935 779 979 814 ab
1001 780 1131 814 officiis
1155 787 1191 814 et
1214 780 1404 815 beneficiis
1430 782 1611 815 sententie
1637 782 1839 828 subjacere.
1864 783 1960 816 Dat.¹
1984 783 2132 828 Neapoli

257 845 342 892 xviij
364 845 434 879 kal.
457 846 555 888 Maii,
576 846 809 892 pontificatus
829 847 946 881 nostri
967 859 1062 881 anno
1084 847 1214 893 primo.

334 944 400 976 Reg.
419 944 478 968 vat.
499 944 638 968 Alexandri
661 945 695 969 lv
713 953 758 970 an.
777 946 801 975 1,
825 954 868 978 ep.
888 946 933 970 277
942 946 961 974 δ,
983 945 1030 969 sol.
1049 945 1107 969 40¹².
1123 959 1155 964 --
1170 945 1334 971 Canulaire
1355 946 1401 970 des
1422 946 1600 970 Dominicsins
1620 947 1647 970 in
1668 947 1744 971 Arch.
1766 948 1869 979 depart.
1891 947 1923 972 de
1943 948 1968 972 la
1983 947 2135 977 cote-dot,

257 988 287 1012 u.
304 988 360 1017 221,
377 988 422 1012 fol.
439 988 494 1012 ⁵4¹³.
510 988 636 1018 Bulaeus,
654 989 701 1019 ln,
717 990 773 1014 286.

349 1073 372 1097 1.
391 1073 421 1097 In
435 1073 499 1105 Reg.
515 1081 520 1097 :
539 1082 551 1096 ι
566 1072 624 1098 Dat.
640 1077 670 1097 ut
682 1081 764 1106 supra
778 1082 801 1103 n,
818 1081 854 1098 sc.
871 1078 901 1098 η’
915 1075 969 1098 2117.

254 1247 368 1286 250.
390 1258 573 1293 flambertus,
590 1259 729 1293 magister
740 1258 886 1293 generalis
905 1258 971 1285 ord.
988 1258 1106 1293 Praed„
1124 1263 1272 1285 enumerat
1287 1258 1421 1295 querelas
1433 1259 1633 1295 praelatorum
1649 1263 1748 1286 comm
1763 1262 1881 1294 fratres,
1900 1268 1970 1296 quos
1984 1259 2128 1295 admonet,

342 1315 377 1333 ne
391 1307 420 1333 in
434 1308 564 1341 futurum
579 1306 689 1334 talibus
704 1307 830 1343 querelis
845 1307 1023 1334 occasionem
1036 1307 1208 1344 praebeant.

1423 1367 1501 1396 7255.
1517 1367 1599 1393 medio
1613 1367 1686 1396 Παίο,
1700 1367 1839 1394 ΜοόῘοΙαηῘ.

339 1443 552 1478 Karissimis
585 1443 623 1476 in
657 1443 803 1478 Christo
838 1443 1003 1489 patribus
1036 1443 1331 1478 Predicatoribus
1365 1445 1561 1486 universis,
1596 1445 1706 1478 frater
1741 1445 1962 1479 lluinbertus
1996 1458 2126 1479 servus

249 1521 376 1544 eorum
406 1509 547 1544 inutilis
572 1509 725 1544 salutem
753 1510 790 1543 in
820 1510 981 1544 omnium
1009 1510 1207 1544 Salvatore.
1229 1511 1380 1544 Noverit
1398 1518 1518 1545 vestra
1545 1511 1706 1553 dilectio,
1729 1511 1826 1556 quod
1851 1524 1931 1545 cum
1954 1512 2125 1546 dominus

248 1588 339 1623 papa
358 1576 566 1611 Alexander
590 1577 775 1611 caritative
806 1588 874 1611 nos
901 1577 1107 1611 monuisset
1134 1589 1174 1611 ac
1203 1577 1414 1623 diligenter,
1441 1585 1480 1611 ut
1503 1590 1614 1624 super
1634 1578 1887 1624 querimoniis,
1910 1590 1999 1624 quas
2020 1578 2123 1612 multi

247 1643 377 1689 prelati
406 1643 451 1677 de
480 1643 638 1678 diversis
664 1643 829 1690 partibus
859 1650 983 1677 contra
1015 1643 1181 1677 ordinem
1209 1651 1374 1678 nostrum
1405 1644 1610 1686 movebant,
1641 1645 1711 1678 tale
1741 1645 1935 1678 consilium
1963 1657 2124 1691 appone-

247 1721 385 1752 remus,
405 1722 451 1744 ne
471 1710 627 1744 ecclesia
647 1711 806 1744 Romana
826 1717 1022 1757 cogeretur
1041 1710 1179 1756 aliquid
1199 1723 1310 1756 grave
1331 1710 1439 1745 nobis
1466 1723 1577 1757 super
1602 1711 1670 1745 hoc
1695 1711 1880 1754 ordinare,
1901 1723 1969 1745 nos
1989 1712 2123 1745 auditis

247 1776 488 1823 querimoniis
507 1777 695 1823 predictis,
717 1783 755 1811 et
772 1777 947 1811 memorie
972 1777 1249 1820 commendatis,
1270 1777 1390 1811 hahita
1411 1789 1523 1823 super
1541 1778 1613 1812 hiis
1633 1778 1828 1812 collatione
1848 1790 1929 1811 cum
1951 1778 2123 1812 diffinito-

247 1842 349 1878 ribus
372 1843 521 1890 capituli
543 1843 728 1890 generalis
752 1843 951 1878 Mediolani
975 1843 1149 1878 celebrati
1174 1844 1220 1878 de
1245 1844 1401 1878 consilio
1428 1856 1554 1878 eorum
1582 1845 1744 1878 omnium
1766 1851 1801 1879 et
1825 1857 1992 1887 assensu,
2014 1852 2123 1891 prout

245 1910 454 1944 continetur
477 1910 645 1953 inferius,
666 1910 836 1945 duximus
862 1911 1118 1945 ordinandum.
1142 1911 1468 1957 querimonia
1489 1918 1557 1953 est,
1579 1912 1679 1957 quod
1703 1912 1813 1957 aliqui
1834 1912 1921 1946 dant
1940 1919 1976 1951 et
1995 1912 2123 1946 minis-

245 1983 340 2011 trant
368 1977 550 2011 interdum
577 1984 841 2012 sacramentum
872 1977 1091 2012 eucharistie
1118 1978 1176 2012 vel
1202 1977 1372 2024 baptismi
1401 1978 1459 2012 vel
1489 1985 1648 2012 extreme
1679 1979 1874 2012 unctionis.
1907 1979 2024 2024 Super
2052 1979 2121 2013 hoc

245 2043 470 2086 ordinamus,
498 2044 597 2090 quod
626 2043 694 2077 hoc
722 2056 795 2078 non
826 2043 886 2078 fiat
912 2044 983 2078 nisi
1008 2044 1046 2078 in
1071 2056 1157 2078 casu
1183 2045 1427 2086 necessitatis,
1451 2044 1509 2079 vel
1535 2045 1580 2078 de
1604 2045 1749 2078 licentia
1780 2045 2036 2091 episcoporum
2061 2045 2119 2079 vel

245 2109 474 2144 sacerdotum
497 2122 505 2143 :
527 2121 595 2144 nec
615 2117 672 2144 est
692 2110 866 2144 utendum
892 2110 1026 2144 talibus
1051 2110 1224 2153 licentiis,
1246 2111 1317 2144 nisi
1343 2111 1495 2145 multum
1522 2111 1748 2145 rationabilis
1769 2123 1876 2145 causa
1896 2111 1965 2145 hoc
1986 2112 2117 2157 exigat.

240 2175 414 2223 §.lja-ess,
434 2176 533 2222 quod
551 2176 681 2211 fratres
701 2176 834 2211 diebus
859 2177 1053 2212 dominicis
1073 2185 1110 2212 et
1128 2178 1270 2212 festivis
1289 2178 1472 2224 recipiunt
1490 2178 1751 2224 parrochianos
1770 2178 1911 2212 alienos
1931 2178 1976 2212 ad
1997 2178 2118 2212 divina

244 2242 373 2284 officia,
394 2249 431 2277 et
449 2243 496 2276 ita
516 2254 591 2277 non
610 2243 762 2277 veniunt
780 2243 825 2277 ad
846 2243 1069 2290 parrochias,
1090 2244 1186 2278 sicut
1205 2251 1386 2278 tenentur.
1410 2245 1527 2290 Super
1551 2244 1620 2278 hoc
1645 2244 1870 2286 ordinamus,
1892 2251 1932 2278 ut
1950 2256 2022 2277 non
2044 2244 2117 2286 ssat,

241 2315 278 2343 et
302 2309 432 2343 fratres
452 2309 654 2355 predicent,
676 2316 712 2343 et
731 2309 900 2352 doceant,
926 2317 962 2344 et
981 2310 1187 2353 consulant,
1210 2317 1279 2344 tam
1301 2310 1447 2356 publice
1468 2322 1573 2356 quam
1596 2311 1747 2356 private,
1768 2310 1865 2356 quod
1888 2310 2115 2356 parrochiani

242 2374 379 2409 debent
397 2374 529 2409 diebus
549 2375 724 2422 predictis
751 2375 795 2410 ad
825 2387 911 2410 suas
937 2376 1147 2422 parrochias
1167 2377 1377 2418 convenire,
1404 2383 1439 2410 et
1464 2376 1598 2410 ibidem
1623 2377 1750 2410 audire
1775 2376 1895 2410 divina
1924 2377 2054 2416 officia,
2080 2383 2116 2410 et

242 2441 405 2476 mandata
440 2441 595 2476 ecclesie
629 2442 760 2476 devote
794 2442 996 2489 suscipere,
1027 2449 1063 2476 et
1093 2442 1298 2477 oblationes
1332 2442 1473 2476 debitas
1507 2443 1673 2476 reddere.
1710 2443 1783 2476 Nec
1817 2442 1953 2476 debent
1984 2443 2114 2477 fratres

241 2507 400 2542 scienter
433 2507 570 2554 aliquid
606 2508 725 2542 facere
758 2508 816 2542 vel
850 2508 972 2542 dicere
1006 2508 1050 2542 ad
1084 2508 1168 2550 hoc,
1203 2515 1241 2542 ut
1275 2509 1428 2554 predicti
1463 2508 1690 2554 parrochiani
1727 2508 1955 2543 retrahantur
1983 2521 2001 2543 a
2033 2509 2112 2543 suis

239 2573 421 2617 ecclesiis,
449 2581 485 2608 et
507 2574 552 2608 ad
579 2582 724 2609 nostras
751 2575 980 2609 conveniant.
1003 2574 1083 2609 Alia
1113 2582 1180 2617 est,
1208 2575 1307 2621 quod
1330 2575 1461 2609 fratres
1486 2574 1673 2621 predicant
1694 2574 1754 2608 illa
1776 2574 1834 2609 die
1855 2574 1913 2609 vel
1932 2575 2019 2610 hora
2041 2587 2110 2622 qua

238 2640 403 2687 episcopi
431 2641 633 2688 predicant,
655 2653 728 2676 non
748 2641 969 2675 defferentes
995 2641 1193 2688 episcopis,
1214 2648 1323 2688 prout
1346 2641 1494 2683 debent,
1517 2648 1552 2675 et
1577 2653 1642 2687 per
1666 2641 1734 2675 hoc
1760 2642 1846 2676 dant
1865 2642 2110 2685 occasionem,

238 2713 278 2741 ut
296 2707 460 2754 episcopi
481 2708 672 2754 pauciores
692 2707 849 2742 habeant
866 2707 1065 2742 auditores.
1089 2708 1206 2755 Super
1224 2706 1293 2742 hoc
1314 2708 1539 2750 ordinamus,
1561 2715 1600 2742 ut
1619 2707 1679 2742 illa
1700 2707 1801 2750 hora,
1823 2720 1893 2755 qua
1913 2709 2110 2755 episcopus

239 2772 295 2808 vel
314 2772 408 2808 alius
427 2773 509 2808 loco
536 2775 616 2821 ejus
641 2774 867 2821 solempnem
895 2774 980 2809 facit
1008 2774 1292 2821 predicationem
1319 2781 1355 2808 et
1377 2781 1602 2817 consuetam,
1622 2775 1751 2809 fratres
1778 2787 1851 2809 non
1876 2775 2008 2809 saciant
2032 2787 2110 2809 ser-

237 2851 381 2874 monem
400 2840 445 2874 ad
466 2841 655 2887 populum,
677 2841 747 2875 nisi
768 2841 860 2875 sorte
881 2841 918 2875 in
938 2841 1061 2887 aliquo
1081 2853 1167 2875 casu
1186 2840 1255 2875 hoc
1276 2840 1380 2875 fieret
1399 2841 1444 2875 de
1465 2842 1546 2887 ejus
1566 2839 1806 2887 beneplacito.
1826 2841 1928 2885 Item,
1950 2841 1981 2876 si
2003 2842 2110 2875 inter-

237 2905 358 2940 dicant
382 2907 545 2954 episcopi
577 2919 623 2941 ne
654 2914 725 2942 tota
753 2907 813 2942 illa
842 2907 901 2941 die
931 2907 1134 2954 predicent,
1162 2914 1246 2942 tunc
1278 2908 1407 2941 fratres
1438 2907 1671 2953 acquiescant
1696 2908 1761 2941 eis.
1794 2908 1830 2942 Si
1858 2920 1944 2942 vero
1975 2909 2010 2941 in
2036 2908 2108 2941 hiis

236 2971 383 3007 casibus
411 2972 548 3007 vellent
574 2974 778 3008 concedere
805 2974 968 3021 episcopi
995 2974 1092 3020 quod
1119 2973 1248 3008 fratres
1274 2973 1525 3008 Predicatores
1551 2973 1792 3020 predicarent,
1825 2986 1897 3007 non
1925 2974 2104 3011 Minores:
