2618 3640
2266 405 2366 438 {1213

2266 433 2276 445 l.

484 407 527 440 76
1063 415 1386 438 CHARTULARIUM
1421 415 1612 436 umvnns.
1650 414 1780 437 rmus.

483 490 714 532 cancellario,
746 490 844 536 quod
874 490 952 535 ipse
983 490 1100 535 possit
1129 490 1214 522 dare
1244 489 1425 522 licentiam
1457 488 1515 522 cui
1544 489 1677 522 viderit
1706 500 1788 522 essc
1820 488 1972 522 dandam
2004 489 2108 522 etiam
2139 501 2213 522 non
2243 488 2365 522 habito

486 557 693 590 testimonio
715 556 919 602 aliquorum
940 556 1198 602 magistrorum
1219 555 1277 589 vel
1297 555 1452 600 alicujus
1473 555 1650 601 magistri.
1674 556 1718 588 Et
1734 555 1802 588 iste
1821 554 1996 588 articulus
2017 562 2171 596 maneat,
2194 555 2366 600 quamdiu

484 636 558 656 non
580 624 648 657 erit
668 630 806 657 taxatus
827 635 1002 656 numerus
1028 622 1306 668 theologorum3
1335 629 1370 655 et
1395 622 1425 655 si
1451 622 1543 654 forte
1564 622 1674 655 suerit
1694 628 1846 663 taxatus,
1873 621 1921 655 sit
1944 622 1988 654 de
2009 621 2077 655 hoc
2099 621 2251 655 articulo
2273 622 2368 655 sicut

485 697 562 723 erat
594 697 675 723 ante
711 687 1028 735 compromissum.
1065 689 1171 731 Quod
1206 689 1237 721 si
1271 689 1363 721 forte
1399 688 1647 733 denegaverit,
1684 700 1727 721 ex
1762 695 1847 721 tunc
1876 688 2180 734 quandocumque
2209 688 2368 722 voluerit

485 757 696 789 auctoritate
722 763 846 789 nostra
870 755 1001 788 habeat
1024 755 1173 800 legendi
1198 755 1392 787 licentiam.
1420 755 1560 787 Petenti
1587 755 1733 799 quidem
1759 754 1941 788 licentiam
1967 755 2116 800 legendi
2142 755 2187 788 de
2208 755 2366 788 decretis

485 822 543 856 vel
573 822 719 868 legibus
749 834 822 855 non
852 822 970 867 possit
998 821 1237 854 cancellarius
1268 821 1465 866 denegare,
1497 821 1527 853 si
1557 822 1672 866 major
1702 833 1785 866 pars
1815 821 2016 866 legentium
2045 821 2090 854 de
2121 821 2279 854 decretis
2307 821 2366 854 vel

486 888 632 934 legibus
658 889 779 922 dicant
803 889 839 920 in
867 887 980 921 verbo
1008 888 1182 928 veritatis,
1211 887 1309 931 quod
1334 887 1491 920 idoneus
1517 887 1565 920 sit
1588 887 1632 920 ad
1657 886 1739 929 hoc,
1767 894 1803 920 et
1826 887 1894 920 hoc
1921 887 1997 920 sive
2023 894 2164 920 taxetur
2191 899 2366 921 numerus

487 956 563 989 sive
590 968 674 988 non.
704 955 797 987 Aliis
825 955 930 987 etiam
959 954 1093 999 quibus
1120 954 1279 987 voluerit
1306 954 1391 986 dare
1419 954 1553 998 poterit
1578 953 1761 987 licentiam
1790 954 1869 987 sine
1896 954 2106 987 testimonio
2133 953 2281 987 illorum
2308 954 2367 988 vel

486 1021 639 1066 alicujus
672 1021 848 1066 magistri.
878 1022 922 1053 Et
948 1020 1043 1053 idem
1072 1019 1133 1053 siat
1159 1020 1203 1052 de
1238 1019 1403 1064 phisicis,
1433 1027 1584 1065 excepto
1612 1019 1680 1053 hoc
1714 1020 1812 1065 quod
1840 1020 1885 1052 de
1919 1019 2116 1053 idoneitate
2152 1021 2231 1065 ejus
2259 1032 2367 1069 quem

486 1087 749 1133 presentabunt
773 1088 817 1120 de
844 1087 981 1132 phisica
1008 1086 1184 1119 lecturum
1214 1086 1349 1119 dabunt
1378 1086 1508 1127 fidem3
1542 1086 1640 1131 quod
1665 1087 1696 1119 si
1723 1087 1815 1119 forte
1843 1087 2080 1132 denegaverit
2113 1087 2374 1135 cancellarius,-

486 1166 528 1187 ex
554 1161 637 1187 tunc
663 1153 967 1198 quandocumque
993 1153 1151 1186 voluerit
1175 1153 1387 1186 auctoritate
1413 1160 1537 1186 nostra
1562 1153 1693 1186 habeat
1717 1153 1865 1198 legendi
1885 1153 2080 1187 licentiam.
2109 1155 2161 1187 De
2183 1154 2371 1204 magistris

486 1232 631 1265 quoque
656 1220 785 1253 artium
812 1232 876 1253 sex
901 1219 1098 1265 eligentur,
1120 1226 1194 1252 tres
1215 1219 1259 1252 ab
1280 1220 1371 1265 ipsis
1393 1219 1578 1265 magistris
1604 1226 1640 1253 et
1663 1226 1738 1253 tres
1764 1232 1782 1253 a
1807 1220 2046 1261 cancellario;
2077 1227 2113 1254 et
2136 1220 2206 1265 ille·
2223 1220 2282 1253 cui
2306 1220 2368 1254 isti

486 1299 548 1319 sex
575 1287 633 1320 vel
661 1287 774 1331 major
801 1298 884 1331 pars
912 1285 1159 1331 perhibebunt
1186 1286 1434 1319 testimonium
1462 1286 1533 1319 fide
1561 1286 1800 1332 corporaliter
1824 1287 1974 1331 prestita
2000 1287 2098 1332 quod
2124 1286 2280 1320 idoneus
2306 1286 2365 1329 sit,

485 1353 724 1386 cancellarius
747 1365 821 1386 non
847 1353 979 1398 poterit
1005 1353 1038 1386 ei
1065 1353 1247 1398 denegare
1273 1353 1469 1386 licentiam.
1498 1353 1606 1396 Quod
1627 1353 1657 1386 si
1677 1353 1770 1386 forte
1792 1353 2030 1399 denegaverit
2049 1353 2301 1395 cancellarius,
2324 1364 2368 1386 ex

485 1426 569 1453 tunc
604 1420 908 1465 quandocumque
943 1419 1101 1453 voluerit
1133 1420 1345 1453 auctoritate
1379 1426 1503 1453 nostra
1537 1419 1668 1453 habeat
1700 1419 1849 1465 legendi
1887 1419 2091 1461 licentiam;
2133 1419 2213 1453 aliis
2248 1426 2367 1453 tamen

485 1486 619 1532 quibus
645 1487 803 1520 voluerit
829 1487 914 1519 dare
942 1487 1076 1532 poterit
1103 1486 1284 1520 licentiam
1313 1487 1393 1520 sine
1420 1487 1630 1520 testimonio
1658 1486 1818 1519 illorum.
1847 1487 2011 1532 Singulis
2037 1494 2155 1520 autem
2182 1499 2247 1520 sex
2271 1498 2368 1535 men-I

485 1553 588 1587 sibus
615 1553 901 1587 removebuntur
928 1554 989 1587 isti
1017 1566 1093 1595 sex,
1123 1561 1158 1587 et
1183 1553 1243 1587 alii
1271 1554 1315 1587 ad
1342 1554 1379 1587 id
1407 1566 1471 1587 sex
1498 1554 1667 1587 similiter
1694 1554 1889 1599 eligentur.
1920 1555 1996 1587 Hoc
2024 1561 2141 1587 autem
2170 1554 2306 1587 dictum
2333 1560 2369 1587 et

484 1620 788 1665 compromissum
816 1621 863 1653 ita
891 1628 945 1653 est
971 1621 1142 1666 utrinque
1167 1628 1367 1666 receptum,
1397 1621 1495 1666 quod
1523 1621 1643 1654 omnia
1665 1633 1775 1666 supra
1801 1621 1895 1654 dicta
1921 1628 2094 1666 quantum
2121 1621 2165 1654 ad
2190 1620 2368 1654 cancella-

484 1687 576 1719 rium
608 1687 708 1720 firma
741 1694 988 1732 permaneant,
1025 1687 1122 1721 salva
1155 1688 1191 1720 in
1218 1687 1389 1720 omnibus
1414 1687 1634 1733 supradictis
1659 1687 1918 1732 jurisdictione
1944 1694 2068 1721 nostra
2094 1694 2129 1720 et
2155 1687 2367 1720 auctoritate

484 1753 702 1786 Parisiensis
728 1753 895 1786 ecclesie.
925 1754 1111 1799 Superiori
1138 1761 1256 1787 autem
1281 1754 1502 1787 ordinationi
1528 1766 1719 1787 assensum
1746 1754 1973 1799 prebuerunt
1998 1761 2119 1800 partes
2145 1753 2365 1799 supradicte.

484 1820 558 1851 Nos
587 1831 674 1853 vero
704 1819 796 1852 hanc
826 1820 1127 1864 compositionem
1158 1827 1268 1854 ratam
1300 1827 1333 1854 et
1363 1827 1498 1866 gratam
1531 1820 1720 1862 habentes,
1757 1820 1822 1853 has
1852 1820 1991 1854 litteras
2026 1820 2105 1853 fieri
2134 1820 2302 1862 fecimus,
2333 1826 2369 1852 et

484 1886 597 1931 sigilli
618 1886 735 1919 nostri
756 1887 956 1919 munimine
977 1886 1154 1920 roborari.
1172 1887 1301 1920 Actum
1319 1900 1413 1920 anno
1430 1887 1577 1920 Domini
1598 1889 1647 1920 M⁰
1656 1887 1729 1921 CC⁰
1740 1887 1846 1920 tertio
1868 1887 2023 1929 decimo,
2042 1899 2168 1920 mense
2184 1887 2365 1932 Augusto,

483 1952 714 1998 pontificatus
735 1953 851 1986 nostri
872 1965 966 1986 anno
988 1954 1127 1998 quinto.

577 2038 614 2060 Ex
629 2037 804 2061 instrumento
819 2039 936 2061 consecto
952 2046 1041 2061 mense
1056 2038 1199 2062 Novembri
1214 2039 1274 2062 1213
1290 2038 1359 2062 infra
1374 2043 1402 2061 n⁰
1417 2039 1455 2062 18.
1471 2052 1502 2056 —
1516 2038 1654 2068 Jourdain,
1670 2043 1699 2061 n⁰
1715 2039 1752 2062 15.

577 2109 598 2131 1.
616 2109 737 2140 Integrae
752 2109 855 2132 litterae
871 2109 1014 2132 Innocentii
1030 2109 1184 2133 afferuntur.

487 2271 562 2308 17.
585 2280 730 2306 lohannes
745 2280 781 2306 de
799 2280 942 2315 Candelis,
961 2281 1154 2307 cancellarius
1175 2282 1361 2316 Panlsiensis,
1380 2285 1475 2307 ratam
1491 2281 1579 2308 habet
1594 2285 1621 2308 et
1631 2282 1775 2318 promittit
1790 2290 1904 2308 servare
1919 2281 2150 2317 compositionem
2165 2282 2275 2315 factam
2291 2280 2366 2307 inter·

571 2337 603 2355 se
619 2338 655 2355 ex
670 2338 728 2355 una
739 2333 835 2365 parte,
854 2333 881 2355 et
896 2329 1050 2364 magistros
1065 2334 1093 2356 et
1107 2330 1255 2356 scholares
1269 2330 1452 2356 Parisienses
1468 2339 1504 2357 ex
1519 2330 1614 2357 altera
1626 2334 1722 2367 parte.

1602 2420 1671 2450 1273,
1686 2428 1775 2446 mense
1790 2420 1910 2453 Auguoto,
1925 2419 2078 2454 [Parisiis]

573 2494 603 2525 J.
626 2492 864 2526 cancellarius
886 2494 1104 2526 parisiensis
1130 2494 1300 2527 omnibus
1325 2501 1516 2540 presentes
1542 2494 1680 2528 litteras
1706 2494 1930 2540 inspecturis
1956 2494 2108 2528 salutem
2134 2493 2172 2526 in
2193 2492 2361 2525 Domino.

485 2558 720 2592 Universitati
754 2566 874 2592 vestre
909 2567 1033 2593 notum
1068 2561 1219 2594 facimus
1254 2562 1351 2606 quod
1385 2562 1688 2607 compositionem
1722 2561 1820 2594 illam
1860 2573 1966 2606 quam
2005 2559 2225 2594 venerabilis
2263 2565 2364 2604 pater

485 2626 522 2657 P.
551 2625 767 2658 Parisiensis
794 2626 989 2671 episcopus
1014 2627 1108 2659 inter
1134 2639 1201 2660 nos
1227 2640 1270 2660 ex
1296 2640 1366 2660 una
1394 2635 1508 2673 parte,
1537 2635 1572 2661 et
1598 2628 1793 2673 magistros
1819 2634 1855 2660 et
1881 2626 2042 2660 scolares
2067 2625 2293 2659 Parisienses
2321 2636 2364 2658 ex

485 2691 552 2723 alia
573 2691 651 2723 fieri
673 2692 892 2736 procuravit,
914 2699 1086 2736 quantum
1109 2693 1152 2726 ad
1174 2705 1241 2726 nos
1262 2694 1432 2738 pertinet,
1461 2701 1570 2727 ratam
1592 2694 1768 2727 habemus
1789 2700 1825 2726 et
1845 2692 2072 2726 servabimus
2092 2692 2361 2733 inconcussam,

486 2757 581 2790 sicut
604 2757 641 2789 in
666 2757 797 2790 litteris
823 2758 939 2802 ipsius
966 2759 1128 2803 episcopi
1157 2771 1267 2804 super
1291 2759 1359 2792 hoc
1385 2760 1487 2793 sactis
1513 2760 1658 2805 plenius
1684 2760 1904 2793 continetur.
1933 2760 1978 2792 Et
2001 2765 2041 2791 ut
2065 2758 2132 2791 hoc
2159 2757 2302 2790 firmum
2329 2763 2364 2790 et

486 2830 601 2857 ratum
622 2823 809 2866 habeatur,
831 2824 943 2869 sigilli
964 2825 1079 2857 nostri
1101 2825 1300 2858 munimine
1322 2825 1491 2859 duximus
1516 2826 1774 2859 roborandum.
1797 2826 1926 2859 Actum
1948 2837 2042 2858 anno
2064 2824 2209 2858 Domini
2230 2823 2363 2857 M⁰CC⁰

487 2890 593 2924 tertio
615 2890 770 2932 decimo,
792 2902 917 2923 mense
938 2891 1118 2936 Augusto.

580 2971 618 2994 Ex
633 2970 806 2994 instrumento
821 2972 937 2995 confecto
953 2979 1041 2995 mense
1056 2971 1197 2995 Novembri
1212 2972 1273 2995 1213
1288 2971 1357 2995 infra
1373 2976 1402 2995 n⁰
1418 2973 1454 2995 18.
1471 2986 1503 2990 -
1516 2973 1654 3002 Jourduin,
1671 2977 1699 2995 n⁰
1715 2973 1752 2996 15.
