2580 3528
477 395 543 428 388
1056 404 1375 427 (ῑιιΑΒτυιΑιιιυΜ
1410 403 1601 425 UNtvssns.
1639 402 1768 423 rmus.
2259 393 2359 434 [1259

477 479 663 524 promittat
695 491 760 524 per
789 478 999 524 hujusmodi
1024 479 1270 523 juramentum
1304 477 1401 522 quod
1435 476 1610 520 deinceps
1633 475 1892 521 religiosorum
1919 482 1955 509 et
1980 475 2134 509 aliorum
2163 476 2199 508 in
2229 477 2358 510 eodem

479 545 601 579 studio
628 545 889 579 desudancium
916 545 1075 590 quietem
1106 551 1141 577 et
1164 556 1288 589 pacem
1313 543 1450 576 directe
1471 542 1528 575 vel
1550 542 1740 583 indirecte,
1763 542 1905 575 occulte
1925 542 1983 576 vel
2003 542 2206 584 manifeste,
2229 555 2295 588 per
2319 554 2359 577 se

477 612 536 646 vel
558 624 622 658 per
648 612 770 653 alium,
803 612 962 644 scienter
982 611 1083 644 nullo
1103 611 1211 643 modo
1235 609 1408 650 turbabit,
1431 608 1588 653 puniens
1616 607 1878 642 nichilominus
1904 621 1996 654 pena
2021 609 2142 642 debita
2161 609 2359 654 juramenti

479 679 690 724 hujusmodi
712 686 1019 723 transgressores.
1044 679 1122 710 Dat.
1148 677 1314 721 Anagnie
1338 675 1412 720 xiiij
1436 675 1505 708 kal.
1529 674 1628 716 Julii,
1652 674 1884 720 pontificatus
1913 675 2029 709 nostri
2055 688 2148 709 anno
2172 676 2312 721 quinto.

573 777 641 800 Bibl.
666 778 691 800 S.
715 777 862 801 Genovet'ac
886 776 969 799 Puris.
986 776 1044 799 cod.
1063 775 1093 803 Q.
1110 775 1127 798 l.
1145 775 1167 803 2,
1187 774 1265 802 in—80,
1286 774 1330 797 fol.
1347 773 1402 796 16¹³.
1418 786 1450 790 —
1464 773 1588 801 Bulaeus,
1605 773 1651 802 ΠΙ,
1668 773 1723 802 351,
1740 773 1785 796 ubi
1802 782 1813 796 «
1829 781 1863 797 xv
1890 774 1943 798 kal.
1958 773 2023 798 Julii
2039 781 2062 803 i),
2081 774 2152 806 apud
2167 773 2264 805 RipolL
2280 773 2359 798 Bull-

482 822 547 846 ord.
563 822 676 850 Praed„
693 822 713 850 Ι,
729 822 783 850 375,
799 830 810 843 «
828 829 861 843 xv
877 821 928 844 knl.
946 820 1018 843 Junii
1035 828 1057 843 »-

478 957 781 994 338..-1le1a11der
796 966 840 991 IV
849 965 950 990 scribit
964 963 1125 999 Reginaldo
1142 963 1274 999 episcopo
1290 963 1462 997 Parisiensi,
1481 966 1512 988 ut
1526 962 1640 989 artistis
1656 966 1684 989 et
1699 971 1795 989 eorum
1811 962 1969 989 rectoribus
1984 962 2037 989 sub
2049 971 2147 999 poena
2166 962 2359 989 excommuni-

567 1015 691 1040 cationis
711 1014 886 1050 praecipiat,
909 1022 944 1039 ne
963 1022 994 1039 se
1017 1013 1209 1038 intromittant
1227 1011 1264 1038 de
1282 1011 1429 1046 faciendis
1450 1015 1478 1038 ct
1497 1011 1675 1047 corrigendis
1699 1011 1878 1038 sermonibus
1903 1015 1932 1038 et
1955 1011 2141 1038 licentiandts
2161 1011 2197 1038 iis
2218 1011 2268 1048 qui
2286 1011 2359 1038 inci—

562 1063 648 1099 piunt
663 1063 691 1089 in
708 1062 867 1097 theologica
883 1061 1036 1097 facultate.

1709 1111 1786 1140 1259,
1801 1110 1872 1136 duni}
1884 1111 1922 1140 19,
1938 1110 2074 1143 Anwniao.

566 1191 772 1225 Alexander
807 1191 1003 1236 episcopus
1047 1202 1177 1223 servus
1217 1202 1407 1224 servorum
1444 1189 1510 1222 Dei
1539 1189 1741 1223 venerabili
1774 1189 1875 1223 fratri
1903 1216 1924 1222 ..
1953 1189 2126 1235 episcopo
2160 1188 2359 1223 Parisiensi

477 1258 628 1291 salutem
655 1265 690 1291 et
719 1258 953 1303 apostolicam
986 1257 1293 1290 benedictionem.
1326 1257 1417 1290 Cum
1448 1269 1515 1289 nec
1539 1256 1664 1290 artiste
1690 1256 1918 1290 Parisienses
1943 1268 2010 1289 nec
2040 1262 2202 1289 rectores
2232 1267 2358 1290 eorum

477 1337 515 1358 se
542 1325 782 1358 intromittere
809 1324 965 1357 debeant
983 1323 1041 1357 vel
1067 1324 1173 1356 ctiam
1199 1323 1460 1357 consueverint
1480 1323 1524 1356 de
1545 1323 1721 1356 faciendis
1743 1330 1779 1356 et
1802 1323 2033 1368 corrigendis
2059 1322 2293 1356 sermonibus
2318 1334 2360 1356 ac

475 1391 706 1425 licentiandis
732 1392 776 1424 iis
807 1391 868 1436 qui
899 1390 1079 1435 incipiunt
1104 1390 1141 1423 in
1166 1390 1373 1436 theologica
1394 1390 1574 1431 facultate,
1593 1390 1808 1423 fraternitati
1829 1396 1889 1423 tue
1910 1401 1976 1435 per
2000 1389 2199 1435 apostolica
2225 1389 2359 1435 scripta

474 1459 710 1504 precipiendo
739 1458 951 1491 mandamus
980 1457 1150 1502 quatinus
1177 1457 1315 1490 eisdem
1342 1457 1479 1490 artistis
1505 1463 1540 1490 et
1564 1469 1689 1490 eorum
1716 1456 1922 1490 rectoribus
1947 1456 2016 1490 sub
2038 1468 2130 1502 pena
2151 1467 2359 1489 excommu-

474 1525 681 1567 nicationis,
704 1538 807 1570 quam
844 1525 925 1570 ipso
959 1525 1052 1557 sacto
1090 1524 1289 1565 incurrant,
1309 1524 1340 1556 si
1374 1523 1595 1557 contrarium
1630 1523 1797 1565 fecerint,
1828 1535 1872 1556 ex
1901 1530 2001 1568 parte
2035 1529 2159 1556 nostra
2194 1522 2358 1556 districte

474 1593 654 1638 precipias
678 1599 714 1625 ut
737 1592 781 1625 de
804 1591 936 1625 talibus
962 1598 1131 1636 tanquam
1155 1591 1199 1624 de
1222 1590 1333 1624 rebus
1361 1591 1405 1624 ad
1431 1603 1470 1623 se
1496 1603 1570 1624 non
1592 1589 1861 1636 pertinentibus
1888 1590 2057 1623 decetero
2084 1601 2123 1623 se
2149 1589 2358 1623 nullatenus

473 1659 726 1700 intromittant„
751 1666 786 1692 et
806 1659 836 1691 si
860 1659 952 1691 sorte
970 1657 1181 1703 hujusmodi
1203 1669 1332 1703 penam
1354 1657 1655 1703 contempserint,
1677 1657 1783 1690 etiam
1804 1656 1871 1690 alia
1894 1668 1959 1702 per
1979 1663 2013 1689 te
2035 1655 2210 1689 sicuttibi
2226 1655 2358 1690 melius

474 1726 644 1771 expedire
672 1725 855 1759 videbitur
880 1725 1088 1771 puniantur.
1111 1725 1190 1757 Dat.
1219 1724 1386 1770 Anagnie
1406 1724 1468 1769 xiij
1493 1724 1562 1757 kal.
1584 1723 1685 1766 Julii,
1708 1723 1940 1769 pontificatus
1961 1723 2077 1756 nostri
2099 1734 2194 1756 anno
2216 1722 2356 1768 quinto.

566 1824 642 1848 Arch.
660 1827 712 1847 nat.
729 1823 812 1847 Paris.
830 1824 858 1847 L.
872 1825 927 1852 253,
942 1828 972 1846 n⁰
982 1824 1037 1851 245,
1052 1822 1153 1846 inserta
1166 1822 1263 1846 litteris
1279 1822 1418 1854 Reginaldi
1433 1822 1551 1854 episcopi
1566 1821 1651 1846 Paris.
1663 1821 1725 1845 anni
1742 1822 1803 1845 1259
1816 1821 1886 1845 infra
1900 1825 1930 1844 n⁰
1944 1821 1998 1850 354,
2015 1824 2041 1844 et
2055 1820 2126 1844 editu
2139 1820 2165 1844 in
2181 1820 2266 1845 Mem.
2280 1821 2314 1845 de
2328 1818 2358 1845 la

473 1869 533 1893 Soc.
547 1870 580 1893 {Ie
591 1868 673 1893 l‘hist.
689 1870 722 1892 (Ie
738 1868 821 1893 Paris
838 1872 864 1893 et
878 1870 911 1893 ‘Ie
923 1867 1163 1896 l'Ite-de-France,
1179 1867 1210 1896 X,
1226 1868 1281 1891 265.
1296 1881 1327 1885 —
1342 1867 1405 1891 Cod.
1422 1867 1565 1891 Rutenens.
1580 1866 1720 1890 Constitut.
1735 1865 1799 1891 Ord.
1815 1865 1920 1895 Praed„
1935 1874 1962 1897 p.
1978 1866 2034 1889 258.

474 2053 586 2091 339.
609 2063 777 2089 Alemander
792 2064 836 2090 IV
850 2063 878 2089 in
893 2063 999 2089 litteris
1014 2062 1054 2089 ad
1068 2062 1261 2098 Reginaldum
1281 2062 1446 2099 episcopum
1465 2062 1661 2087 Par-islensem
1677 2060 1796 2087 directis
1807 2059 1943 2097 prohihet
1961 2068 1996 2086 ne
2011 2058 2145 2094 magistri
2165 2061 2193 2085 et
2207 2056 2355 2085 scholares

562 2112 744 2138 Paristenses
760 2103 820 2138 ciam
839 2112 988 2138 Guillelmo
1004 2112 1040 2138 de
1057 2114 1085 2139 S.
1101 2113 1205 2138 Amore
1221 2112 1416 2138 commercium
1433 2110 1595 2137 litterarum
1611 2109 1748 2137 habeant.

1699 2209 1776 2238 1259,
1792 2207 1863 2234 danti
1872 2207 1917 2238 20,
1933 2207 2068 2240 Anagniae.

562 2290 768 2323 Alexander
811 2290 1007 2336 episcopus
1047 2301 1177 2323 servus
1207 2301 1397 2323 servorum
1437 2288 1503 2321 Dei
1540 2287 1741 2322 venerabili
1777 2287 1877 2320 fratri
1910 2312 1933 2320 ..
1965 2285 2138 2332 episcopo
2175 2284 2351 2319 Parisien.

473 2356 623 2389 salutem
657 2364 692 2390 ct
716 2357 949 2402 apostolicam
976 2356 1284 2390 benedictionem.
1312 2355 1509 2389 Multorum
1541 2354 1720 2388 relatione
1744 2354 1953 2395 didicimus,
1980 2353 2078 2398 quod
2103 2364 2169 2398 per
2197 2351 2353 2385 nuncios

472 2430 507 2456 et
542 2423 693 2465 litteras,
739 2437 827 2469 quas
859 2424 1078 2458 universitas
1124 2423 1318 2456 scolarium
1350 2422 1611 2455 Parisiensium
1645 2421 1703 2455 vel
1733 2420 1845 2466 aliqui
1882 2420 1926 2453 de
1961 2420 2042 2465 ipso
2075 2418 2272 2455 VVillermo
2307 2418 2352 2452 de

473 2491 602 2523 Sancto
636 2491 768 2523 Amore
804 2491 1052 2524 transmittunt
1090 2497 1126 2523 et
1155 2490 1337 2535 recipiunt
1370 2489 1414 2522 ab
1449 2489 1577 2522 eodem
1613 2488 1858 2533 srequenter¹,
1889 2486 2096 2520 Parisiense
2127 2485 2287 2519 studium
2317 2491 2353 2518 et

472 2563 586 2589 status
611 2557 867 2602 religiosorum
895 2565 930 2591 ct
955 2558 1106 2591 aliorum
1139 2557 1371 2590 existentium
1399 2555 1560 2589 Parisius
1591 2567 1664 2588 non
1694 2554 1877 2587 modicum
1908 2552 2153 2599 perturbatur.
2174 2551 2351 2586 Volentes

472 2623 583 2667 igitur
622 2636 812 2668 pravorum
853 2624 1005 2657 maliciis
1045 2623 1212 2665 obviare,
1245 2623 1459 2656 fraternitati
1499 2629 1558 2655 tue
1603 2634 1668 2667 per
1705 2620 1903 2666 apostolica
1938 2619 2071 2664 scripta
2113 2617 2350 2664 precipiendo

471 2689 695 2729 mandamus,
723 2691 892 2734 quatinus
922 2691 1039 2723 eidem
1067 2690 1302 2724 Universitati
1329 2697 1365 2723 et
1389 2689 1548 2734 singulis
1575 2688 1619 2722 de
1645 2688 1723 2733 ipsa
1749 2699 1792 2720 ex
1817 2693 1917 2732 parte
1947 2692 2071 2719 nostra
2093 2684 2281 2730 precipere
2310 2696 2350 2717 ac

471 2755 671 2788 districtius
701 2756 865 2789 inhibere
897 2769 1083 2802 procures,
1120 2769 1166 2790 ne
1201 2757 1370 2790 decetero
1405 2756 1502 2789 dicto
1531 2755 1728 2792 Willermo
1758 2753 1897 2799 aliquas
1931 2752 2070 2786 litteras
2094 2750 2153 2785 vel
2187 2750 2348 2793 nuntios,

470 2821 604 2866 quibus
639 2829 764 2866 posset
793 2822 912 2855 bonus
947 2830 1061 2856 status
1092 2823 1311 2856 Parisiensis
1341 2823 1453 2856 studii
1479 2829 1514 2855 et
1543 2821 1803 2867 religiosorum
1828 2831 1868 2853 ac
1889 2818 2042 2852 aliorum
2073 2816 2351 2863 quomodolibet

470 2888 687 2933 perturbari,
710 2889 852 2921 mittere
882 2889 939 2922 vel
965 2889 1008 2922 ab
1035 2889 1163 2922 eodem
1190 2891 1253 2925 W.
1281 2890 1446 2935 recipere
1471 2889 1593 2934 aliquo
1630 2887 1739 2920 modo
1770 2891 1995 2931 presumant,
2022 2884 2263 2917 communiter
2291 2883 2349 2917 vel

469 2955 626 2988 divisim.
656 2956 699 2987 Et
724 2955 754 2988 si
781 2955 862 3000 quis
883 2956 1102 2989 contrarium
1134 2956 1274 2998 fecerit,
1301 2956 1382 3001 ipso
1408 2957 1501 2989 sacto
1527 2954 1741 2989 sententiam
1769 2951 2154 2986 excommunicationis
2175 2951 2349 2991 incurrat,
