2580 3528
474 399 539 432 366
1053 410 1372 433 CHARTULARIUM
1405 411 1595 433 UNIVERS.
1633 411 1761 434 mnis.
2248 402 2347 443 [1257

565 485 643 529 Ego
664 484 838 529 magister
857 484 1101 526 Christianus,
1124 491 1296 529 quantum
1324 485 1361 518 in
1385 497 1442 518 me
1468 491 1536 527 est,
1558 497 1602 518 ex
1622 497 1718 519 nunc
1743 485 1881 531 recipio
1906 492 1943 519 et
1965 498 2009 519 ex
2033 498 2130 520 nunc
2154 485 2288 520 obedio
2313 493 2351 520 et.

475 549 644 584 obediam
672 550 709 583 in
736 557 935 595 posterum,
963 551 1034 584 nisi
1060 551 1231 584 dominus
1253 563 1342 596 papa
1363 550 1467 584 aliter
1487 551 1722 593 ordinaverit,
1749 551 1969 585 ordinationi
1994 552 2132 585 domini
2159 564 2251 598 pape
2278 564 2349 598 que

474 617 603 662 incipit
624 628 631 649 z
655 617 770 662 Quasi
788 617 926 662 lignum
951 618 1034 658 vite,
1057 622 1136 658 etc„
1163 624 1198 650 et
1222 624 1347 650 contra
1372 629 1449 650 eam
1476 617 1635 650 scienter
1662 629 1736 650 non
1759 618 1902 651 veniam
1922 630 1989 652 nec
2014 618 2349 653 contradicentibus

472 683 695 716 ordinationi
722 684 884 728 predicte
910 684 1080 716 auxilium
1107 684 1165 717 vel
1191 684 1384 717 consilium
1412 683 1582 729 prestabo
1609 683 1755 729 publice
1779 684 1837 718 vel
1862 685 2011 730 private.
2038 685 2195 719 Secundo
2219 686 2349 720 fratres

473 750 726 783 Predicatores
753 756 787 783 et
814 750 976 783 Minores
1003 750 1164 783 Parisius
1192 750 1383 795 degentes,
1415 750 1610 795 magistros
1639 762 1679 783 ac
1708 750 1894 785 auditores
1923 762 2050 784 eorum
2075 763 2115 785 ac
2142 752 2349 798 specialiter

472 822 510 849 et
533 816 744 849 nominatim
769 817 899 849 fratres
925 816 1097 849 Tho-mam
1124 816 1169 849 de
1195 816 1340 861 Aquino
1367 816 1412 849 de
1439 816 1577 849 Ordine
1607 816 1893 858 Predicatorum,
1922 823 1958 850 et
1981 818 2271 852 Bonaventuram
2303 819 2349 852 de

473 882 612 916 Ordine
639 883 834 924 Minorum,
862 883 1031 915 doctores
1058 882 1256 928 theologie,
1285 895 1328 915 ex
1353 894 1462 922 nunc,
1492 889 1665 927 quantum
1693 883 1730 915 in
1757 895 1814 916 me
1839 890 1907 925 est,
1933 883 1971 916 in
1996 884 2205 918 societatem
2233 885 2350 919 scola-

473 949 598 982 sticam
625 956 660 981 et
679 949 722 981 ad
745 949 1024 982 Universitatem
1053 949 1295 982 Parisiensem
1318 949 1469 994 recipio,
1492 955 1528 982 et
1547 961 1721 994 expresse
1742 950 1927 995 predictos
1952 950 2122 984 doctores
2147 951 2285 997 recipio
2311 957 2351 985 ut

472 1016 684 1060 magistros,
727 1015 904 1060 ipsosque
940 1016 1055 1059 juxta,
1087 1015 1354 1048 ordinationem
1388 1015 1585 1061 predictam
1621 1015 1665 1048 ab
1699 1016 1943 1050 Universitate
1983 1028 2049 1050 seu
2089 1017 2276 1063 magistris
2315 1024 2352 1052 et

471 1081 675 1114 scolaribus
697 1081 858 1114 Parisius
877 1081 1187 1114 commorantibus
1208 1081 1412 1126 procurabo
1434 1082 1547 1127 recipi
1567 1081 1662 1115 bona
1682 1082 1767 1124 fide,
1787 1089 1823 1116 et
1839 1090 1963 1116 contra
1984 1084 2145 1129 predicta
2165 1096 2349 1130 nunquam

472 1148 642 1194 prestabo
668 1147 861 1181 consilium
891 1148 948 1181 vel
974 1160 1208 1181 consensum.
1236 1149 1376 1190 Tertio,
1399 1149 1497 1194 quod
1523 1149 1682 1183 scienter
1707 1156 1839 1183 statuta
1864 1156 1900 1183 et
1925 1149 2170 1196 obligationes
2196 1157 2232 1185 et
2250 1151 2351 1196 jura-

473 1221 590 1248 menta
618 1227 691 1247 non
718 1214 842 1247 faciam
871 1226 935 1247 seu
962 1227 980 1247 a
1007 1214 1194 1260 religiosis
1214 1214 1272 1248 vel
1292 1215 1336 1248 ab
1357 1215 1438 1248 aliis
1459 1216 1614 1261 exigam,
1635 1216 1693 1249 vel
1714 1216 1751 1249 in
1772 1223 1945 1261 quantum
1973 1217 2011 1250 in
2035 1229 2093 1250 me
2119 1218 2230 1251 fuerit
2253 1217 2351 1264 exigi

474 1282 689 1326 permittam,
729 1293 794 1326 per
832 1293 902 1326 que
941 1280 999 1314 vel
1038 1293 1103 1326 per
1142 1293 1235 1326 quos
1273 1282 1493 1328 infringatur
1531 1282 1736 1324 [ordinatio]
1771 1283 1978 1328 supradicta
2012 1295 2077 1317 seu
2111 1291 2235 1318 contra
2273 1295 2350 1318 eam

470 1347 751 1393 quomodolibet
788 1348 965 1381 veniatur.
1010 1348 1163 1393 Quarto,
1201 1349 1299 1393 quod
1333 1361 1407 1382 non
1446 1349 1650 1394 procurabo
1689 1361 1755 1383 nec
1795 1357 1968 1395 quantum
2008 1351 2045 1383 in
2083 1363 2140 1384 me
2179 1357 2235 1385 est
2271 1351 2351 1384 fieri

473 1415 689 1460 permittam,
712 1415 810 1460 quod
832 1415 1037 1448 Parisiense
1059 1415 1220 1448 studium
1242 1415 1380 1461 absque
1403 1416 1549 1449 licentia
1570 1416 1708 1449 domini
1729 1428 1820 1462 pape
1841 1417 2033 1450 occasione
2052 1417 2250 1463 cujuslibet
2269 1429 2351 1463 pre·

473 1482 578 1515 terite
608 1481 825 1515 turbationis
855 1494 919 1514 seu
947 1482 1029 1515 facti
1055 1482 1278 1516 dissolvatur
1302 1494 1368 1516 seu
1393 1482 1464 1516 alio
1489 1483 1570 1516 loco
1601 1484 1850 1517 transferatur.
1881 1485 1971 1518 Item
1998 1484 2156 1530 reprobo
2185 1484 2350 1518 libellum

472 1549 674 1582 secundum
714 1549 863 1581 sormam
905 1549 1068 1582 traditam
1104 1549 1140 1581 in
1176 1549 1295 1583 littera
1330 1550 1375 1582 de
1409 1549 1525 1583 libelli
1559 1550 1901 1595 condempnatione,
1937 1551 1998 1598 qui
2033 1563 2150 1597 nuper
2182 1552 2251 1585 suit
2286 1563 2352 1597 per

473 1628 652 1649 summum
685 1615 891 1661 pontificem
921 1616 1223 1662 condempnatus,
1252 1623 1288 1650 et
1312 1628 1459 1650 errores
1485 1617 1522 1649 in
1552 1617 1633 1662 ipso
1662 1623 1868 1659 contentos,
1900 1618 1962 1662 qui
1992 1624 2078 1652 sunt
2105 1625 2230 1652 contra
2259 1618 2351 1652 infra

472 1683 618 1728 scripta.
655 1684 792 1715 Assero
827 1689 863 1715 et
896 1682 1047 1724 affirmo,
1083 1683 1181 1728 quod
1212 1684 1395 1716 Romanus
1418 1677 1588 1729 'pontifex
1618 1690 1739 1729 potest
1767 1684 2016 1729 predicatores
2050 1691 2087 1718 et
2118 1685 2352 1719 confessores

473 1750 614 1782 mittere
641 1749 777 1794 ubique
801 1761 866 1795 per
891 1749 1064 1782 mundum
1086 1743 1192 1794 juxta⁴
1214 1762 1279 1783 sue
1306 1750 1575 1796 beneplacitum
1599 1750 1797 1784 voluntatis
1822 1751 1902 1784 sine
1927 1763 2112 1784 consensu
2137 1751 2350 1785 inferiorum

474 1816 693 1861 prelatorum
729 1828 1043 1862 quorumcumque
1079 1829 1144 1850 seu
1174 1817 1454 1862 parrochialium
1491 1817 1734 1852 sacerdotum.
1767 1819 1855 1851 Item
1891 1818 1989 1862 quod
2023 1818 2289 1864 archiepiscopi
2317 1825 2354 1854 et

470 1883 635 1928 episcopi
666 1884 701 1916 in
730 1884 807 1916 suis
838 1883 1058 1929 dyocesibus
1086 1884 1171 1917 dare
1198 1890 1355 1929 possunt
1379 1884 1562 1918 licentiam
1596 1884 1809 1930 predicandi
1837 1891 1872 1918 et
1897 1884 2151 1918 consessiones
2180 1884 2352 1920 audiendi

472 1950 552 1983 sine
579 1962 763 1983 consensu
792 1950 1005 1983 inferiorum
1034 1951 1263 1984 sacerdotum
1292 1951 1350 1984 vel
1381 1958 1563 1984 rectorum
1592 1951 1843 1993 ecclesiarum,
1873 1963 1952 1984 cum
1981 1951 2141 1985 viderint
2166 1951 2351 1997 expedire,

474 2017 645 2061 quodque
673 2017 921 2062 predicatores
949 2023 985 2050 et
1011 2018 1246 2050 consessores
1274 2018 1326 2050 sic
1354 2018 1458 2051 missi
1486 2025 1642 2063 possunt
1666 2017 1781 2051 libere
1807 2017 1995 2063 predicare
2023 2024 2059 2051 et
2085 2017 2182 2051 licite
2209 2018 2353 2052 conses-

473 2083 598 2116 siones
624 2084 749 2116 audire
770 2096 810 2117 ac
831 2083 1022 2117 absolvere
1044 2085 1263 2130 penitentes.
1287 2086 1375 2117 Item
1398 2085 1496 2130 quod
1517 2091 1632 2119 status
1652 2084 1895 2118 mendicitatis
1916 2091 2066 2130 propter
2085 2083 2271 2118 Christum
2298 2091 2355 2118 est

473 2156 588 2183 status
614 2150 742 2184 salutis
763 2157 799 2184 et
819 2151 1067 2196 perfectionis.
1091 2152 1179 2184 Item
1202 2151 1300 2196 quod
1321 2151 1486 2197 religiosi
1507 2163 1699 2197 pauperes,
1722 2151 1784 2197 qui
1812 2151 1932 2184 omnia
1953 2151 2183 2196 reliquerunt
2205 2157 2354 2196 propter

473 2217 672 2259 Christum,
696 2225 851 2263 possunt
870 2218 1111 2251 mendicando
1136 2218 1325 2263 acquirere
1345 2219 1479 2252 victum
1508 2230 1615 2252 suum
1645 2218 1725 2251 sine
1752 2218 1876 2251 labore
1904 2230 2088 2259 manuum,
2115 2217 2256 2251 etiamsi
2281 2217 2356 2253 sint

475 2283 583 2317 validi
614 2296 781 2329 corpore,
812 2285 965 2318 maxime
995 2285 1057 2330 qui
1088 2285 1235 2318 student
1269 2284 1382 2318 verbo
1413 2285 1492 2326 Dei,
1524 2285 1759 2330 predicando,
1792 2284 2026 2330 disputando,
2057 2283 2227 2330 legendo.
2264 2285 2353 2317 Item

475 2350 572 2394 quod
600 2363 640 2383 ea
667 2363 738 2396 que
764 2351 1046 2385 continebantur
1073 2352 1109 2384 in
1137 2351 1263 2384 libello
1289 2351 1454 2397 predicto
1479 2358 1516 2384 et
1539 2352 1576 2384 in
1601 2351 1819 2397 quibusdam
1845 2351 2008 2385 articulis
2034 2363 2053 2384 a
2080 2362 2136 2383 me
2163 2350 2353 2392 consectis,

475 2429 546 2461 que
580 2417 753 2462 implicite
788 2418 844 2451 vel
875 2418 1044 2463 explicite
1076 2418 1294 2451 videbantur
1326 2430 1391 2451 seu
1422 2425 1589 2464 poterant
1618 2418 1655 2451 in
1684 2418 1931 2463 predictorum
1964 2417 2137 2451 Ordinem
2173 2417 2353 2452 infamiam

478 2484 694 2525 redundare,
730 2485 825 2517 sicut
853 2485 897 2517 de
928 2485 1262 2530 pseudoapostolis,
1294 2492 1330 2519 et
1359 2485 1403 2518 de
1433 2484 1780 2531 pseudoprophetis,
1817 2484 1861 2518 de
1890 2484 2029 2517 nuntiis
2058 2483 2274 2525 antichristi,
2309 2483 2354 2516 de

481 2550 754 2594 penetrantibus
779 2552 920 2593 domos,
944 2552 989 2585 de
1010 2552 1183 2597 periculis
1205 2552 1489 2586 novissimorum
1511 2559 1729 2597 temporum,
1751 2563 1825 2585 non
1845 2551 2013 2596 intelligo
2034 2562 2100 2584 nec
2121 2549 2284 2585 intellexi
2308 2549 2354 2584 de

478 2616 649 2649 fratribus
670 2618 847 2651 Ordinum
875 2619 1145 2653 predicatorum
1172 2625 1208 2652 et
1231 2619 1428 2660 Minorum,
1451 2619 1548 2664 quod
1570 2618 1660 2652 tales
1684 2618 1759 2652 sint
1781 2617 1840 2652 vel
1863 2617 2000 2652 fuerint
2026 2616 2084 2651 vel
2110 2616 2215 2651 etiam
2243 2615 2355 2650 futuri

480 2686 565 2728 sint,
594 2687 659 2719 sed
686 2688 798 2721 fateor
824 2689 982 2722 Ordines
1004 2690 1106 2735 ipsos
1127 2702 1210 2723 esse
1232 2689 1350 2724 bonos
1375 2696 1411 2723 et
1430 2689 1474 2722 ab
1503 2689 1658 2723 ecclesia
1678 2688 1911 2734 approbatos,
1937 2694 1974 2721 et
1996 2698 2122 2721 assero
2149 2693 2184 2720 et
2203 2686 2354 2729 affirmo,

478 2753 579 2797 quod
609 2754 707 2787 Deus
738 2754 804 2787 hoc
835 2756 953 2800 ipsum
991 2769 1055 2801 per
1086 2757 1274 2790 manifesta
1304 2757 1438 2790 indicia
1469 2756 1607 2789 nostris
1636 2754 1864 2800 temporibus
1897 2753 2159 2799 comprobavit,
2181 2753 2356 2787 nonnulla

482 2819 652 2852 miracula
681 2821 831 2862 scilicet,
863 2834 933 2867 que
964 2835 1028 2867 per
1055 2830 1200 2856 sanctos
1230 2823 1421 2868 utriusque
1449 2822 1600 2856 Ordinis
1630 2828 1837 2855 sanctorum
1863 2819 2049 2866 cathalago
2075 2832 2140 2866 per
2160 2821 2355 2854 Romanam

483 2885 672 2918 ecclesiam
729 2889 900 2921 canonice
952 2889 1114 2934 legitime
1153 2889 1311 2922 fideliter
1353 2901 1392 2922 ac
1436 2889 1504 2921 rite
1551 2888 1730 2933 ascriptos
1778 2893 1835 2921 est
1876 2886 2164 2922 misericorditer
2213 2886 2356 2932 operari

483 2951 665 2996 dignatus.
