2580 3528
450 370 494 404 90
1034 378 1354 401 anR'rULAmUM
1389 378 1580 400 UNlVERS.
1617 378 1748 400 PAnis.
2231 368 2331 408 [1219

450 454 598 487 lentiam
634 453 788 487 ulterius
823 452 892 486 sub
927 452 1219 486 dissimulatione
1257 452 1412 486 transire
1452 463 1517 497 per
1554 451 1752 497 apostolica
1791 450 1896 485 vobis
1935 452 2069 497 scripta
2102 451 2328 490 mandamus,

451 521 622 566 quatinus
651 521 847 566 magistros
882 527 918 553 et
951 519 1112 553 scolares
1142 520 1244 565 ipsos
1279 519 1422 552 sublato
1456 519 1711 564 appellationis
1746 517 1935 552 obstaculo
1965 519 2177 552 auctoritate
2206 525 2331 552 nostra

451 587 597 633 publice
618 588 827 621 nuntiantes
854 587 1065 632 hujusmodi
1093 587 1271 620 sententia
1299 598 1372 619 non
1399 586 1545 631 ligatOS,
1574 598 1614 619 ac
1641 585 1825 619 inibentes
1853 585 2030 627 districte,
2058 597 2104 619 ne
2125 586 2208 631 quis
2229 586 2331 619 dece-

451 662 528 688 tero
551 655 630 688 sine
652 654 800 700 speciali
822 654 1022 699 apostolice
1049 653 1149 686 sedis
1177 653 1344 686 mandato
1373 653 1409 685 in
1436 653 1599 697 ipsorum
1627 652 1899 685 universitatem
1921 652 2012 685 tales
2033 652 2164 686 audeat
2183 659 2331 686 senten-

451 722 518 755 tias
553 721 800 767 promulgare,
832 721 1032 766 injungatis
1068 732 1155 765 sepe
1184 720 1290 753 dictis
1330 719 1547 752 cancellario
1575 726 1611 752 et
1644 719 1755 752 sociis
1786 720 1879 764 ejus,
1913 726 1954 752 ut
1981 719 2061 764 ipse
2091 719 2330 753 cancellarius

451 788 706 834 personaliter,
742 788 940 833 complices
972 799 1059 820 vero
1095 788 1175 831 ejus
1205 798 1271 831 per
1300 792 1557 831 procuratores
1586 786 1755 827 idoneos7
1787 786 1824 818 in
1851 786 1988 819 octavis
2015 785 2110 819 beati
2140 786 2330 820 Michaelis

450 855 638 900 proximis,
669 866 758 900 quas
786 855 839 887 eis
867 854 1152 899 peremptorium
1180 853 1424 898 assignamus,
1454 852 1656 897 apostolico
1686 864 1725 885 se
1755 852 1969 897 conspectui
1996 859 2262 897 representent,
2292 859 2331 886 ut

451 934 562 967 super
583 922 744 967 predicte
765 921 979 954 temeritatis
999 932 1152 953 excessu
1174 920 1205 953 si
1227 926 1398 964 poterunt
1417 931 1457 952 se
1479 926 1665 960 excusent,
1694 926 1755 952 aut
1774 919 1937 952 meritam
1960 919 2119 952 sentiant
2137 919 2327 962 ultionem,

450 989 603 1034 ipseque
637 988 875 1021 cancellarius
909 988 1036 1020 samam
1073 999 1187 1028 suam,
1224 998 1294 1031 que
1329 986 1425 1031 apud
1454 997 1522 1019 nos
1557 985 1807 1031 multipliciter
1840 992 1897 1018 est
1928 991 2086 1031 gravata,
2122 992 2265 1019 tueatur
2297 986 2330 1020 si

450 1056 595 1101 poterit,
617 1062 678 1087 aut
698 1054 899 1099 iniquitatis
920 1066 985 1087 sue
1005 1053 1162 1087 vinculis
1183 1053 1467 1098 constringatur.
1491 1052 1546 1086 Ad
1566 1052 1632 1085 hec
1654 1053 1854 1098 injungatis
1875 1052 2103 1086 universitati
2124 1052 2327 1095 doctorum,

450 1129 489 1154 ut
509 1129 544 1154 et
563 1122 634 1166 ipsi
655 1127 911 1166 procuratores
932 1132 1020 1153 suos
1042 1127 1191 1165 propter
1211 1119 1279 1153 hoc
1300 1119 1345 1152 ad
1363 1131 1432 1153 nos
1453 1120 1595 1153 mittant
1614 1120 1770 1153 termino
1792 1119 2054 1164 suprascripto.
2077 1119 2184 1163 Quod
2203 1120 2235 1153 si
2255 1131 2329 1153 non

449 1200 589 1230 omnes
611 1193 674 1222 etc.
699 1189 776 1220 Dat
800 1189 913 1220 Rome
933 1187 1029 1232 apud
1050 1187 1219 1220 Sanctum
1241 1188 1386 1220 Petrum
1407 1199 1429 1220 v
1450 1186 1498 1219 id.
1521 1187 1619 1228 Maii,
1643 1186 1874 1232 pontificatus
1894 1187 2012 1219 nostri
2032 1198 2127 1219 anno
2146 1187 2265 1220 tertio.

540 1285 854 1317 Reg.v0t.1{0norii111
876 1294 919 1308 an.
939 1285 1226 1316 3,ep.3115,s01.93b.
1243 1299 1274 1302 —
1290 1285 1352 1308 Cod.
1369 1285 1426 1308 Vat.
1443 1285 1506 1316 Reg.
1527 1285 1582 1313 406
1604 1284 1940 1316 s01.4b.Bib1.Phi11ipps
1960 1284 1987 1307 in
2007 1284 2189 1313 Cheltenham,
2205 1293 2254 1308 ms.
2272 1285 2326 1314 876,

447 1331 491 1354 sol.
509 1331 543 1354 5¹².
561 1331 626 1355 Rec.
641 1332 689 1355 des
705 1331 813 1355 Histor.
828 1332 875 1355 des
891 1330 1002 1358 Gaules,
1018 1330 1083 1358 xlx,
1099 1331 1154 1353 685
1171 1330 1360 1361 Fragmentum
1375 1330 1446 1361 apud
1461 1330 1599 1358 Bulaeum
1615 1330 1660 1358 111,
1677 1330 1715 1353 93.

540 1416 562 1438 1.
578 1415 678 1439 Garini-
696 1415 844 1446 Episcopus
865 1414 1069 1438 Silvanectensis
1089 1414 1138 1438 hoc
1157 1415 1215 1438 loco
1235 1414 1262 1438 in
1282 1415 1456 1442 documentis,
1472 1423 1539 1446 quae
1554 1414 1701 1446 respiciunt
1720 1414 1926 1438 Universitatem
1947 1414 2041 1442 Paris.,
2058 1413 2145 1445 primo
2164 1413 2324 1438 nominatur.

445 1461 545 1485 Revera
560 1468 608 1492 per
623 1461 732 1491 longum
746 1463 852 1491 tempus
868 1468 975 1483 munere
990 1459 1184 1483 conservatoris
1199 1459 1402 1491 privilegiorum
1419 1459 1606 1483 universitatis
1623 1459 1792 1491 fungebatur.

445 1676 522 1714 32.
546 1685 690 1711 Honorius
712 1686 759 1710 III
778 1685 892 1711 innovat
906 1688 1045 1710 statutum
1064 1685 1183 1711 Concilii
1205 1685 1411 1711 Lateranensis
1431 1686 1476 1712 IV
1494 1685 1530 1711 de
1555 1685 1694 1720 theologis
1716 1694 1771 1722 per
1793 1685 1925 1720 singulas
1951 1684 2120 1721 metropoles
2144 1684 2324 1719 statuendi-s,-
2366 1702 2368 1705 -

528 1735 676 1771 praecipit
699 1738 730 1760 ut
759 1734 797 1760 ab
826 1733 1012 1760 ecclesiarum
1035 1733 1179 1770 praelatis
1204 1738 1232 1760 et
1255 1734 1394 1771 capitulis
1418 1734 1459 1760 ad
1482 1734 1660 1769 theologicae
1689 1735 1881 1771 professionis
1912 1734 2040 1761 studium
2065 1733 2159 1770 aliqui
2184 1733 2323 1760 docibiles

533 1784 721 1819 destinentur
739 1783 868 1810 concedit
883 1783 1065 1809 studentibus
1082 1783 1110 1809 in
1126 1783 1226 1809 eadem
1242 1783 1387 1818 facultate
1398 1793 1453 1820 per
1468 1784 1594 1820 quinque
1609 1793 1701 1810 annos
1716 1785 1829 1819 fructus
1846 1784 2048 1819 beneficiorum
2061 1791 2187 1809 suorum.
2205 1784 2324 1809 Innovat

532 1833 676 1859 decretum
701 1832 820 1858 Concilii
846 1832 1025 1867 Turonensis,
1051 1841 1085 1858 ne
1107 1832 1256 1867 regulares
1278 1837 1384 1859 exeant
1405 1832 1446 1858 ad
1467 1833 1644 1859 audiendum
1660 1833 1737 1868 leges
1753 1833 1795 1859 vel
1812 1833 1970 1869 physicam,
1993 1836 2021 1859 et
2039 1831 2169 1858 eoetendit
2188 1831 2263 1858 illud
2283 1831 2324 1857 ad

532 1891 627 1908 omnes
650 1881 768 1908 clericos
787 1885 963 1918 personatus
985 1881 1124 1907 habentes
1140 1885 1168 1907 et
1189 1881 1229 1907 ad
1247 1882 1439 1918 presbyteros.
1458 1884 1581 1919 Insuper
1593 1882 1699 1908 statuit
1718 1891 1753 1908 ne
1767 1882 1894 1908 Parisiis
1915 1882 1973 1908 sive
1994 1882 2023 1907 in
2043 1881 2157 1907 civitate
2176 1881 2234 1907 sive
2253 1879 2323 1906 aliis

531 1931 601 1957 locis
616 1931 714 1957 vicinis
729 1931 882 1966 quisquam
893 1930 995 1956 docere
1006 1930 1047 1956 vel
1062 1930 1165 1957 audire
1175 1931 1226 1966 jus
1241 1931 1321 1957 civile
1330 1935 1501 1967 praesumat
1510 1931 1564 1958 sub
1571 1940 1671 1968 paena
1683 1931 1996 1965 excommunicationis,
2010 1934 2038 1956 et
2047 1930 2179 1956 Parisios
2190 1929 2323 1956 declarat

532 1980 632 2015 locum,
652 1980 701 2006 ubi
716 1979 861 2014 theologia
877 1979 982 2006 debeat
997 1979 1102 2005 doceri.

1624 2037 1694 2066 1219,
1709 2036 1855 2063 Novembris
1871 2037 1908 2066 18,
1926 2036 2033 2062 morbis.

530 2124 715 2157 Honorius
742 2124 938 2169 episcopus
966 2135 1095 2157 servus
1117 2135 1306 2157 servorum
1334 2124 1400 2157 Dei
1430 2124 1573 2157 dilectis
1600 2124 1686 2157 filiis
1713 2124 1871 2170 capitulo
1900 2124 2098 2157 Parisiensi
2125 2130 2162 2157 et
2187 2124 2319 2157 ceteris

440 2191 676 2224 ecclesiarum
707 2190 856 2236 prelatis
887 2197 922 2223 et
950 2190 1118 2236 capitulis
1149 2191 1186 2223 in
1216 2191 1358 2224 civitate
1387 2203 1426 2223 ac
1457 2191 1596 2224 diocesi
1626 2191 1823 2224 Parisiensi
1858 2191 2067 2224 constitutis
2101 2190 2254 2223 salutem
2285 2197 2320 2224 et

438 2257 672 2303 apostolicam
703 2257 1009 2290 benedictionem.
1043 2258 1160 2302 Super
1189 2257 1374 2302 speculam
1405 2258 1551 2290 Domini
1581 2258 1666 2291 licet
1693 2258 1864 2291 immeriti
1891 2257 2093 2299 constituti⁷
2122 2257 2208 2290 dum
2237 2257 2319 2290 dili-

438 2331 568 2370 genter
588 2324 702 2358 multo
722 2324 855 2357 intuitu
876 2324 1165 2369 contemplamur
1186 2331 1316 2357 statum
1346 2324 1522 2358 ecclesiae
1543 2325 1741 2370 generalis,
1771 2325 1939 2358 dolemus
1961 2324 2157 2370 plurimum
2179 2330 2215 2357 et
2234 2324 2319 2357 tris-

439 2399 555 2425 tamur
588 2392 700 2437 quod,
734 2404 815 2424 cum
850 2391 930 2424 albe
965 2391 1039 2424 sint
1072 2392 1245 2437 regiones
1278 2391 1323 2424 ad
1357 2404 1514 2425 messem
1549 2392 1741 2437 plurimam
1773 2399 1808 2425 et
1841 2392 1998 2437 operarii
2029 2391 2102 2424 sint
2130 2391 2315 2436 perpauci,

437 2459 603 2504 plerique
629 2458 774 2504 vigiles,
798 2458 859 2503 qui
885 2465 1056 2491 tenentur
1085 2458 1271 2491 custodire
1301 2459 1447 2491 Domini
1476 2459 1631 2501 vineam,
1668 2459 1855 2492 dormiunt
1883 2470 2077 2504 sompnum
2112 2469 2218 2491 suum
2249 2468 2316 2490 nec

437 2525 569 2558 zizania
589 2525 739 2558 nimium
762 2525 1008 2558 excrescentia
1034 2525 1071 2557 in
1092 2525 1298 2570 manipulos
1325 2525 1370 2558 ad
1391 2525 1679 2559 comburendum
1708 2525 1898 2571 colligunt,
1928 2524 2092 2570 quamvis
2114 2535 2154 2557 ea
2176 2523 2316 2568 jugiter

437 2591 706 2636 superseminet
730 2592 915 2632 inimicus,
942 2604 1096 2636 cumque
1121 2591 1259 2625 lactens
1285 2599 1320 2625 et
1340 2592 1513 2638 parvulus
1535 2593 1679 2626 deficiat
1703 2593 1740 2625 in
1765 2592 1908 2637 plateis,
1936 2591 1995 2625 vix
2016 2597 2072 2623 est
2091 2590 2154 2635 qui
2173 2590 2315 2635 frangat

436 2670 564 2705 panem
593 2658 767 2703 parvulis,
795 2664 856 2690 aut
883 2658 1052 2702 propinet
1079 2658 1288 2691 sitientibus
1316 2671 1442 2703 aquam
1472 2660 1649 2704 sapientie
1677 2658 1858 2699 salutaris,
1891 2670 1934 2691 eo
1964 2657 2063 2702 quod
2090 2656 2231 2689 modica
2259 2663 2315 2689 est

436 2726 473 2759 in
501 2732 596 2758 terra
626 2724 777 2758 scientia
807 2724 974 2766 Domini;
1006 2725 1089 2769 quia
1119 2725 1244 2769 plures
1274 2725 1374 2758 velut
1402 2725 1575 2759 illusores
1605 2725 1670 2758 filii
1699 2732 1844 2770 accepta
1873 2736 1947 2758 non
1976 2723 2118 2756 modica
2144 2723 2312 2768 portione

435 2792 637 2826 substantie
676 2793 763 2824 Jesu
806 2790 942 2824 Christi
977 2798 1187 2835 comparant
1220 2791 1291 2824 sibi
1327 2791 1371 2824 de
1405 2792 1483 2837 ipsa
1518 2792 1670 2837 siliquas
1704 2803 1835 2825 vacuas
1870 2798 1906 2824 et
1935 2802 2101 2832 sonoras,
2137 2801 2208 2835 que
2237 2801 2311 2822 non

434 2860 576 2901 satiant,
599 2865 635 2892 et
654 2870 781 2903 aquam
803 2858 949 2890 aurium
969 2869 1049 2890 cum
1071 2857 1179 2890 situla
1201 2858 1420 2891 Samaritane
1442 2859 1486 2891 de
1508 2866 1617 2904 puteo
1637 2859 1695 2892 vel
1717 2865 1878 2892 torrente
1898 2869 2072 2903 aquarum
2093 2856 2308 2897 infidelium,

433 2939 504 2973 que
538 2926 635 2960 sitim
663 2924 818 2970 idropici
846 2936 919 2957 non
949 2923 1124 2966 relevant,
1146 2931 1202 2958 set
1228 2925 1381 2958 irritant.
1410 2925 1517 2958 Tales
1544 2925 1712 2970 equidem
1747 2932 1865 2958 ortum
1897 2924 2124 2966 conclusum,
2153 2923 2211 2956 cui
2235 2934 2310 2956 non

558 2985 595 3008 12.
