2618 3640
498 427 540 460 50
1081 438 1403 461 CHARTULARIUM
1437 438 1629 460 UNIVERS.
1667 437 1797 460 PARIS.

498 511 676 556 S[ignum]
699 511 923 545 Barbedauri
953 513 1092 546 decani.
1123 513 1157 546 S.
1186 512 1325 546 Galteri
1350 513 1590 557 precentoris.
1619 513 1654 545 S.
1681 511 1839 557 Philippi
1860 510 2118 544 archidiaconi.
2152 511 2187 544 S.
2210 509 2379 544 Graciani

496 577 753 612 archidiaconi.
778 580 813 612 S.
836 579 981 613 Girardi
1007 579 1268 612 archidiaconi.
1293 580 1349 620 S.¹
1370 579 1509 613 Galteri
1533 578 1750 624 presbyteri.
1775 579 1810 612 S.
1832 577 1987 612 Jocelini
2008 577 2227 623 presbyteri.
2251 578 2285 610 S.
2309 577 2381 611 Ga—

495 645 593 678 lonis
620 645 837 691 presbyteri.
862 646 897 679 S.
930 646 1126 692 SyDnonis]
1156 646 1311 679 diaconi.
1336 647 1370 679 S.
1398 646 1494 679 Petri
1525 646 1680 679 diaconi.
1710 646 1744 679 S.
1773 645 1915 679 Odonis
1946 645 2102 678 diaconi.
2135 645 2170 678 S.
2198 644 2380 678 Bauduini

496 711 724 745 subdiaconi.
757 713 792 746 S.
822 712 900 745 Ade
931 712 1161 746 subdiaconi.
1192 714 1226 746 S.
1257 713 1424 758 Hugonis
1454 712 1683 746 subdiaconi.
1717 713 1751 746 S.
1783 711 1956 757 Stephani
1986 711 2102 757 pueri.
2141 711 2176 745 S.
2212 710 2379 748 Mauricii

497 779 615 824 pueri.
639 779 673 812 S.
698 779 865 812 Gausridi
891 779 1008 824 pueri.
1037 780 1165 812 Datum
1188 791 1254 824 per
1273 791 1418 812 manum
1441 779 1605 812 Hilduini
1625 778 1846 812 cancellarii.

588 860 779 891 Apographum
795 861 855 890 (non
875 860 1014 891 originale)
1042 860 1127 891 partis
1147 860 1245 891 prioris
1262 868 1329 883 saec.
1347 860 1415 888 XIII,
1431 859 1458 882 in
1477 859 1554 883 Arch.
1568 863 1622 883 nat.
1642 859 1727 883 Paris.
1745 859 1780 883 Μ.
1798 859 1852 887 1211
1873 863 1902 882 n⁰
1917 860 1961 883 3Λ.
1977 873 2009 877 -
2020 858 2087 883 lbid.
2103 863 2133 882 n⁰
2150 861 2164 882 5
2179 858 2305 884 vidimus
2319 858 2380 883 offi-

494 904 569 927 cialis
585 912 640 927 cur.
657 904 741 928 Paris.
762 904 904 936 (scriptura
923 904 1038 936 anglica)
1058 913 1101 928 an.
1119 905 1188 932 1271,
1208 904 1336 928 Novemb.
1350 905 1393 932 21;
1409 908 1439 927 n⁰
1454 905 1468 927 6
1483 904 1608 928 vidimus
1623 904 1735 936 capituli
1747 903 1831 928 Paris.
1845 912 1888 927 un.
1902 904 1972 932 1323,
1989 903 2123 935 Septemb.
2139 904 2178 927 22.
2192 917 2221 921 —
2235 904 2308 927 Anno
2319 903 2379 927 1231

494 949 629 972 scholares
642 949 697 980 jam
713 949 819 972 domum
834 949 970 980 propriam
984 949 1063 980 juxta
1081 950 1105 974 S.
1121 949 1343 980 Christophorum
1358 948 1553 972 inhabitabant.
1570 949 1609 972 Cf.
1627 949 1730 972 docum.
1747 949 1788 972 ed.
1800 956 1815 971 a
1825 948 1911 972 Briele
1926 948 1952 971 in
1966 948 2129 973 Cartulaire
2138 949 2172 972 de
2182 947 2379 977 l'Hotel-Dieu,

492 997 522 1016 n⁰
536 994 590 1017 266.

587 1061 610 1084 1.
628 1061 667 1084 Cf.
684 1069 765 1092 supra
781 1061 813 1083 ad
829 1065 879 1084 „um
894 1062 918 1085 8.
933 1075 963 1079 -
978 1062 1000 1084 2.
1020 1070 1031 1083 «
1053 1062 1078 1084 S.
1096 1061 1202 1085 Girardi
1262 1061 1288 1084 S.
1307 1069 1318 1083 »
1334 1069 1365 1084 ex
1377 1065 1406 1083 n⁰
1422 1063 1444 1088 5,
1460 1068 1520 1083 cum
1535 1060 1722 1091 apographum
1737 1059 1853 1091 primum
1869 1059 1912 1083 hic
1925 1059 1960 1083 sit
1974 1059 2159 1083 dilaceratum.

491 1214 569 1251 51.
593 1223 747 1259 Philippus
769 1223 804 1250 de
826 1225 973 1258 Harrengt
995 1223 1036 1249 ad
1058 1223 1245 1258 Hergaldum,
1264 1223 1390 1249 Parisiis
1411 1223 1504 1249 studii
1527 1232 1619 1250 causa
1647 1227 1813 1258 morantem,
1836 1223 1979 1250 civilatem
1998 1223 2195 1249 Parisiensem
2216 1222 2251 1249 ob
2271 1222 2378 1250 cultam

579 1272 685 1298 ibidem
701 1281 719 1298 a
734 1272 876 1298 studiosis
890 1273 1045 1298 scientiam
1061 1272 1200 1299 laudibus
1216 1272 1331 1298 extollit
1344 1276 1549 1309 nuncupatque
1567 1272 1686 1298 Cariath
1703 1272 1819 1309 Sepher,
1837 1272 1980 1298 civilatem
1995 1271 2167 1298 litterarum.

580 1362 733 1394 Litteras
764 1373 854 1406 quas
885 1361 1014 1394 affectu
1046 1361 1199 1394 memori
1229 1367 1289 1394 tua
1317 1360 1406 1393 mihi
1435 1361 1534 1394 misit
1565 1361 1726 1403 dilectio,
1753 1367 1793 1394 ut
1819 1361 1998 1406 letargum
2024 1372 2144 1393 meum
2171 1366 2206 1393 et
2229 1371 2376 1406 gravem

489 1428 770 1462 somnolentiam
799 1428 955 1473 quodam
991 1428 1094 1473 quasi
1123 1427 1228 1473 vigili
1257 1440 1405 1461 curares
1435 1428 1614 1473 pulsorio,
1646 1428 1738 1461 scito
1773 1440 1830 1461 me
1865 1434 1901 1461 et
1927 1427 2065 1473 legisse
2101 1427 2311 1473 diligenter,
2343 1433 2379 1461 et

489 1495 601 1528 lectas
629 1501 814 1540 gratanter
841 1495 1042 1540 accepisse,
1070 1495 1153 1540 quia
1180 1501 1282 1527 tuum
1309 1495 1485 1528 discentis
1513 1496 1715 1540 profectum
1743 1495 1780 1528 in
1806 1495 1859 1528 eis
1884 1494 1973 1527 mihi
1997 1494 2127 1528 videor
2151 1494 2375 1540 percepisse.

571 1562 672 1595 Sicut
702 1561 814 1594 multo
834 1562 982 1595 venisse
1013 1561 1185 1594 comitatu
1220 1561 1346 1607 regina
1378 1561 1514 1607 legitur
1545 1561 1758 1604 Sabeorum,
1786 1568 1825 1595 ut
1854 1573 2009 1607 quorum
2036 1562 2165 1594 famam
2193 1561 2238 1594 de
2265 1560 2377 1606 longe

489 1628 671 1670 hauserat.
701 1628 856 1661 certiora
885 1628 956 1661 sibi
984 1628 1063 1662 visu
1093 1628 1267 1661 redderet
1294 1628 1498 1670 oculorum,
1525 1629 1576 1662 sic
1605 1635 1641 1662 et
1667 1635 1705 1662 tu
1730 1640 1853 1662 amore
1879 1628 2011 1662 ductus
2037 1628 2190 1661 scientie
2215 1627 2377 1661 Parisius

490 1695 684 1737 advenisti,
712 1702 747 1728 et
771 1708 789 1728 a
815 1695 939 1728 multis
973 1695 1165 1740 expetitam
1193 1701 1314 1740 optato
1347 1696 1565 1740 compendio
1589 1695 1796 1744 ¹Jerusalem
1824 1695 2010 1729 invenisti.
2043 1695 2108 1728 Hic
2137 1694 2234 1728 enim
2262 1694 2377 1728 David

492 1759 759 1793 decachordum
787 1759 998 1805 psalterium
1026 1772 1135 1793 manu
1158 1760 1284 1805 tangit,
1307 1759 1365 1793 hic
1386 1766 1482 1793 tactu
1503 1760 1656 1806 mystico
1678 1760 1839 1806 psalmos
1861 1760 1998 1806 pangit.
2022 1760 2087 1793 Hic
2111 1760 2204 1793 Isaie
2224 1759 2372 1805 legitur,

489 1826 649 1872 legendo
680 1827 865 1871 detegitur
895 1826 1102 1872 prophetia3
1139 1826 1197 1859 hic
1230 1826 1408 1872 prophete
1438 1827 1549 1860 ceteri
1580 1827 1747 1860 diversos
1780 1827 1949 1861 modulos
1979 1826 2154 1860 concordi
2186 1826 2379 1871 proferunt

491 1893 659 1927 melodia.
702 1894 766 1926 Hic
802 1894 948 1939 sapiens
984 1893 1154 1927 Salomon
1194 1894 1417 1927 erudiendos
1452 1906 1635 1928 convenas
1676 1894 1855 1940 operitur;
1898 1893 1957 1927 hic
1983 1894 2063 1939 ejus
2088 1891 2376 1939 promptuarium

491 1961 669 1994 studiosis
690 1960 922 2006 pulsantibus
943 1961 1122 2006 aperitur,
1153 1960 1212 1993 hic
1239 1961 1283 1993 ad
1309 1960 1528 2006 pulsandum
1550 1968 1670 1994 tantus
1691 1973 1908 2003 concursus,
1930 1967 2025 1994 tanta
2049 1960 2254 2005 frequentia
2275 1959 2377 1993 cleri·

490 2039 628 2069 corum,
657 2034 697 2060 ut
721 2027 918 2060 contendat
942 2027 1162 2072 supergredi
1190 2039 1422 2060 numerosam
1448 2027 1718 2061 multitudinem
1744 2028 1933 2061 laicorum.
1960 2027 2062 2060 Felix
2082 2027 2221 2069 civitas,
2248 2026 2286 2060 in
2307 2038 2377 2072 qua

491 2094 606 2127 sancti
641 2094 787 2127 codices
820 2101 918 2127 tanto
954 2094 1076 2127 studio
1116 2094 1368 2136 revolvuntur,
1402 2101 1437 2128 et
1471 2107 1597 2127 eorum
1638 2094 1809 2140 perplexa
1847 2094 2018 2140 mysteria
2058 2093 2244 2140 superfusi
2278 2093 2376 2127 dono

491 2161 642 2207 spiritus
663 2160 910 2202 resolvuntur,
938 2161 975 2193 in
997 2173 1065 2206 qua
1087 2167 1182 2194 tanta
1203 2161 1381 2194 lectorum
1403 2161 1606 2206 diligentia,
1629 2168 1724 2195 tanta
1746 2161 1905 2207 denique
1926 2161 2078 2194 scientia
2099 2161 2374 2206 scripturarum,

491 2234 530 2261 ut
549 2228 586 2260 in
608 2228 754 2260 modum
776 2227 921 2262 Cariath
949 2227 1088 2273 Sepher
1108 2228 1237 2260 merito
1259 2228 1331 2260 dici
1354 2228 1484 2273 possit,
1506 2228 1633 2262 civitas
1653 2228 1867 2261 litterarum.
1896 2229 1936 2261 In
1957 2228 2022 2261 hac
2043 2228 2157 2261 instar
2178 2226 2377 2261 Gothoniel

490 2294 574 2328 volo
601 2301 635 2328 te
661 2307 734 2328 non
760 2301 829 2328 tam
856 2294 1074 2336 litteraliter,
1102 2307 1207 2339 quam
1240 2294 1453 2340 spiritaliter
1479 2295 1631 2336 erudiri,
1662 2295 1714 2328 sic
1746 2295 1945 2341 scripturas
1972 2306 2101 2340 capere
2129 2301 2169 2327 ut
2198 2294 2376 2328 internam

492 2361 635 2394 illarum
657 2361 889 2394 dulcedinem
911 2361 1044 2406 diligas
1066 2361 1223 2406 experiri
1230 2388 1294 2394 .....
1317 2362 1418 2395 Vale.
1467 2383 1469 2385 -

585 2442 714 2472 Philippi
729 2443 791 2466 abb.
806 2443 879 2466 Bon.
893 2442 958 2473 Spei
977 2442 1005 2466 O.
1018 2442 1131 2466 Praem.
1151 2449 1214 2473 opp.
1230 2449 1317 2470 omn„
1334 2443 1374 2466 ed.
1392 2443 1526 2471 Chamart,
1544 2451 1584 2474 ep.
1602 2444 1625 2471 3,
1641 2451 1668 2475 p.
1686 2443 1723 2466 14.
1734 2457 1766 2460 —
1777 2442 1873 2474 Migne,
1889 2442 1998 2468 Patrol.
2015 2442 2074 2472 lat„
2086 2445 2148 2466 tom.
2161 2442 2376 2474 CCIll,p'.26.—

492 2487 569 2509 Certa
592 2486 719 2518 temporis
743 2490 804 2509 nota
825 2486 919 2510 harum
940 2486 1115 2518 epistolarum
1135 2487 1254 2518 Philippi
1274 2487 1306 2510 de
1326 2487 1462 2518 Harvengt
1481 2487 1586 2510 definiri
1607 2487 1707 2519 nequit.
1723 2487 1833 2511 Videtur
1847 2495 1892 2511 eas
1908 2495 1966 2511 esse
1987 2487 2100 2519 scriptas
2116 2487 2221 2519 quando
2236 2486 2377 2518 Philippus

492 2534 549 2554 erat
563 2531 646 2553 abhas
662 2531 815 2554 monasterii
831 2531 1039 2555 Praemonstrat.
1056 2531 1143 2554 Bonae
1160 2531 1231 2563 Spei,
1247 2531 1317 2554 circa
1332 2532 1480 2555 1154-1181.
1498 2532 1642 2555 Desunctus
1657 2535 1698 2556 est
1713 2532 1742 2555 13
1758 2532 1840 2564 April.
1857 2532 1927 2556 1182.

495 2683 573 2720 52.
597 2692 749 2729 Philippus
765 2692 800 2719 de
815 2694 960 2728 Ilarvengt
979 2694 1019 2719 ad
1037 2694 1197 2720 Richerum.
1223 2694 1354 2720 Studium
1375 2694 1537 2721 litterarum
1557 2694 1737 2721 commendat
1757 2698 1784 2721 et
1798 2694 1930 2720 Parisios
1947 2697 1977 2720 ut
1995 2693 2113 2719 Cariath
2130 2692 2238 2729 Sepher
2252 2692 2374 2719 extollit.

592 2779 693 2812 Facis
722 2779 819 2824 quod
847 2785 947 2812 tuum
977 2786 1043 2812 est.
1076 2780 1269 2824 Proprium
1300 2786 1357 2812 est
1385 2780 1598 2820 amantium,
1630 2780 1667 2812 id
1695 2779 1793 2824 quod
1823 2785 1942 2812 amant
1970 2785 2140 2824 expetere
2164 2789 2170 2811 :
2194 2785 2230 2811 et
2250 2789 2375 2812 eorum

497 2857 615 2891 neque
645 2846 725 2879 visu
756 2845 897 2887 oculus,
929 2857 1048 2890 neque
1078 2845 1176 2878 auris
1207 2845 1331 2878 auditu
1363 2846 1525 2887 satiatur,
1557 2846 1749 2891 presertim
1780 2857 1862 2879 cum
1892 2845 2006 2878 amori
2036 2856 2122 2878 sana
2151 2844 2376 2878 conscientia

497 2912 687 2958 copulatur
693 2938 758 2944 .....
789 2912 898 2945 Amas
928 2918 967 2944 ut
996 2912 1096 2945 sensi
1122 2911 1275 2953 litteras,
1306 2912 1415 2945 immo
1444 2924 1565 2945 sacras
1595 2912 1748 2954 litteras,
1779 2923 1930 2957 quarum
1962 2911 2070 2945 lectio
2095 2912 2197 2956 juxta
2226 2911 2375 2944 Paulum

497 2979 645 3012 instruit
673 2979 716 3012 ad
747 2978 913 3020 salutem,
943 2990 1094 3023 quarum
1121 2978 1268 3012 dilectio
1299 2978 1343 3011 de
1372 2979 1505 3012 virtute
1535 2978 1703 3024 provehit
1729 2979 1766 3012 in
1796 2979 1979 3020 virtutem,
2011 2990 2162 3023 quarum
2198 2978 2312 3011 lector
2342 2984 2378 3011 et

623 3038 645 3060 7.
