2580 3528
445 382 507 414 154
1031 391 1351 412 CllAuTt'LAth'M
1388 390 1578 413 tumens.
1617 391 1740 413 rmus.
2225 382 2325 423 [1234

447 515 554 552 104.
581 525 732 559 Gregorius
754 526 799 550 IX
813 525 978 551 doctor-ibus
999 529 1026 551 et
1044 524 1227 551 scholaribus
1247 525 1464 551 Parisiensibus
1485 525 1601 551 nuntiat
1620 534 1651 551 se
1673 525 1801 552 edidisse
1826 525 1951 552 volumen
1977 525 2171 552 Decretalium
2191 535 2211 552 α
2230 527 2324 561 fratre

530 574 692 600 Raimundo
708 574 865 609 redactum,
885 578 911 600 et
925 574 1071 610 praecipit
1086 578 1116 600 ut
1132 574 1186 600 hac
1203 578 1313 600 tantum
1330 574 1534 610 compilatione
1550 575 1674 600 universi
1689 578 1809 600 utantur
1824 574 1983 610 injudiciis
1999 579 2026 602 et
2041 575 2070 601 in
2085 574 2200 602 scholis.

1622 664 1697 692 7234,
1715 663 1876 696 Septembris
1890 665 1915 691 5.
1932 663 2036 696 spoleti.

531 738 748 783 [Gregorius
780 738 976 783 episcopus
1008 750 1136 771 servus
1167 750 1356 770 servorum
1396 738 1473 778 Dei]
1505 737 1649 770 dilectis
1680 738 1765 771 filiis
1796 737 2009 771 doctoribus
2046 745 2081 771 et
2119 738 2323 772 scolaribus

441 804 625 838 universis
655 805 817 837 Parisius
846 804 1157 851 commorantibus
1179 803 1344 844 [salutem
1375 810 1411 836 et.
1437 803 1671 849 apostolicam
1701 803 2019 845 benedictionem}
2049 806 2124 838 Rex
2150 804 2323 850 pacificus

441 871 498 916 pia
520 871 754 904 miseratione
777 871 957 916 disposuit
986 870 1055 903 sibi
1085 870 1254 903 subditos
1280 871 1357 902 sore
1379 870 1547 915 pudicos,
1569 870 1758 915 pacificos⁴
1783 877 1819 903 et
1839 870 2040 913 modestos,
2067 870 2133 904 sed
2152 871 2323 904 effrenata

440 938 634 983 cupiditas,
653 938 709 970 sui
731 938 897 982 prodiga,
917 937 1015 981 pacis
1038 936 1168 978 munla,
1189 943 1301 969 mater
1321 936 1453 977 litium,
1471 937 1619 970 materia
1634 937 1857 982 jurgiorum,
1876 943 1928 970 tot
1948 937 2082 970 cotidie
2099 949 2191 971 nova
2207 937 2323 983 litigia

440 1011 603 1050 generat7
627 1011 661 1037 ut
686 1004 757 1036 nisi
773 1004 914 1048 justitia
936 1010 1088 1036 conatus
1110 1004 1190 1048 ejus
1211 1015 1275 1036 sua
1297 1003 1429 1036 virtute
1449 1004 1671 1050 reprimeret
1693 1010 1729 1037 et
1752 1004 1965 1049 questiones
1986 1004 2103 1049 ipsius
2128 1004 2323 1052 implicitas

440 1071 648 1116 explicaret,
680 1072 742 1115 jus
778 1070 924 1103 humani
959 1070 1096 1102 sederis
1130 1070 1355 1115 litigatorum
1389 1070 1526 1103 abusus
1557 1070 1800 1116 extingueret,
1832 1077 1867 1104 et
1901 1071 1983 1104 dato
2018 1070 2144 1103 libello
2179 1071 2323 1116 repudii

440 1138 634 1170 concordia
661 1144 759 1170 extra
787 1137 912 1169 mundi
942 1137 1117 1169 terminos
1146 1137 1319 1169 exularet.
1351 1137 1511 1182 Ideoque
1540 1137 1598 1170 lex
1624 1137 1803 1182 proditur,
1833 1144 1869 1170 ut
1894 1137 2076 1183 appetitus
2102 1137 2233 1171 noxius
2253 1137 2323 1171 sub

434 1205 530 1249 juris
562 1203 687 1249 regula
716 1204 1000 1248 limitetur‚-per
1027 1215 1133 1248 quam
1161 1215 1279 1249 genus
1307 1203 1518 1245 humanum,
1547 1210 1586 1237 ut
1612 1203 1765 1237 honeste
1796 1204 1903 1246 vivat,
1931 1204 2083 1237 alterum
2112 1215 2185 1237 non
2212 1203 2323 1246 ledat,

433 1272 496 1315 jus
526 1283 631 1303 suum
660 1271 792 1315 cuique
821 1270 967 1311 tribuat,
997 1258 1224 1303 informatur.
1257 1271 1348 1303 Sane
1377 1271 1542 1303 diversas
1568 1271 1850 1304 constitutiones
1872 1277 1907 1304 et
1927 1270 2129 1304 decretales
2150 1270 2324 1316 epistolas

439 1338 746 1382 predecessorum
776 1344 984 1370 nostrorum
1014 1337 1050 1369 in
1079 1337 1223 1370 diversa
1250 1337 1436 1382 dispersas
1464 1337 1662 1379 volumina,
1685 1350 1837 1382 quarum
1862 1337 1982 1383 alique
2007 1344 2157 1383 propter
2177 1337 2322 1371 nimiam

439 1404 731 1445 similitudinem7
757 1411 792 1436 ct
817 1403 970 1448 quedam
998 1410 1148 1449 propter
1173 1404 1478 1445 contrarietatem,
1502 1404 1678 1437 nonnulle
1700 1404 1805 1437 etiam
1828 1411 1977 1450 propter
1997 1404 2054 1437 sui
2081 1403 2322 1449 prolixitatem

438 1471 691 1503 confusionem
721 1470 895 1503 inducere
921 1470 1152 1511 videbantur,
1182 1470 1302 1515 alique
1327 1483 1414 1503 vcro
1440 1470 1664 1516 vagabantur
1685 1477 1782 1504 extra
1802 1471 1986 1504 volumina
2010 1470 2230 1516 supradicta,
2252 1482 2323 1515 que

440 1544 617 1582 tamquam
646 1538 783 1570 incerte
811 1538 1023 1582 frequenter
1050 1537 1086 1569 in
1106 1537 1258 1582 judiciis
1285 1537 1514 1579 vacillabant,
1536 1538 1580 1570 ad
1605 1549 1833 1570 communem
1861 1544 1896 1570 et
1921 1537 2072 1570 maxime
2098 1537 2321 1570 studentium

439 1604 627 1637 utilitatem
652 1616 716 1649 per
737 1603 907 1637 dilectum
932 1603 1045 1636 silium
1067 1604 1212 1636 fratrem
1236 1604 1501 1649 Raymundum,
1523 1604 1749 1649 capellanum
1771 1611 1804 1637 et
1827 1604 2121 1650 penitentiarium
2142 1610 2321 1645 nostrum,

438 1671 474 1703 in
506 1683 616 1704 unum
646 1671 816 1704 volumen
848 1671 1021 1703 resecatis
1054 1670 1253 1716 superfluis
1288 1671 1515 1716 providimus
1550 1671 1785 1716 redigendas,
1814 1671 2014 1712 adicientes
2041 1670 2322 1704 constitutiones

438 1745 582 1771 nostras
610 1745 646 1771 et
671 1737 873 1770 decretales
901 1737 1088 1783 epistolas,
1119 1750 1183 1783 per
1211 1750 1300 1783 quas
1329 1738 1518 1777 nonnulla,
1550 1750 1620 1783 quc
1648 1738 1683 1771 in
1712 1738 1898 1783 prioribus
1925 1744 2027 1771 crant
2053 1737 2175 1779 dubia,
2202 1737 2322 1770 decla-

439 1811 576 1837 rantur.
607 1804 784 1838 Volentes
819 1805 944 1849 igitur,
977 1811 1015 1837 ut
1044 1804 1108 1837 hac
1143 1811 1278 1837 tantum
1314 1805 1572 1850 compilatione
1607 1805 1770 1838 universi
1805 1811 1950 1838 utantur
1978 1805 2015 1837 in
2040 1804 2190 1849 judiciis
2221 1810 2256 1836 et
2284 1804 2321 1836 in

438 1871 563 1912 scolis,
595 1871 798 1904 districtius
828 1870 1081 1916 prohibemus,
1112 1883 1157 1903 nc
1188 1871 1270 1916 quis
1301 1878 1487 1916 presumat
1515 1871 1619 1904 aliam
1655 1871 1772 1904 facere
1808 1870 1945 1916 absque
1980 1870 2191 1904 auctoritate
2221 1870 2321 1903 sedis

438 1938 638 1983 apostolice
660 1937 822 1983 speciali.
847 1939 924 1970 Dat.
948 1937 1086 1983 Spoleti
1108 1950 1193 1970 non.
1219 1937 1444 1983 Septembris
1466 1937 1698 1983 pontificatus
1718 1938 1835 1971 nostri
1857 1950 1950 1971 anno
1972 1944 2110 1971 octavo.
2315 1922 2317 1924 Ι

532 2035 595 2066 Rog.
612 2036 668 2058 vat.
686 2035 807 2066 Gregorii
825 2036 857 2058 lx
873 2043 914 2058 an.
932 2036 954 2063 8,
971 2044 1012 2066 ep.
1030 2035 1084 2062 218,
1102 2036 1145 2058 sol.
1161 2035 1231 2058 20612.
1250 2036 1278 2058 In
1294 2036 1345 2058 fine
1362 2044 1367 2059 ·.
1386 2044 1397 2058 «
1415 2036 1443 2059 ln
1459 2037 1571 2059 eundem
1588 2036 1695 2059 modum
1711 2035 1839 2067 scriptum
1855 2039 1895 2059 est
1909 2035 2032 2067 pluribus
2048 2035 2108 2058 aliis
2124 2044 2146 2058 ³).
2162 2049 2194 2052 —
2208 2035 2321 2059 Litterae

437 2080 569 2111 praefixae
582 2079 730 2102 collectioni
742 2080 868 2102 Det-retal.
890 2079 997 2110 (ubique
1011 2079 1067 2102 sine
1081 2079 1208 2111 temporis
1225 2081 1295 2109 nota)
1310 2080 1337 2103 in
1350 2079 1418 2103 Bibl.
1437 2080 1579 2108 d'Amiens,
1596 2085 1624 2103 11⁰
1638 2081 1684 2103 359
1697 2080 1733 2110 (in
1748 2084 1777 2103 11⁰
1792 2081 1837 2103 358
1850 2080 1918 2103 sicut
1929 2083 1954 2103 et
1971 2080 1998 2103 in
2013 2079 2081 2103 Bibl.
2096 2080 2212 2108 d'Arras,
2223 2084 2253 2103 11⁰
2265 2081 2320 2109 792,

437 2123 535 2155 legitur
551 2132 556 2147 ι
575 2132 586 2146 «
603 2124 721 2147 Pei-isius
737 2124 905 2155 Bononicquc
920 2124 1145 2147 commorantibus
1162 2126 1193 2154 »).
1209 2124 1277 2147 Bibl.
1294 2124 1386 2155 Brug.,
1403 2129 1431 2147 η’*
1447 2125 1500 2148 359,
1518 2125 1593 2148 Arch.
1609 2125 1634 2148 S.
1650 2124 1721 2148 Petri
1736 2125 1767 2148 de
1783 2124 1862 2153 Urbe,
1880 2124 1910 2148 G.
1927 2125 1965 2148 16.
1983 2124 2052 2147 Bibl.
2069 2124 2201 2153 Trecenti„
2218 2128 2247 2147 n⁰
2265 2125 2318 2148 247.

437 2168 505 2191 Bibl.
523 2169 642 2192 Remens.
661 2177 709 2191 ms.
727 2169 848 2198 54fi(538);
871 2168 986 2198 539f'5233,
1007 2168 1053 2191 uhi
1074 2169 1105 2191 ad
1129 2177 1140 2191 α
1162 2168 1280 2192 Pnrisius
1298 2177 1309 2191 »
1331 2168 1486 2200 adjungitur
1506 2177 1511 2192 ·.
1533 2178 1544 2191 t(
1561 2172 1587 2192 et
1602 2169 1752 2200 ubicunque
1772 2177 1792 2192 ».
1813 2169 1881 2192 Bibl.
1903 2172 1956 2192 nat.
1973 2168 2068 2197 Paris„
2087 2177 2151 2192 mss.
2167 2169 2213 2192 lut.
2233 2169 2319 2197 11716,

437 2213 617 2241 15405-15407‚
632 2217 678 2237 ele.
697 2213 772 2236 Arch.
794 2214 819 2236 S.
838 2212 906 2236 Petri
928 2213 1087 2243 Snlisburg.,
1105 2221 1153 2236 ms,
1177 2222 1200 2236 a.
1222 2214 1276 2236 XII.
1299 2214 1328 2236 13
1351 2215 1383 2243 (u.
1409 2214 1464 2236 XII.
1484 2215 1497 2236 2
1523 2222 1534 2236 ((
1556 2214 1672 2237 Bononio
1691 2216 1717 2237 et
1731 2213 1849 2237 Parisius
1864 2215 1902 2243 »);
1919 2213 1982 2237 Cod.
1999 2213 2056 2236 Vnt.
2078 2213 2162 2237 Palat.
2179 2214 2232 2236 635.
2249 2212 2318 2236 Bibl.

437 2257 575 2286 Duacens„
592 2266 655 2280 mss.
674 2259 727 2285 599,
744 2259 798 2285 602,
815 2258 869 2280 603.
892 2256 988 2288 Ripnll,
1005 2258 1082 2281 Bull.
1104 2257 1168 2281 Ord.
1185 2258 1298 2286 Praeti„
1314 2258 1333 2285 I,
1355 2259 1394 2286 69,
1412 2262 1440 2280 n⁰
1454 2258 1507 2281 110.
1526 2258 1663 2287 Jourdain,
1685 2262 1714 2281 η’)
1728 2259 1767 2286 47,
1782 2258 1884 2281 notavit
1902 2266 1933 2281 ex
1948 2258 2055 2286 Bulueo,
2072 2258 2118 2286 111,
2136 2258 2190 2286 153,
2202 2260 2320 2281 tantum-

437 2302 515 2325 modo
530 2301 670 2333 epistolum
687 2302 719 2325 ud
733 2302 853 2324 doctores
870 2305 894 2324 et
915 2301 1049 2324 scholares
1066 2302 1244 2325 Bononienses
1260 2302 1386 2325 directum
1402 2305 1428 2325 ct
1441 2310 1583 2334 perperam
1599 2311 1666 2326 anno
1681 2303 1741 2326 1235
1754 2302 1926 2334 adscriptam.

532 2388 552 2410 1.
571 2388 598 2410 In
616 2388 677 2418 Rog.
697 2398 706 2407 ιι
724 2387 825 2418 pacisos
846 2396 865 2408 υ.

442 2514 550 2550 105.
586 2523 735 2556 Gregorius
762 2525 804 2548 IX
821 2523 861 2548 ad
885 2523 1034 2558 decanum,
1057 2523 1295 2549 archidiaconum
1321 2527 1348 2549 et
1373 2523 1530 2558 officialem
1549 2523 1818 2550 Autissiodorenses
1839 2532 1927 2559 super
1949 2522 2149 2557 assignatione
2172 2521 2318 2547 domorum

528 2571 709 2606 quarundam
731 2572 835 2597 decani
854 2573 1042 2606 parisiensis,
1061 2573 1111 2608 qui
1133 2573 1208 2598 inter
1230 2576 1346 2598 caetera
1361 2572 1477 2608 judices
1495 2573 1593 2609 partis
1614 2572 1784 2599 cancellarii
1801 2572 1979 2598 Parisiensis
1993 2574 2142 2607 suspectos
2157 2569 2267 2605 habuit,
2285 2578 2317 2596 eo

527 2620 611 2655 quod⁷
643 2629 705 2645 vum
734 2621 916 2646 Parisieuses
947 2621 1095 2647 scholares
1121 2622 1286 2656 existerent,
1321 2622 1434 2648 ratione
1452 2621 1667 2657 jurisdictionis
1693 2621 1871 2655 ordinariae,
1898 2629 1984 2657 quam
2009 2620 2117 2646 obtinet
2146 2620 2173 2645 in
2199 2618 2315 2651 eisdem,

526 2669 647 2704 subjecti
663 2673 745 2694 erant
760 2669 945 2695 cancellario.

1619 2719 1694 2749 1234,
1710 2718 1855 2745 novembris
1870 2719 1911 2748 18,
1925 2718 2030 2744 Peru-rii.

531 2819 550 2824 ..
573 2793 717 2825 Decano
737 2819 757 2824 ..
781 2791 1036 2824 archidiacono
1065 2799 1100 2825 et
1121 2819 1141 2824 ..
1166 2792 1309 2825 officiali
1339 2792 1720 2826 Autisiodorensibus.
1743 2792 1933 2826 Accedens
1954 2791 1998 2825 ad
2024 2791 2148 2824 sedem
2170 2797 2317 2836 aposto-

437 2858 541 2892 licam
563 2858 718 2891 dilectus
740 2858 837 2891 filius
861 2885 881 2890 ..
906 2858 1065 2891 decanus
1086 2858 1305 2891 Parisiensis
1327 2871 1390 2891 sua
1412 2858 1520 2891 nobis
1541 2859 1717 2892 relatione
1738 2858 1964 2900 monstravit,
1986 2858 2084 2903 quod
2104 2856 2316 2891 vacantibus

437 2924 620 2967 domibus,
650 2937 719 2970 quc
745 2925 892 2957 suerunt
917 2924 1099 2970 quondam
1126 2925 1291 2970 magistri
1312 2925 1470 2971 Philippi
1492 2926 1609 2958 Fortis
1632 2925 1772 2958 Brachii
1795 2925 1950 2958 ecclesie
1971 2924 2188 2958 Parisiensis
2208 2935 2316 2957 cano-

563 2984 601 3007 20.

2570 3465 2580 3526 aa..
