2580 3528
238 414 335 456 1272]
578 422 625 445 ΑΒ
659 421 765 445 auno
800 420 876 444 uec
911 420 1043 450 usqua:
1077 420 1127 443 An
1162 420 1391 443 t‘tttLtt’t‘UM
1427 421 1466 443 tv
1501 420 1588 443 aaa.
1627 422 1763 444 rimae.
2043 413 2108 447 499

235 498 324 531 opori·
334 496 512 531 tripertiti.—
524 497 548 522 Β.
563 496 601 521 Ex
615 495 657 520 hi·
672 495 828 520 concludere
842 502 995 527 pouumun,
1011 493 1196 518 commercium
1213 493 1361 518 litterarum
1377 494 1444 518 inter
1457 494 1627 519 Gnillolmum
1643 495 1674 518 do
1685 495 1712 519 S.
1727 496 1819 518 Anum-‹-
1832 499 1857 519 et
1870 496 2012 527 magistron
2024 497 2107 521 Parin.

236 542 319 568 fnisse
337 541 423 567 adhuc
437 540 611 575 prohibitum.
627 539 692 564 Vide
710 547 792 572 supra
811 539 845 564 nl·
863 539 918 568 389,
934 539 989 568 854,
1005 540 1058 563 ³56.
1075 552 1106 557 -
1120 540 1143 563 5.
1160 539 1212 563 tuto
1229 538 1344 563 'rhomu-
1365 539 1453 563 sor-an
1473 542 1513 562 ent
1532 539 1647 563 Thomas
1667 539 1699 562 de
1718 539 1832 566 Cunetio.
1853 540 1898 571 qui
1913 549 1955 564 an.
1979 541 2039 564 12:1⁹
2061 541 2110 564 fuit

236 586 344 612 nuntiu-
359 585 547 612 utitur-itau-
561 585 595 610 ad
615 584 717 609 curiam
738 587 830 608 contra
853 583 1031 608 mendicantes
1052 591 1102 616 pro
1124 580 1266 608 Guillelmo
1287 583 1319 607 de
1341 584 1368 607 S.
1390 584 1483 607 Amore
1504 583 1574 615 (vide
1595 591 1677 616 :upra
1697 583 1731 607 n·-
1752 585 1806 612 3ἰ3,
1827 585 1891 614 ³5³),
1912 587 1937 608 nt
1955 587 2024 608 verte
2041 585 2108 608 idem

235 634 315 665 atque
335 631 380 656 itte
397 630 522 659 Thomu,
542 629 588 663 qul
603 629 730 655 Clementi
746 628 779 653 tv
794 636 891 653 novum
902 636 971 661 opus
985 627 1122 653 Guittetmt
1135 628 1168 652 de
1182 628 1209 652 S.
1226 628 1319 652 Amore
1335 627 1514 660 praesentavit
1529 628 1599 658 (vide
1616 636 1698 661 supra
1718 633 1746 652 n⁰
1760 628 1825 659 tw),
1843 632 1870 652 nt
1880 629 1934 661 jam
1950 629 1983 653 Le
1995 629 2070 653 Clare
2083 630 2108 653 in

236 675 308 702 Hist-
321 675 375 702 lm.
389 676 424 701 da
438 675 468 700 la
481 675 599 703 Renes,
613 674 678 702 xxt.
693 674 748 702 4⁰0.
765 672 920 697 autumavit.
1049 674 1056 679 ·

235 855 349 894 441.
374 866 519 892 Stalutum
532 863 687 900 facultatis
702 863 808 890 artium
823 866 923 890 eontra
938 862 1060 889 artium
1076 866 1235 889 tractantes
1250 862 1435 899 quaestiones
1451 861 1636 897 theologicas,
1652 865 1680 888 et
1694 871 1729 888 ne
1744 863 1809 898 quis
1824 863 2018 898 quaestiones,
2037 872 2112 899 quae

324 914 412 950 fldem
427 914 574 949 attingunt
586 911 730 949 simulque
742 911 966 949 philosophiam,
983 915 1083 938 contra
1097 911 1184 947 fldem
1199 911 1391 938 delet-minure
1407 910 1526 939 audeat.

1481 1010 1557 1039 1272.
1572 1009 1663 1043 ΛρηῚΙι
1678 1010 1697 1040 1,
1713 1010 1825 1037 ΡανῘοῘΙο.

329 1099 521 1134 Universis
549 1103 589 1133 a‘c
619 1098 778 1145 singulis
809 1097 1043 1145 presentibus
1072 1104 1108 1132 et
1135 1098 1268 1132 suturis
1296 1104 1419 1132 sancte
1451 1098 1573 1132 matris
1603 1097 1759 1131 ecclesie
1789 1097 1874 1131 liliis
1905 1105 2110 1145 presentem

240 1166 408 1213 paginam
431 1165 666 1212 inspecturis,
688 1176 815 1199 omnes
840 1171 876 1199 et
899 1164 1036 1211 singuli
1057 1165 1220 1210 magistri
1242 1164 1409 1211 logicalis
1429 1165 1582 1199 scientie
1603 1177 1668 1199 seu
1691 1165 1797 1199 etiam
1820 1165 1993 1199 naturalis
2015 1166 2112 1199 Pari·

240 1233 318 1267 sius
338 1233 582 1280 professores,
608 1232 670 1278 qui
695 1237 867 1266 statutum
889 1237 924 1264 et
944 1231 1208 1265 ordinationem
1236 1243 1348 1277 super
1376 1231 1604 1277 separatione
1633 1231 1822 1265 nacionum
1844 1231 2113 1266 ,deliberatione

241 1299 391 1346 provida
410 1298 555 1333 factam¹
575 1297 798 1334 venerabilis
819 1298 932 1344 patris
957 1297 1094 1332 domini
1117 1298 1284 1343 Symonis
1305 1298 1427 1332 divina
1448 1298 1690 1344 permissione
1713 1298 1805 1332 tituli
1828 1299 1956 1332 Sancte
1978 1299 2114 1333 Cecilie

242 1365 445 1413 presbyteri
461 1364 670 1406 cardinalis,
687 1363 888 1411 apostolice
909 1364 1010 1398 sedis
1029 1363 1154 1410 legati,
1176 1371 1301 1398 tenent
1320 1363 1588 1410 observantque
1606 1364 1757 1398 firmiter
1774 1365 2115 1411 pronuntiativeque

241 1433 428 1468 sentencie
449 1439 588 1479 septem
605 1431 770 1478 judicum
792 1430 836 1465 ab
857 1431 985 1465 eodem
1008 1430 1128 1477 legato
1149 1430 1314 1465 datorum
1336 1431 1373 1464 in
1395 1431 1523 1465 eodem
1545 1437 1678 1465 statuto
1706 1431 1863 1465 totaliter
1883 1432 2115 1474 adherentes,

240 1499 394 1534 salutem
423 1499 460 1533 in
490 1498 650 1532 omnium
680 1497 846 1532 Salutari.
878 1498 1053 1532 Noverint
1079 1497 1242 1531 universi
1269 1497 1367 1543 quod
1396 1509 1463 1531 nos
1491 1510 1618 1531 omnes
1649 1498 1811 1543 magistri
1842 1505 1877 1531 et
1906 1498 2042 1543 singuli
2073 1498 2118 1532 de

241 1565 422 1600 bonorum
443 1564 599 1599 consilio
620 1564 958 1611 deliberationeque
980 1564 1132 1611 plurima
1155 1570 1190 1598 et
1210 1564 1359 1610 provida
1381 1575 1492 1611 super
1511 1563 1580 1598 hoc
1601 1564 1834 1610 precedente,
1856 1564 2022 1599 volentes
2043 1572 2118 1599 toto

243 1644 352 1680 posse
374 1631 608 1679 presentibus
628 1638 664 1666 et
683 1631 815 1665 suturis
836 1642 1030 1678 precavere
1052 1630 1239 1678 periculis,
1256 1643 1327 1677 que
1349 1631 1541 1665 occasione
1557 1630 1767 1677 hujusmodi
1791 1631 1840 1665 rei
1863 1638 1987 1665 nostre
2009 1632 2120 1665 sacul-

245 1700 305 1735 tati
339 1706 491 1747 possent
526 1699 562 1733 in
592 1699 751 1733 futurum
782 1698 961 1740 accidere,
993 1698 1037 1732 de
1067 1698 1250 1732 communi
1285 1710 1469 1732 consensu
1495 1698 1596 1732 nullo
1630 1710 1672 1732 ex
1708 1698 1815 1732 nobis
1848 1699 2120 1733 contradicente

244 1767 303 1801 die
322 1766 469 1801 veneris
489 1766 708 1813 precedente
729 1765 824 1799 diem
845 1765 1063 1799 dominicam
1085 1776 1153 1811 qua
1174 1771 1336 1799 cantatur
1353 1766 1484 1800 Letare
1497 1765 1729 1807 Jerusalem,
1747 1766 1956 1799 convocatis
1974 1773 2121 1812 propter

244 1833 312 1868 hoc
340 1833 525 1880 magistris
550 1832 722 1867 omnibus
749 1839 785 1866 et
810 1832 968 1879 singulis
995 1832 1031 1866 in
1059 1831 1214 1867 ecclesia
1242 1838 1365 1866 sancte
1391 1832 1578 1866 Genovese
1607 1832 1838 1875 Parisiensis,
1867 1833 2059 1867 statuimus
2087 1839 2122 1867 et

245 1900 458 1935 ordinamus
486 1899 584 1947 quod
614 1899 739 1934 nullus
768 1899 943 1946 magister
971 1899 1028 1933 vel
1058 1898 1303 1933 bachellarius
1332 1905 1456 1933 nostre
1486 1898 1666 1933 facultatis
1699 1898 1854 1945 aliquam
1891 1900 2120 1945 questionem

246 1979 335 2015 pure
365 1966 621 2014 theologicam,
652 1973 777 2013 utpote
807 1966 852 2000 de
881 1966 1057 2000 Trinitate
1087 1972 1123 2000 et
1150 1965 1402 2000 lucarnatione
1423 1965 1549 2011 sicque
1577 1965 1622 1999 de
1651 1965 1908 1999 consimilibus
1937 1966 2122 2009 omnibus,

246 2034 489 2069 determinare
517 2045 583 2068 seu
609 2033 716 2068 etiam
744 2033 931 2080 disputare
962 2039 1158 2080 presumat,
1187 2039 1354 2079 tanquam
1383 2032 1453 2066 sibi
1483 2033 1744 2067 determinatos
1773 2032 1908 2067 limites
1938 2039 2123 2079 transgre-

247 2100 367 2143 diens,
387 2113 470 2135 cum
490 2100 586 2135 sicut
604 2100 694 2135 dicit
713 2099 956 2147 philosophus
976 2112 1050 2134 non
1070 2106 1291 2146 geometram
1314 2112 1394 2134 cum
1416 2106 1601 2146 geometra
1623 2099 1671 2133 sit
1691 2100 1837 2146 penitus
1860 2100 2123 2134 inconveniens

249 2167 449 2214 disputare.
470 2167 577 2212 Quod
597 2167 629 2202 si
650 2167 930 2214 presumpserit,
953 2167 1022 2201 nisi
1044 2167 1135 2201 infra
1157 2173 1232 2201 tres
1252 2167 1332 2201 dies
1354 2173 1544 2213 postquam
1565 2179 1583 2200 a
1605 2166 1712 2200 nobis
1734 2167 1893 2201 monitus
1919 2167 1974 2201 vel
2003 2167 2124 2212 requi-

249 2234 343 2269 situs
362 2234 472 2268 suerit
490 2245 591 2269 suam
613 2234 923 2281 presumptionem
946 2222 983 2268 in
1003 2233 1116 2267 scolis
1130 2233 1189 2268 vel
1210 2234 1247 2267 in
1267 2233 1577 2280 disputationibus
1598 2233 1769 2279 publicis,
1788 2233 1847 2266 ubi
1871 2234 1971 2279 prius
1993 2233 2122 2267 dictam

249 2301 480 2347 questionem
501 2299 752 2347 disputaverit,
775 2312 946 2335 revocare
967 2299 1113 2347 publice
1133 2300 1304 2343 voluerit,
1325 2312 1368 2334 ex
1389 2306 1474 2334 tunc
1494 2312 1512 2333 a
1533 2306 1657 2334 nostra
1678 2300 1850 2333 societate
1877 2307 2052 2345 perpetuo
2078 2299 2126 2334 sit

251 2368 425 2415 privatus.
448 2367 646 2402 Statuimus
666 2367 819 2413 insuper
838 2373 874 2401 et
893 2367 1105 2402 ordinamus
1125 2367 1223 2413 quod
1243 2367 1274 2400 si
1295 2367 1524 2413 questionem
1546 2366 1716 2412 aliquam,
1739 2378 1809 2412 que
1830 2366 1937 2400 fidem
1959 2366 2125 2401 videatur

250 2435 429 2481 attingere
446 2433 630 2480 simulque
646 2433 946 2480 philosophiam',
963 2433 1097 2467 alicubi
1117 2433 1357 2479 disputaverit
1374 2433 1547 2474 Parisius,
1565 2433 1596 2466 si
1613 2432 1709 2466 illam
1731 2439 1855 2467 contra
1876 2432 1982 2467 iidem
2005 2433 2125 2467 deter-

252 2501 455 2542 minaverit,
475 2512 520 2535 ex
540 2506 626 2535 tunc
646 2499 691 2534 ab
712 2500 838 2534 eadem
859 2506 982 2534 nostra
1003 2499 1176 2534 societate
1197 2507 1364 2546 tanquam
1385 2499 1570 2533 hereticus
1591 2506 1767 2546 perpetuo
1789 2499 1836 2534 sit
1857 2500 2031 2546 privatus,
2054 2500 2124 2534 nisi

251 2579 356 2603 suum
378 2579 540 2602 errorem
561 2579 738 2613 suamque
758 2567 915 2602 heresim
939 2567 1029 2601 infra
1050 2573 1125 2601 tres
1145 2566 1225 2600 dies
1246 2573 1329 2613 post
1349 2566 1583 2600 monitionem
1606 2572 1765 2600 nostram
1788 2566 1823 2600 in
1845 2566 1950 2613 plena
1971 2579 2126 2614 congre-

251 2635 398 2682 gatione
423 2634 482 2669 vel
511 2633 611 2675 alibi,
639 2633 701 2668 ubi
730 2633 836 2668 nobis
866 2633 1049 2669 videbitur
1078 2633 1263 2680 expedire,
1295 2645 1465 2667 revocare
1494 2633 1672 2667 curaverit
1703 2632 1888 2667 humiliter
1915 2640 1949 2667 et
1981 2634 2123 2668 devote.

253 2701 548 2748 Super-addentes
578 2701 707 2735 iterum
736 2701 833 2752 quod
864 2701 895 2735 si
926 2701 1100 2748 magister
1127 2700 1183 2734 vel
1212 2699 1455 2734 bachellarius
1480 2699 1612 2746 aliquis
1638 2706 1762 2734 nostre
1790 2699 1968 2734 facultatis
1997 2713 2126 2747 passus

252 2767 395 2815 aliquos
418 2767 586 2802 difficiles
610 2767 667 2802 vel
687 2767 827 2814 aliquas
847 2768 1060 2814 questiones
1080 2767 1177 2814 legat
1197 2766 1253 2801 vel
1279 2766 1453 2813 disputet,
1476 2778 1547 2813 que
1568 2766 1675 2800 fidem
1697 2766 1888 2801 videantur
1908 2767 2125 2809 dissolvere,

252 2833 481 2881 aliquatenus
499 2834 706 2876 videatur⁴;
728 2835 888 2869 rationes
907 2841 1026 2869 autem
1043 2846 1107 2868 seu
1130 2841 1279 2875 textum,
1300 2834 1330 2867 si
1352 2845 1423 2880 que
1442 2839 1567 2868 contra
1593 2832 1714 2875 iidem,
1736 2833 1913 2868 dissolvat.
1938 2834 1992 2868 vel
2020 2834 2125 2867 ctiam

253 2899 363 2936 satus
381 2900 597 2948 simpliciter
621 2908 656 2936 et
679 2913 853 2936 erroneas
879 2900 1037 2936 totaliter
1057 2913 1139 2936 esse
1159 2900 1349 2942 concedat,
1374 2900 1431 2934 et·
1455 2899 1560 2934 alitor
1579 2899 1788 2946 hujusmodi
1814 2899 2044 2936 difficultates
2070 2898 2126 2933 vel

256 2967 292 3001 in
313 2973 411 3002 textu
431 2967 489 3003 vel
510 2968 547 3002 in
567 2967 844 3003 auctoritatibus
863 2968 1050 3015 disputare
1070 2967 1127 3003 vel
1148 2967 1273 3015 legere
1295 2979 1367 3002 non
1389 2973 1586 3014 presumat,
1608 2967 1672 3001 sed
1693 2967 1760 3001 hec
1781 2966 1938 3000 totaliter
1960 2973 2124 3011 tanquam
