2580 3528
439 357 503 389 124
1025 367 1344 389 CHARTULAMUM
1379 367 1571 390 uxivsns.
1608 368 1737 390 PAnts.
2221 357 2320 397 [1229

436 440 655 473 Parisiensis
683 440 839 473 ecclesie
867 440 997 474 habeat
1022 447 1057 474 et
1083 441 1271 486 percipiat,
1303 441 1398 474 sicut
1421 441 1596 474 hactenus
1622 441 1814 475 consuevit
1838 441 1882 474 ab
1903 440 2087 482 omnibus,
2114 440 2176 485 qui
2197 440 2234 473 in
2255 452 2319 474 sua

438 513 623 540 morantur
640 507 828 552 parrochia
845 507 903 540 vel
926 514 1011 540 sunt
1027 508 1063 540 in
1082 514 1268 553 posterum
1292 508 1476 541 moraturi.
1500 509 1682 541 Potestate
1703 508 1885 541 ordinaria
1902 514 2116 549 statuenteS,
2134 513 2173 540 ut
2189 507 2319 540 fratres

430 575 504 618 jam
527 574 613 606 dicti
640 573 774 607 ibidem
805 574 961 607 Domino
987 574 1205 607 famulantes
1227 575 1270 607 ad
1292 575 1406 608 instar
1427 581 1462 607 et
1486 575 1764 608 similitudinem
1789 575 1945 608 ecclesie
1967 574 2081 607 sancti
2100 574 2261 608 Victoris
2282 573 2318 606 in

435 639 682 673 celebratione
706 640 913 673 divinorum
936 647 971 674 et
994 641 1204 686 receptione
1225 653 1333 674 causa
1354 641 1526 674 audiendi
1547 642 1668 675 divina
1693 641 1738 674 ad
1759 653 1860 675 suam
1882 641 2073 674 ecclesiam
2094 640 2317 674 venientium

435 718 475 739 se
496 706 672 740 habeant:
687 707 724 739 in
745 707 813 740 hoc
837 707 991 749 scilicet,
1013 708 1111 752 quod
1137 707 1248 740 altare
1270 709 1429 741 exterius
1453 720 1527 741 non
1547 708 1700 741 habeant
1723 714 1756 741 et
1776 707 1878 741 chori
1899 707 2033 741 clausis
2053 707 2176 752 januis
2197 707 2318 740 divina

434 773 635 815 celebrent,
658 786 725 806 nec
746 774 955 819 aperiantur
976 774 1047 807 nisi
1070 786 1135 819 pro
1157 787 1243 807 casu
1263 775 1385 819 aliquo
1406 775 1506 808 licito
1528 782 1563 808 et
1582 774 1750 816 honesto,
1769 775 1816 808 ita
1837 775 1935 820 quod
1956 774 2073 807 statim
2091 774 2316 815 claudantur,

433 840 491 873 vel
513 840 543 873 si
565 852 698 885 corpus
729 840 883 885 alicujus
913 841 1075 873 defuncti
1104 841 1265 874 extranei
1293 841 1429 874 ibidem
1455 841 1671 874 tradendum
1696 841 1807 874 fuerit
1826 841 2031 886 sepulture;
2060 847 2144 874 tunc
2170 840 2318 882 etenim,

433 907 465 939 si
490 907 526 939 in
552 906 664 939 choro
694 919 819 939 eorum
847 919 982 952 corpus
1012 907 1174 940 defuncti
1201 908 1322 949 suerit,
1352 914 1476 953 aperte
1497 920 1580 941 esse
1600 914 1785 953 poterunt,
1808 907 1924 941 donec
1945 907 2056 940 missa
2077 907 2121 940 de
2143 907 2318 952 Requiem

432 973 478 1006 sit
507 985 572 1018 pro
600 980 743 1006 mortuo
772 973 972 1007 decantata.
1009 975 1108 1007 Duas
1137 987 1328 1020 campanas
1359 975 1564 1008 mediocres
1591 975 1628 1007 in
1655 974 1811 1008 ecclesia
1838 974 1972 1007 habere
1998 980 2171 1019 poterunt
2190 980 2226 1007 et
2245 985 2318 1006 non

432 1040 570 1084 plures,
593 1040 639 1072 ita
665 1040 762 1084 quod
790 1040 843 1073 eis
865 1040 1013 1073 insimul
1042 1041 1091 1073 uti
1119 1041 1299 1086 pulsando
1326 1048 1498 1087 poterunt
1522 1042 1559 1074 in
1579 1042 1759 1087 vesperis,
1781 1041 1981 1082 matutinis,
2002 1039 2317 1086 processionibus,

431 1118 560 1151 magna
588 1106 698 1139 missa
726 1113 762 1139 et
789 1107 955 1152 exequiis
983 1108 1233 1141 tantummodo
1267 1115 1506 1142 mortuorum.
1536 1108 1633 1141 Nulli
1663 1107 1986 1154 parrochianorum
2016 1107 2171 1140 ecclesie
2202 1107 2317 1140 sancti

431 1172 531 1205 Pauli
553 1180 818 1206 sacramentum
839 1174 989 1219 aliquod
1012 1174 1271 1208 ministrabunt
1294 1175 1352 1209 vel
1372 1175 1578 1209 ministrare
1606 1182 1790 1221 poterunt,
1812 1174 1960 1208 excluso
1982 1174 2212 1207 necessitatis
2232 1173 2317 1207 arti-

430 1239 527 1281 cuh),
560 1240 639 1273 sine
671 1240 834 1286 episcopi
864 1241 922 1274 vel
953 1241 1155 1275 sacerdotis
1183 1241 1328 1275 licentia
1360 1242 1521 1288 speciali.
1550 1244 1624 1275 Hoc
1646 1243 1742 1275 idem
1768 1242 1980 1275 ordinamus
2006 1241 2051 1274 de
2077 1246 2317 1274 sacramenta-

430 1306 539 1348 libus,
563 1306 704 1340 scilicet
730 1319 822 1352 pane
848 1307 1057 1349 benedicto,
1081 1309 1333 1354 purificatione
1362 1309 1569 1351 mulierum,
1597 1322 1688 1355 aqua
1714 1309 1918 1350 benedicta,
1941 1320 2046 1353 quam
2073 1314 2192 1341 tamen
2218 1313 2316 1341 extra

429 1373 580 1406 chorum
602 1373 736 1407 habere
758 1381 942 1419 poterunt,
963 1375 1170 1409 visitatione
1193 1376 1387 1422 sollempni
1409 1376 1636 1410 infirmorum
1658 1383 1694 1409 et
1713 1375 1909 1416 similibus,
1928 1387 1998 1420 que
2019 1386 2085 1420 per
2106 1374 2316 1408 sacerdotes

429 1446 574 1473 curatos
604 1448 874 1474 consueverunt
906 1441 1139 1475 solummodo
1168 1443 1343 1476 exerceri.
1377 1444 1447 1477 Sed
1475 1444 1645 1489 quoniam
1672 1442 1858 1488 sepultura
1883 1448 2109 1475 mortuorum
2135 1441 2172 1473 in
2198 1453 2316 1474 sacra-

429 1507 637 1540 mentalium
665 1520 818 1540 numero
845 1508 1067 1550 continetur,
1089 1521 1154 1554 per
1179 1510 1283 1543 istam
1305 1510 1573 1543 ordinationem
1594 1517 1754 1543 nostram
1776 1509 1968 1543 statuimus
1989 1515 2028 1541 ut
2054 1508 2184 1541 fratres
2210 1519 2316 1553 sepe-

428 1574 514 1606 dicti
545 1574 588 1606 ad
610 1586 710 1619 ‘opus
738 1575 886 1607 fratrum
916 1587 1067 1608 suorum
1099 1583 1134 1609 et
1163 1589 1425 1610 conversorum
1457 1577 1614 1610 habeant
1639 1577 1884 1623 cymiterium,
1912 1583 1947 1609 et
1971 1576 2123 1620 insuper
2152 1575 2196 1607 ad
2222 1587 2315 1620 opus

427 1640 645 1673 clericorum
677 1648 711 1674 et
742 1641 939 1674 scolarium
968 1655 1271 1689 quorumcunque
1302 1651 1336 1677 et
1365 1644 1519 1677 aliorum
1549 1644 1724 1686 omnium,
1754 1644 1816 1689 qui
1842 1655 1916 1676 non
1942 1649 2028 1676 sunt
2053 1642 2110 1675 vel
2139 1648 2246 1674 erunt
2270 1641 2315 1675 de

427 1707 617 1752 parrochia
649 1708 768 1741 Sancti
796 1709 911 1750 Pauli,
945 1709 1006 1754 qui
1037 1710 1132 1755 apud
1163 1722 1228 1743 eos
1259 1711 1440 1757 elegerint
1468 1711 1705 1757 sepulturam.
1733 1712 1916 1744 Truncum
1942 1709 2000 1743 vel
2025 1709 2229 1754 ymaginem
2251 1720 2316 1754 per

427 1775 659 1819 septennium
683 1774 918 1820 subsequens
943 1783 977 1809 et
998 1777 1212 1810 continuum
1234 1778 1427 1811 occasione
1449 1778 1505 1811 sui
1525 1779 1648 1824 operis
1670 1790 1743 1811 non
1763 1777 1963 1815 habebunt,
1985 1783 2024 1809 ut
2044 1787 2136 1821 opus
2160 1775 2316 1809 ecclesie

426 1841 541 1874 sancti
571 1841 671 1874 Pauli
697 1843 771 1886 jam
802 1842 988 1888 inceptum
1020 1844 1171 1889 perduci
1200 1845 1316 1878 valeat
1345 1845 1388 1878 ad
1419 1846 1599 1878 effectum.
1628 1845 1665 1878 Si
1694 1845 1843 1878 fratrum
1872 1843 2004 1888 aliquis
2033 1842 2091 1876 vel
2115 1842 2209 1875 alius
2235 1842 2315 1888 qui·-

426 1920 581 1953 cumque
601 1908 737 1941 ibidem
758 1909 913 1942 verbum
936 1910 1002 1943 Dei
1023 1910 1182 1944 voluerit
1202 1912 1403 1957 predicare,
1421 1911 1490 1945 hoc
1511 1913 1629 1945 facere
1648 1912 1782 1958 poterit
1801 1910 1973 1944 fratribus
1995 1916 2030 1943 et
2045 1909 2202 1951 clericis,
2221 1909 2316 1943 sicut

425 1976 555 2008 fratres
580 1976 699 2008 Sancti
726 1975 851 2009 Jacobi
879 1977 915 2009 in
943 1989 1007 2010 sua
1036 1978 1144 2011 domo
1166 1979 1314 2021 faciunt,
1337 1987 1371 2013 et
1393 1980 1505 2013 eciam
1532 1979 1643 2025 laycis
1670 1979 1714 2012 de
1736 1978 1880 2011 licentia
1902 1977 2065 2023 episcopi
2087 1975 2236 2022 speciali
2255 1975 2314 2010 vel

426 2042 628 2075 sacerdotis
654 2043 774 2075 Sancti
806 2043 919 2076 Pauli.
956 2045 1119 2077 Fratrum
1150 2046 1273 2078 famuli
1305 2053 1340 2079 et
1367 2046 1526 2080 totaliter
1550 2046 1684 2079 familia
1708 2045 1935 2086 eorumdem,
1966 2044 2037 2077 nisi
2066 2044 2159 2076 sorte
2189 2049 2315 2076 essent

425 2109 594 2142 conversi
626 2116 660 2142 et
695 2109 731 2141 in
767 2109 892 2143 habitu
930 2111 1104 2156 regulari,
1137 2112 1258 2146 divina
1294 2114 1413 2146 omnia
1448 2113 1651 2159 percipient
1680 2113 1717 2145 in
1747 2112 1901 2145 ecclesia
1935 2110 2031 2144 beati
2065 2110 2178 2151 Pauli,
2216 2116 2251 2143 et
2280 2109 2315 2143 ei

426 2175 628 2208 secundum
660 2188 759 2208 suam
795 2176 1074 2221 possibilitatem
1099 2179 1182 2223 jura
1208 2179 1352 2213 solvent
1379 2180 1617 2225 parrochialia
1642 2186 1810 2225 tanquam
1831 2178 1908 2212 veri
1934 2177 1999 2210 filii
2020 2183 2056 2210 et
2075 2176 2209 2210 devoti.
2237 2177 2314 2210 Hoc

426 2242 538 2275 eciam
574 2242 815 2288 intelligimus
846 2250 879 2276 et
910 2245 1103 2278 statuimus
1138 2246 1182 2278 de
1216 2247 1385 2291 personis
1420 2246 1660 2289 secularibus,
1697 2258 1786 2292 quas
1821 2245 1954 2278 morari
1989 2243 2185 2289 contigerit
2217 2243 2313 2289 apud

426 2310 568 2342 fratreS.
607 2310 805 2342 Statuimus
840 2311 1004 2356 insuper,
1046 2319 1083 2346 ut
1116 2314 1246 2346 fratres
1281 2321 1430 2359 propter
1460 2314 1530 2347 loci
1564 2314 1786 2348 vicinitatem
1821 2313 1857 2345 in
1888 2312 2019 2345 diebus
2054 2310 2248 2344 dominicis
2278 2316 2314 2343 et

426 2376 582 2418 festivis,
606 2377 667 2421 qui
688 2389 706 2430 a
729 2377 866 2422 populo
889 2379 1132 2413 communiter
1153 2380 1406 2422 observantur,
1430 2388 1581 2427 excepto
1602 2382 1696 2414 sesto
1717 2380 1821 2414 beate
1843 2378 2048 2420 Katerine¹,
2071 2377 2226 2411 ecclesie
2247 2388 2313 2410 sue

422 2444 552 2487 januas
574 2443 716 2476 clausas
741 2451 887 2478 teneant
910 2457 1026 2491 usque
1052 2447 1095 2479 ad
1118 2447 1359 2493 pulsationem
1382 2461 1514 2494 grosse
1537 2460 1709 2494 campane
1730 2448 1767 2480 in
1788 2446 1942 2480 ecclesia
1963 2445 2126 2491 gloriose
2146 2443 2312 2489 Virginis

426 2509 515 2542 hore
547 2510 675 2555 prime,
707 2517 745 2543 ut
776 2512 1004 2556 parrochiani
1041 2515 1160 2548 Sancti
1191 2515 1291 2548 Pauli
1322 2516 1365 2549 ad
1397 2524 1497 2549 suam
1528 2522 1677 2549 matrem
1704 2514 1894 2548 ecclesiam
1920 2512 2135 2546 accedentes
2165 2510 2313 2544 audiant

428 2577 515 2621 quid
541 2577 595 2608 eis
620 2577 803 2621 agendum
831 2579 879 2611 sit
899 2586 934 2612 et
955 2580 1110 2625 qualiter
1135 2583 1440 2616 conversandum.
1468 2584 1508 2615 ln
1530 2582 1701 2615 omnibus
1725 2593 1812 2615 vero
1834 2580 1966 2614 diebus
1987 2577 2254 2623 sollempnibus
2276 2583 2312 2610 et

428 2655 501 2675 non
525 2643 793 2688 sollempnibus
814 2644 1063 2691 :quoscunque
1085 2655 1277 2681 extraneos
1305 2662 1378 2682 non
1406 2649 1665 2694 parrochianos
1691 2648 1846 2682 ecclesie
1868 2644 1982 2680 sancti
2003 2645 2103 2678 Pauli
2124 2655 2255 2690 graves
2276 2650 2311 2677 et

427 2709 546 2742 bonos
582 2721 646 2754 per
680 2710 772 2743 ostia
807 2711 943 2756 privata
974 2713 1065 2746 insra
1096 2715 1296 2748 cancellum
1328 2716 1492 2761 recipere
1523 2721 1706 2761 poterunt,
1734 2720 1769 2748 et
1798 2714 1865 2755 eis,
1892 2713 1923 2746 si
1947 2711 2142 2752 voluerint,
2172 2710 2310 2756 private

428 2776 548 2809 divina
571 2775 770 2809 celebrare.
794 2778 824 2810 A
846 2778 1063 2812 mulieribus
1085 2781 1196 2814 eciam
1220 2782 1264 2814 de
1285 2782 1375 2815 soris
1396 2781 1688 2823 adventantibus,
1711 2780 1908 2814 dummodo
1929 2791 2003 2812 non
2025 2778 2099 2811 sint
2119 2778 2163 2811 de
2185 2789 2310 2823 parro-

427 2842 507 2875 chia
534 2842 653 2875 Sancti
680 2843 794 2885 Pauli,
818 2844 1023 2879 oblationes
1051 2853 1148 2880 extra
1174 2847 1275 2880 chori
1301 2849 1447 2893 januam
1474 2849 1603 2882 fratres
1634 2848 1797 2893 recipere
1819 2852 1991 2892 poterunt
2023 2844 2207 2878 antedicti.
2239 2845 2309 2877 Pro

429 2908 590 2954 qualibet
619 2909 740 2952 domo,
770 2922 839 2955 que
866 2912 974 2945 modo
1001 2912 1233 2956 inhabitatur,
1261 2927 1365 2960 quam
1392 2916 1522 2949 fratres
1547 2914 1797 2960 acquisierunt
1819 2913 1877 2948 vel
1901 2912 2090 2958 acquirent
2114 2910 2243 2944 amodo
2271 2910 2308 2943 in

2574 2248 2580 2265 ξ

2570 2345 2580 2412 ξ
