2580 3528
220 407 319 448 1259]
564 417 612 439 ΑΒ
645 417 751 439 ,xxxo
785 415 864 439 mcc
898 415 1030 444 usque
1064 416 1113 438 AD
1147 416 1380 438 PfflLlPt’UM
1415 417 1455 438 iv
1489 417 1579 439 neo.
1616 417 1753 439 Fame.
2030 408 2096 442 399

216 490 325 532 datis,
354 497 395 524 ut
423 501 489 536 per
520 489 732 535 hujusmodi
766 490 910 535 pietatis
939 501 1033 535 opus
1062 489 1158 535 apud
1187 489 1356 522 homiues
1385 489 1491 523 vobis
1521 489 1640 523 laudis
1670 498 1852 524 accrescat
1882 491 2020 531 titulus,
2062 499 2097 525 et

215 556 314 603 apud
342 556 459 590 Deum
487 556 657 590 cumulus
687 557 922 602 premiorum.
955 557 1033 589 Dat.
1065 556 1232 602 Anagnie
1253 556 1276 601 ij
1300 568 1386 589 non.
1409 557 1580 602 Augusti,
1605 556 1837 602 pontificatus
1863 558 1980 590 nostri
2001 570 2097 590 auno

216 623 358 670 quinto.

313 722 388 746 Cart.
401 722 435 746 de
450 721 479 746 la
493 721 647 752 Sorbonne,
661 721 687 745 in
701 721 770 745 Bibl.
787 724 841 745 nat.
854 721 1008 750 Pnris.‚ms.
1026 721 1071 744 lat.
1089 721 1175 750 16069,
1192 721 1237 744 sol.
1255 720 1326 749 11012,
1343 720 1389 744 ubi
1413 720 1520 744 rubrica
1535 720 1604 744 sicut
1618 729 1710 752 supro.
1720 734 1751 738 -
1770 721 1938 749 Heium-aeus,
1958 721 2101 746 Sorbonae

214 766 348 797 οῗὶοἰησε,
364 765 440 794 ibid„
455 774 506 790 ms.
521 766 566 790 lat.
583 766 654 795 5493,
671 766 716 790 fol.
731 766 780 790 40¹²
793 769 820 790 et
834 766 888 789 232.
903 766 1043 794 Jourdain,
1059 772 1088 788 n⁰
1105 766 1159 790 180.

311 850 333 874 1.
352 850 391 875 cf.
408 858 492 882 supra
506 850 540 874 11¹¹
554 851 609 880 302,
626 851 681 879 329,
697 851 751 874 347.

213 963 330 1001 349.
351 971 521 999 Alexander
543 973 587 999 IV
598 977 740 1010 prorogat
765 973 950 999 Universitaei
968 973 1064 999 Paris.
1086 972 1277 1010 privilegium,
1296 976 1327 999 ut
1345 973 1496 999 servitores
1516 972 1618 999 iisdem
1634 972 1738 1008 quibus
1754 973 1887 1008 magistri
1902 976 1929 999 et
1948 972 2098 999 scholares

305 1021 537 1048 immunitatibus
551 1023 698 1057 fruantur.

1421 1072 1498 1101 1259,
1514 1071 1623 1104 Aaou-vti
1636 1072 1659 1099 7.
1675 1071 1810 1104 Anagniae.

305 1145 513 1179 Alexander
542 1145 739 1192 episcopus
769 1157 898 1180 servus
929 1157 1120 1179 servorum
1148 1146 1215 1179 Dei
1240 1145 1384 1179 dilectis
1410 1145 1496 1179 filiis
1522 1146 1749 1179 universitati
1776 1146 2032 1191 magistrorum
2064 1153 2100 1180 et

215 1211 412 1246 scolarium
451 1212 711 1246 Parisiensium
750 1212 902 1246 salutem
943 1219 976 1246 et
1015 1212 1251 1258 apostolicam
1290 1212 1597 1245 benedictionem.
1640 1214 1691 1246 Ex
1730 1219 1829 1258 parte
1874 1220 1992 1247 vestra
2032 1213 2097 1246 suit

217 1279 444 1325 propositum
470 1290 591 1316 coram
617 1278 738 1320 nobis,
761 1279 859 1324 quod
880 1278 1079 1324 apostolica
1099 1279 1208 1312 sedes
1229 1278 1334 1312 vohis
1355 1291 1472 1324 usque
1493 1279 1537 1312 ad
1558 1286 1694 1312 certum
1717 1286 1861 1325 tempus
1886 1280 2099 1321 indulxerit,

215 1351 256 1379 ut
283 1345 484 1379 servitores
512 1345 625 1378 vestri
654 1357 694 1379 ac
725 1345 955 1390 singulorum
986 1352 1192 1379 vestrorum
1223 1345 1362 1378 eisdem
1394 1345 1683 1379 immunitatibus
1713 1346 1873 1391 gaudere
1907 1346 2097 1388 deberent,

214 1410 351 1458 quibus
380 1411 487 1445 etiam
517 1423 583 1445 vos
612 1411 815 1457 gaudetis⁴.
847 1412 1027 1455 Quoniam
1057 1423 1144 1445 vero
1175 1418 1319 1457 tempus
1349 1411 1560 1457 hujusmodi
1591 1419 1630 1445 ut
1659 1413 1823 1445 asseritis
1854 1420 1910 1445 est
1934 1413 2097 1458 elapsum

213 1477 274 1512 vel
308 1485 478 1524 superest
511 1478 694 1511 modicum
729 1478 774 1511 de
809 1478 951 1517 eodem,
989 1490 1056 1511 nos
1090 1478 1241 1524 gratiam
1272 1477 1483 1523 hujusmodi
1514 1490 1557 1511 ex
1587 1478 1801 1512 liberalitate
1837 1486 1959 1512 nostra
1994 1479 2110 1515 vohis.

214 1545 429 1579 continuare
458 1544 626 1579 volentes
651 1545 785 1579 vestris
810 1544 1141 1592 supplicationibus
1170 1544 1333 1578 inclinati
1358 1545 1464 1578 vobis
1489 1545 1701 1578 auctoritate
1727 1546 1951 1590 presentium
1979 1546 2101 1579 indul-

214 1622 360 1657 gemus,
394 1618 435 1645 ut
467 1612 667 1645 servitores
700 1611 854 1657 predicti
890 1624 933 1645 ex
967 1623 1063 1645 nunc
1097 1611 1154 1645 vel
1189 1618 1380 1657 postquam
1417 1611 1553 1645 dictum
1589 1618 1731 1657 tempus
1766 1613 1956 1648 effluxerit.
1989 1613 2017 1645 si
2055 1613 2100 1646 de

214 1677 297 1724 ipso
340 1677 479 1724 aliquid
517 1685 698 1724 superest,
740 1690 858 1724 usque
896 1678 940 1712 ad
979 1678 1269 1724 quinquennium
1310 1678 1493 1724 gaudeant
1531 1678 1821 1712 immunitatibus
1866 1679 2099 1724 supradictis.

214 1743 314 1778 Nulli
353 1756 460 1791 ergo,
494 1749 574 1786 etc„
612 1751 737 1779 nostre
771 1745 1041 1787 concessionis,
1081 1750 1146 1779 etc.
1181 1745 1218 1778 Si
1253 1745 1336 1790 quis
1370 1752 1507 1787 autem,
1542 1750 1607 1780 etc.
1645 1746 1723 1778 Dat.
1764 1745 1931 1791 Anagnie
1965 1746 2012 1791 vij
2050 1746 2098 1779 id.

214 1810 389 1857 Aug-usti,
414 1811 648 1857 pontificatus
674 1812 790 1846 nostri
815 1823 910 1845 anno
936 1812 1076 1858 quinto.

307 1921 443 1954 Originale
458 1922 485 1946 in
499 1922 578 1947 Arch.
592 1925 646 1946 nat.
664 1922 748 1947 Paris.
765 1923 792 1947 L.
810 1923 864 1952 253,
880 1927 910 1946 n⁰
924 1923 978 1947 249.
995 1923 1072 1946 Bulla
1088 1922 1213 1954 plumbea
1227 1922 1279 1946 filis
1295 1921 1370 1946 serie.
1386 1921 1449 1945 ssavi
1465 1925 1490 1946 et
1500 1922 1558 1946 rub.
1570 1922 1619 1946 col.
1639 1922 1807 1954 appenditur.
1821 1923 1850 1946 ln
1866 1923 1975 1947 membr.
1989 1931 2098 1948 averso:

214 1974 227 1990 σι
242 1965 408 1991 Univenitn·
431 1966 558 1999 pari-ian.
575 1975 598 1995 »,
614 1967 647 1990 ud
673 1967 748 1999 cujus
762 1967 839 1991 Arch.
855 1967 1014 1999 pertinebat.
1040 1966 1125 1992 Mem.
1140 1967 1175 1991 de
1190 1967 1219 1992 la
1233 1967 1294 1992 Soc.
1312 1968 1346 1991 de
1360 1966 1442 1991 l’hist.
1458 1967 1492 1991 de
1506 1967 1592 1991 Paris
1607 1971 1631 1991 et
1648 1968 1681 1991 de
1699 1966 1937 1995 z’Ite-ae-France,
1955 1969 1983 1996 Χ,
1999 1969 2052 1991 266.
2068 1981 2099 1986 -—

214 2010 291 2043 Apud
310 2010 450 2040 Jourdain,
469 2015 499 2035 11⁰
514 2011 568 2041 181,
584 2011 691 2035 nonnisi
707 2011 800 2036 titulus
819 2012 846 2036 in
861 2012 953 2044 lingua
968 2011 1065 2045 gallica
1085 2019 1116 2035 ex
1134 2011 1302 2036 luventatre
1317 2013 1364 2036 cles
1379 2018 1443 2036 anc-
1470 2012 1548 2036 tio-es
1562 2012 1596 2036 de
1611 2011 1796 2037 l'Uniuersite’.
1814 2012 1892 2037 Arch.
1910 2012 1987 2036 Univ.
2004 2013 2100 2039 Pnris.,

214 2059 246 2078 ιν·
257 2055 298 2084 98,
313 2055 342 2079 Α.
358 2055 397 2079 20.
414 2055 432 2079 1.

310 2151 333 2176 1.
351 2151 416 2177 Vide
430 2160 512 2184 :upra
527 2156 556 2176 ¹1⁰
571 2153 625 2178 1111.

215 2282 330 2320 350.
352 2292 522 2320 Alexander
537 2294 581 2320 W
591 2297 732 2330 prorogat
751 2295 970 2328 concessionem,
991 2297 1022 2319 ue
1036 2294 1170 2329 magistri
1189 2297 1256 2320 actu
1276 2297 1406 2329 regentes
1428 2293 1469 2319 ad
1487 2294 1724 2329 congregationes
1742 2294 1894 2329 generales
1916 2303 1969 2331 pro
1990 2294 2099 2321 <landis

306 2341 437 2368 conciliis
451 2341 590 2369 accedere
605 2346 766 2370 teneantur.

1424 2405 1498 2435 1269,
1514 2404 1622 2438 laqueti
1632 2405 1659 2435 8,
1674 2405 1809 2438 Anaunion.

303 2494 510 2529 Alexander
538 2497 735 2543 episcopus
765 2508 895 2531 servus
924 2508 1114 2531 servorum
1146 2497 1211 2531 Dei
1238 2497 1382 2531 dilectis
1408 2497 1493 2530 filiis
1518 2497 1747 2530 universitati
1774 2498 2031 2543 magistrorum
2062 2505 2098 2533 et

213 2560 409 2595 scolarium
434 2562 694 2597 Parisiensium
721 2562 874 2597 salutem
892 2570 928 2597 et
946 2563 1182 2610 apostolicam
1204 2563 1510 2597 benedictionem.
1535 2564 1586 2597 Ex
1611 2570 1711 2610 parte
1736 2570 1855 2598 vestra
1877 2565 1944 2598 suit
1964 2577 2098 2611 propo-

214 2627 325 2662 situm
354 2640 476 2663 coram
507 2629 629 2673 nobis,
659 2630 758 2676 quod
787 2630 874 2664 licet
896 2630 1006 2664 suerit
1029 2630 1135 2665 vobis
1162 2642 1278 2677 usque
1307 2630 1352 2664 ad
1377 2637 1514 2664 certum
1542 2637 1686 2677 teinpus
1710 2631 1755 2664 ab
1784 2631 1983 2677 apostolica
2009 2632 2097 2666 sede

214 2694 410 2738 indultum,
427 2702 467 2730 ut
486 2696 531 2730 ad
551 2697 760 2743 generalem
781 2698 1106 2744 congregationem
1127 2705 1284 2731 vestram
1307 2709 1434 2731 omnes
1456 2697 1621 2743 magistri
1641 2698 1802 2731 Parisius
1823 2705 1903 2732 actu
1926 2706 2097 2745 regentes

214 2773 282 2807 pro
302 2761 433 2797 dandis
453 2763 620 2798 consiliis
640 2764 678 2798 in
698 2764 852 2811 agendis
877 2764 1051 2798 accedere
1076 2764 1300 2807 teneantur¹‚
1327 2771 1446 2798 tamen
1466 2764 1677 2810 hujusmodi
1699 2771 1842 2811 tempus
1863 2772 1902 2799 ut.
1922 2767 2099 2799 asseritur

214 2833 273 2862 est
309 2827 473 2875 elapsum
510 2829 569 2864 vel
609 2837 779 2877 superest
820 2831 1002 2865 modicum
1046 2831 1091 2865 de
1135 2831 1277 2865 eodem.
1322 2832 1397 2865 Nos
1436 2831 1549 2877 igitur
1591 2831 1724 2865 vestris
1767 2832 2096 2878 supplicationibus

215 2893 378 2929 inclinati
412 2895 519 2930 vobis
554 2897 778 2943 presentium
813 2898 1026 2932 auctoritate
1060 2898 1310 2935 concedimus.
1345 2904 1384 2931 ut
1417 2897 1571 2944 predicti
1605 2898 1770 2944 magistri
1803 2899 1846 2932 ad
1886 2899 2094 2943 hujusmodi

215 2962 539 3008 congregationem
584 2976 650 3010 pro
693 2976 800 2998 causa
848 2965 984 3011 prefata
1026 2964 1201 2999 accedere
1245 2970 1437 2999 teneantur
1479 2970 1518 2998 ut
1559 2965 1731 3010 superius
1774 2971 1830 2999 est
1867 2965 2093 3011 expressum.
