2580 3528
260 426 357 466 1255]
604 435 652 457 AB
685 434 791 457 Almo
825 434 902 458 mcc
936 435 1069 463 usqua
1104 435 1151 457 an
1187 435 1415 458 PnlLtPPUM
1451 437 1491 458 iv
1525 437 1613 459 nso.
1651 439 1787 461 rnaxc.
2066 432 2131 465 283

257 508 444 543 licenciam
474 507 664 554 largietur,
684 519 752 541 nec
772 507 936 541 admittet
954 507 1141 554 indigum,
1164 520 1403 553 personarum
1423 516 1460 542 et
1478 510 1662 543 nationum
1684 512 1930 556 acceptatione
1950 513 2128 548 submota.

256 575 351 608 Ante
378 586 466 609 vero
492 586 598 620 quam
628 586 846 620 quemquam
872 574 1043 608 licenciet
1068 574 1160 608 infra
1187 581 1261 608 tres
1290 587 1437 609 menses
1457 588 1476 609 a
1497 582 1659 621 tempore
1684 577 1794 622 petite
1819 577 1972 612 licencie
1997 586 2065 612 tam
2087 580 2131 613 ab

258 640 430 675 omnibus
450 640 666 687 theologie¹'
685 641 871 687 magistris
891 641 929 674 in
949 641 1093 675 civitate
1115 641 1350 687 presentibus
1371 654 1477 687 quam
1498 642 1580 676 aliis
1599 643 1688 676 viris
1708 642 1874 677 honestis
1896 651 1931 678 et
1950 645 2130 686 litteratis,

258 719 324 753 per
343 719 436 753 quos
460 707 595 742 veritas
621 707 708 741 sciri
729 707 859 753 possit,
889 707 933 741 de
953 707 1038 750 vita,
1065 708 1217 742 scientia
1242 714 1278 742 et
1303 708 1471 742 facundia
1491 721 1635 743 necnon
1656 710 1845 756 proposito
1872 717 1907 744 et
1932 723 1996 757 spe
2024 712 2132 757 profi-

257 773 379 807 ciendi
398 785 439 807 ac
458 773 552 815 aliis,
575 785 646 819 que
667 780 754 807 sunt
778 773 816 807 in
841 773 975 807 talibus
1001 774 1233 819 requirenda,
1260 774 1458 821 diligenter
1477 775 1637 821 inquirat
1656 782 1691 810 et
1710 776 1948 822 inquisitione
1970 778 2022 811 sic
2043 778 2133 811 sacta

258 839 346 886 quid
366 839 493 874 deceat
512 846 548 874 et
567 839 656 886 quid
676 839 845 886 expediat
863 839 956 874 bona
978 840 1049 874 fide
1070 840 1132 874 det
1151 840 1209 874 vel
1230 847 1341 887 neget
1360 841 1561 875 secundum
1588 843 1847 876 conscientiam
1874 856 1973 877 suam
1997 845 2133 889 petenti

257 906 445 940 licenciam
474 906 704 952 postulatam.
734 907 901 953 Magistri
930 918 1017 941 vero
1048 906 1232 953 theologie
1262 920 1302 941 ac
1333 908 1576 950 decretorum,
1607 909 1752 955 quando
1783 910 1962 955 incipiunt
1994 910 2132 957 legere,

258 972 474 1019 prestabunt
497 972 644 1019 publice
669 974 930 1019 juramentum,
961 973 1060 1020 quod
1089 985 1201 1020 super
1231 974 1423 1020 premissis
1452 975 1560 1008 fidele
1592 976 1839 1009 testimonium
1874 976 2130 1022 perhibebunt.

257 1039 507 1074 Cancellarius
537 1051 682 1086 quoque
711 1039 861 1085 jurabit,
895 1040 993 1085 quod
1031 1040 1183 1074 consilia
1220 1041 1477 1086 magistrorum
1516 1042 1551 1075 in
1587 1042 1718 1076 malum
1759 1055 1883 1076 eorum
1924 1043 2133 1078 nullatenus

258 1105 446 1148 revelabit,
468 1105 739 1140 parisiensibus
759 1106 945 1140 canonicis
965 1105 1132 1140 libertate
1153 1119 1192 1141 ac
1208 1108 1292 1152 jure
1313 1107 1351 1141 in
1371 1108 1580 1154 incipiendo
1601 1108 1734 1142 habitis
1755 1109 1791 1142 in
1815 1121 1879 1143 sua
1902 1110 2132 1145 manentibus

258 1171 437 1206 firmitate.

302 1239 394 1273 Cum
425 1250 514 1285 ergo
547 1250 591 1273 ex
616 1239 878 1273 constitutione
907 1239 1118 1285 hujusmodi
1150 1240 1286 1286 liqueat
1313 1241 1516 1280 manifeste,
1547 1253 1618 1286 que
1653 1242 1689 1275 in
1715 1241 1942 1276 licenciando
1972 1243 2133 1278 scolares

257 1305 302 1339 ad
329 1305 518 1339 scolarum>
545 1305 710 1351 regimen
741 1305 958 1339 cancellario
992 1306 1040 1339 sit
1067 1306 1218 1340 facultas
1249 1313 1285 1340 et
1316 1314 1447 1352 quanta
1477 1307 1548 1341 sibi
1579 1320 1690 1354 super
1719 1308 1786 1342 hoc
1818 1309 1949 1355 religio
1981 1310 2066 1344 fidei
2099 1318 2135 1344 et

257 1371 598 1417 circumspectionis
629 1371 831 1405 necessitas
865 1371 1059 1414 indicatur,
1091 1372 1208 1406 videri
1240 1379 1362 1418 potest
1389 1374 1531 1407 acutius
1563 1374 1731 1415 intuenti,
1763 1376 1966 1409 auctoritati
1997 1377 2134 1410 consti-

257 1437 407 1472 tutionis
435 1437 648 1484 apostolice‚
677 1450 749 1483 que
775 1438 884 1472 statui
912 1438 1093 1472 scolarum
1122 1445 1158 1472 et
1187 1439 1384 1473 scolarium
1413 1440 1610 1485 providens
1637 1447 1758 1474 certos
1782 1442 1989 1476 cancellarii
2015 1443 2133 1477 officio

254 1504 430 1538 terminos
454 1504 644 1550 potestatis
666 1504 847 1550 indulget,
869 1517 934 1550 per
953 1506 1252 1539 constitutionem
1273 1512 1430 1539 vestram
1453 1507 1489 1539 in
1510 1507 1736 1553 propagandi
1764 1508 1875 1541 studii
1897 1509 2130 1554 dispendium

257 1570 439 1617 derogari.
469 1570 650 1605 Volumus
678 1571 800 1616 itaque
829 1571 1036 1605 cancellarii
1059 1578 1273 1618 potestatem
1304 1573 1341 1605 in
1370 1573 1632 1607 constitutione
1662 1575 1814 1619 sepefati
1843 1575 2015 1621 Gregorii
2040 1576 2133 1609 circa

256 1643 388 1671 statum
418 1637 637 1671 Parisiensis
666 1637 778 1671 studii
807 1637 1022 1672 declaratam
1054 1638 1152 1672 nulla
1178 1639 1434 1673 imminutione
1457 1639 1627 1674 convelli.
1658 1641 1740 1686 lpse
1767 1647 1886 1674 tamen
1906 1642 2001 1675 circa
2021 1642 2134 1675 licen-

257 1703 408 1738 ciandos
435 1703 646 1749 hujusmodi
667 1710 737 1738 tam
763 1704 808 1738 de
829 1704 1034 1738 scolaribus
1059 1717 1164 1751 quam
1187 1705 1231 1738 de
1258 1705 1491 1752 regularibus
1514 1718 1587 1740 non
1609 1706 1726 1740 solum
1749 1719 1802 1749 ea,
1825 1720 1895 1753 que
1916 1709 2134 1743 attendenda

258 1770 295 1805 in
314 1770 578 1805 constitutione
598 1770 715 1816 ipsius
736 1771 781 1805 G.
804 1771 1069 1817 exprimuntur,
1091 1784 1216 1806 verum
1239 1773 1345 1806 etiam
1367 1779 1499 1806 statum
1520 1780 1555 1807 et
1575 1774 1828 1807 necessitatem
1851 1775 2007 1808 ecclesie
2026 1788 2134 1822 gene-

257 1836 344 1871 ralis
371 1843 408 1871 et
434 1836 652 1883 populorum
688 1836 842 1872 salutem
877 1837 1076 1884 diligenter
1108 1839 1281 1881 attendat,
1310 1846 1346 1872 et
1373 1839 1458 1878 hiis,
1490 1851 1583 1885 quos
1615 1841 1900 1886 suffragantibus
1930 1842 2069 1876 meritis
2099 1849 2134 1876 et

257 1902 499 1938 suadentibus
519 1903 809 1939 circumstanciis
829 1904 963 1939 viderit
981 1905 1025 1938 ad
1046 1905 1297 1951 magisterium
1319 1906 1601 1951 promovendos,
1625 1907 1677 1940 sic
1698 1907 1824 1949 faveat,
1848 1907 1946 1953 quod
1966 1920 2131 1954 capacem

256 1981 406 2006 sensum
427 1981 447 2004 a
467 1977 594 2005 natura
614 1971 733 2005 sortiti
759 1971 804 2005 ad
829 1972 1030 2017 profectum
1052 1972 1206 2006 scientie
1227 1973 1416 2018 proposito
1439 1973 1616 2007 studiosis
1637 1973 1857 2020 magistralis
1879 1974 1972 2007 tituli
1993 1975 2132 2021 premio

256 2043 501 2082 provocentur
521 2043 557 2071 et
579 2037 625 2071 ad
651 2037 983 2084 gubernaculorum
1012 2038 1141 2081 officia,
1164 2051 1235 2084 que
1261 2039 1355 2073 intra
1381 2046 1539 2073 sanctam
1565 2040 1755 2074 ecclesiam
1778 2042 1904 2087 sepius
1929 2042 2130 2084 imminent,

257 2103 427 2149 personis
457 2103 601 2138 idoneis
630 2104 876 2150 dispensanda
907 2112 1103 2151 suppetere
1129 2106 1246 2152 possit
1272 2106 1432 2140 virorum
1466 2107 1569 2153 copia
1599 2107 1846 2152 probatorum,
1875 2109 2066 2154 presertim
2095 2110 2131 2142 in

256 2176 332 2203 arte
352 2170 497 2212 artium,
528 2182 599 2216 que
628 2171 792 2217 profecto
819 2178 875 2205 est
901 2172 1067 2218 regimen
1094 2172 1307 2206 animarum.
1337 2174 1389 2206 Ex
1410 2185 1453 2206 eo
1481 2180 1614 2215 autem,
1641 2174 1738 2219 quod
1765 2174 1884 2220 aliqua
1912 2175 2128 2208 secularium

257 2235 315 2270 vel
348 2235 606 2282 religiosorum
649 2237 804 2284 collegia
838 2238 883 2271 de
917 2238 1068 2272 licencia
1111 2239 1318 2273 cancellarii
1352 2239 1477 2285 plures
1511 2247 1724 2274 meruerunt
1761 2240 1896 2274 habere
1934 2242 2128 2287 magistros

222 2319 231 2327 ·
256 2301 433 2336 hactenus
452 2309 515 2336 aut
538 2302 671 2346 scolas,
694 2303 865 2338 nolumus
886 2305 940 2339 eis
960 2305 1055 2339 circa
1076 2306 1333 2351 proprietatem
1359 2306 1418 2339 vel
1439 2307 1712 2352 possessionem
1735 2307 1891 2340 habendi
1918 2307 2127 2353 hujusmodi

251 2369 314 2414 jus
347 2369 585 2415 imposterum
618 2370 847 2415 provenisse,
882 2371 978 2405 sicut
1008 2370 1093 2413 hiis,
1122 2372 1184 2417 qui
1214 2384 1288 2406 non
1322 2372 1448 2418 plures
1480 2372 1538 2406 vel
1568 2372 1707 2406 nullum
1743 2373 1918 2407 hactenus
1955 2374 2128 2408 habuisse

257 2441 471 2477 noscuntur,
503 2435 675 2470 nolumus
695 2447 739 2470 ex
767 2435 836 2470 hoc
865 2437 957 2470 viam
987 2436 1143 2483 aliquem
1178 2437 1236 2471 vel
1271 2437 1396 2483 plures
1427 2437 1585 2472 habendi
1619 2439 1796 2484 precludi‚
1829 2440 1859 2473 si
1889 2440 2127 2475 cancellarius

257 2500 428 2535 omnibus
449 2513 519 2547 que
539 2501 765 2536 considerari
786 2501 922 2536 debent
942 2503 1118 2549 inspectis
1138 2503 1293 2549 alicujus
1313 2503 1371 2537 vel
1391 2504 1549 2550 plurium
1571 2504 1758 2538 licenciam
1780 2506 1834 2539 eis
1854 2507 1999 2549 viderit,
2022 2515 2129 2553 prout

257 2566 327 2601 sibi
357 2568 543 2614 competit,
574 2568 858 2602 concedendam.
890 2568 985 2603 lllud
1013 2575 1132 2603 autem
1163 2569 1262 2615 quod
1293 2570 1338 2603 dc
1365 2569 1571 2605 bacellariis
1600 2572 1778 2606 statuistis
1807 2572 1851 2606 ad
1883 2574 2125 2619 magistralem

257 2632 463 2680 theologice
483 2634 663 2669 facultatis
683 2634 887 2669 cathedram
910 2635 981 2669 nisi
1001 2635 1144 2682 aliquos
1165 2636 1328 2682 ejusdem
1350 2636 1530 2671 facultatis
1550 2637 1665 2671 libros
1686 2638 1849 2685 glosatos
1873 2646 1908 2673 ct
1928 2641 2128 2674 sententias

255 2699 294 2734 in
322 2700 435 2735 scolis
463 2700 618 2747 alicujus
653 2702 818 2748 magistri
854 2709 933 2736 actu
969 2703 1132 2748 regentis
1165 2702 1325 2749 legerint
1361 2703 1570 2738 nullatenus
1603 2704 1838 2739 admittendis
1872 2706 1924 2739 sic
1958 2707 2127 2741 duximus

257 2767 546 2813 temperandum,
576 2774 615 2802 ut
644 2768 773 2814 repelli
804 2768 895 2803 tales
925 2781 998 2803 non
1028 2769 1195 2811 debeant,
1229 2769 1260 2803 si
1290 2769 1510 2816 ubicumque
1543 2771 1717 2814 Parisinus,
1748 2772 1946 2806 dummodo
1980 2774 2016 2807 in
2047 2774 2127 2808 loco

257 2832 403 2879 publico
424 2840 460 2868 et
478 2833 647 2877 honesto,
669 2847 734 2869 eos
761 2835 946 2881 predictos
967 2835 1082 2870 libros
1103 2836 1240 2882 legisse
1262 2837 1430 2883 patuerit,
1452 2849 1519 2871 nec
1539 2837 1644 2872 etiam
1667 2837 1735 2872 hoc
1760 2838 1878 2885 ipsum
1902 2840 2126 2886 probationis

256 2900 543 2945 experimentum
573 2901 670 2948 exigi
698 2901 868 2936 volumus
896 2902 990 2936 circa
1023 2902 1120 2945 illos,
1150 2903 1195 2936 de
1224 2902 1360 2949 quibus
1388 2903 1477 2938 alias
1507 2904 1696 2938 manifeste
1723 2906 1929 2940 constiterit
1955 2907 2051 2952 quod
2082 2907 2125 2940 ad

255 2964 436 3000 scolarum
471 2967 636 3014 regimen
669 2968 743 3002 sint
776 2968 899 3003 idonei
933 2969 1171 3016 comprobati,
1208 2970 1384 3003 Statutum
1418 2982 1519 3012 vero,
1555 2971 1652 3017 quod
1688 2971 1916 3011 decrevistis,
1950 2985 1994 3005 nc
2030 2973 2126 3006 ullus
