2580 3528
514 417 579 449 614
1095 429 1414 451 cnan‘rULaniun
1450 429 1641 450 UNtvsas.
1679 428 1809 450 minis.
2289 421 2391 465 [1284

514 500 640 533 nititur
669 507 784 534 artare
813 501 1030 535 bacellarios
1061 502 1104 535 ad
1127 503 1323 547 jurandum
1355 502 1452 547 quod
1484 502 1683 535 servabunt
1711 501 1915 536 libertatem
1947 503 2102 537 ecclesie
2135 504 2354 547 Parisiensis
2380 516 2388 538 ε

514 567 595 600 dato
617 568 716 612 quod
735 567 803 601 hoc
825 575 924 601 esset
944 569 980 601 in
1001 568 1119 602 littera
1141 569 1277 602 domini
1300 581 1389 614 pape
1411 569 1520 613 (quod
1543 575 1662 601 tamen
1683 581 1756 601 non
1783 575 1839 602 est
1858 581 1997 611 verum,
2020 570 2118 604 salva
2139 583 2226 616 pace
2247 571 2390 605 cancel-

514 633 606 675 larii,
628 634 736 667 immo
758 641 840 667 sunt
863 634 913 667 ibi
934 635 1001 667 ista
1022 635 1132 668 verba
1158 642 1193 668 et
1218 647 1290 667 non
1318 635 1385 667 alia
1413 647 1478 680 pro
1509 635 1707 668 Parisiensi
1735 635 1890 669 ecclesia
1915 647 1922 669 :
1947 650 1963 668 t(
1985 637 2256 671 Parisiensibus
2281 650 2390 672 cano-

515 700 620 742 nicis,
641 700 806 733 libertate
828 713 866 733 ac
882 702 966 745 jure
994 701 1030 733 in
1058 701 1267 746 incipiendo
1298 700 1430 734 habitis
1458 701 1495 733 in
1522 713 1587 734 sua
1613 701 1846 736 manentibus
1867 702 2034 736 firmitate
2056 704 2129 747 »¹⁵),
2152 716 2219 737 nec
2240 711 2390 750 propter

513 766 604 799 illud
632 767 729 811 quod
760 767 837 812 ipse
868 767 1021 812 imponit
1040 767 1159 799 littere
1187 767 1324 800 domini
1353 779 1455 812 pape,
1482 779 1548 800 nec
1574 774 1723 813 propter
1748 768 1809 802 illa
1835 769 1909 814 jain
1941 769 2035 803 dicta
2059 782 2129 815 que
2155 771 2390 805 continentur

513 832 662 874 ibidem,
690 833 927 866 cancellarius
960 833 1109 866 deberet
1136 833 1351 868 bacellarios
1386 841 1533 867 nostros
1568 847 1701 879 cogere
1729 835 1774 868 ad
1803 836 1999 880 jurandum
2035 837 2133 881 quod
2166 837 2298 871 asserit
2323 850 2389 872 eos

508 900 631 943 jurare
653 911 717 931 seu
732 900 890 943 jurasse,
909 912 988 932 cum
1012 912 1084 932 non
1106 900 1245 932 dicatur
1261 900 1298 933 in
1318 900 1450 942 littera,
1469 901 1567 946 quod
1588 901 1667 946 ipse
1688 902 1840 947 recipiat
1854 903 2100 947 juramentum
2117 904 2190 948 jam
2213 903 2348 937 dictum
2369 916 2388 938 a

512 964 728 1005 bacellariis,
747 977 813 997 nec
835 977 899 1010 per
920 965 1073 998 litteram
1096 966 1317 1011 precipiatur
1337 967 1435 1011 quod
1456 966 1642 1000 bacellarii
1662 967 1731 1001 hoc
1747 969 1885 1013 jurent.
1910 969 2008 1002 Facit
2022 981 2111 1015 ergo
2132 969 2386 1013 cancellarius,

512 1031 605 1063 sicut
632 1030 819 1075 probatum
851 1038 918 1073 est,
940 1038 1064 1064 contra
1091 1032 1246 1065 litteram
1278 1033 1415 1066 domini
1442 1046 1546 1079 pape,
1570 1046 1643 1067 non
1664 1047 1745 1068 nos.
1774 1036 1818 1068 Et
1837 1042 1969 1077 tamen,
1991 1047 2072 1068 cum
2093 1036 2172 1081 ipse
2193 1036 2331 1082 incepit
2349 1037 2387 1070 in

511 1097 661 1138 artibus,
704 1098 839 1142 juravit
878 1110 1023 1131 servare
1067 1098 1254 1133 libertates
1296 1100 1566 1142 Universitatis,
1609 1101 1653 1134 ad
1693 1114 1960 1147 quemcumque
2004 1109 2135 1136 statum
2177 1103 2384 1145 deveniret;

511 1164 679 1209 quoniam
701 1164 779 1209 ipse
801 1171 836 1197 et
857 1176 983 1197 omnes
1005 1172 1184 1210 quotquot
1209 1166 1389 1212 incipiunt
1416 1174 1451 1201 et
1478 1168 1695 1213 inceperunt
1714 1169 1751 1201 in
1776 1168 1928 1211 artibus,
1951 1181 1968 1202 a
1995 1175 2158 1215 tempore
2180 1182 2198 1203 a
2219 1181 2291 1215 quo
2311 1181 2386 1203 non

510 1237 604 1263 extat
624 1231 809 1272 memoria,
834 1232 959 1276 jurant
979 1243 1018 1265 se
1043 1231 1230 1266 libertates
1257 1234 1514 1268 Universitatis
1540 1247 1687 1268 servare
1714 1235 1823 1268 modo
1845 1235 1907 1281 qui
1928 1236 2047 1269 dictus
2068 1242 2124 1269 est
2143 1236 2181 1269 in
2201 1237 2386 1281 presentia

509 1297 668 1329 omnium
691 1297 849 1338 illorum,
872 1298 933 1342 qui
954 1298 1137 1332 intersunt
1162 1300 1239 1333 suis
1260 1300 1490 1346 principiis¹⁶.
1516 1301 1573 1334 Ab
1593 1301 1662 1334 hoc
1677 1303 1886 1347 juramento
1907 1302 2147 1336 cancellarius
2167 1302 2385 1337 Parisiensis

513 1363 698 1408 predictus
719 1376 792 1397 non
813 1370 868 1397 est
892 1363 1095 1407 absolutus,
1119 1373 1154 1399 et
1174 1379 1248 1399 non
1268 1373 1389 1400 servat
1408 1367 1609 1409 libertates,
1632 1369 1801 1413 quoniam
1823 1369 1903 1414 ipse
1928 1369 2012 1402 facit
2031 1376 2156 1403 contra
2180 1369 2384 1403 libertatem

511 1430 778 1472 Universitatis,
797 1431 1101 1476 quemadmodum
1123 1432 1343 1466 declaratum
1361 1441 1417 1467 est
1437 1434 1620 1479 superius.
1639 1435 1843 1480 Perjurium
1860 1447 1949 1481 ergo
1971 1435 2124 1468 incurrit
2145 1435 2385 1470 cancellarius

508 1497 738 1539 Parisiensis,
760 1504 794 1530 et
815 1510 888 1530 non
910 1510 994 1540 nos3
1021 1505 1056 1532 et
1075 1501 1245 1544 perjurus
1267 1506 1334 1542 est,
1360 1501 1454 1534 sicut
1474 1501 1694 1535 declaratum
1721 1509 1776 1535 est
1803 1514 1867 1547 per
1893 1502 2143 1547 precedentia3
2175 1509 2211 1535 et
2236 1503 2274 1535 in
2301 1502 2383 1545 hoc,

509 1563 694 1608 predictus
724 1564 962 1598 cancellarius
992 1577 1192 1610 percussus
1220 1573 1276 1600 est
1310 1567 1373 1600 illo
1406 1567 1535 1601 baculo
1566 1575 1602 1601 et
1629 1568 1757 1601 eodem
1788 1581 1859 1614 quo
1896 1569 1975 1614 ipse
2007 1568 2154 1602 volebat
2188 1569 2384 1614 magistros

510 1630 671 1674 predicte
692 1631 869 1664 facultatis
890 1639 1093 1676 percutere.
1122 1634 1191 1666 Per
1205 1634 1279 1678 jam
1306 1634 1399 1667 dicta
1425 1635 1655 1668 manifestum
1685 1642 1742 1668 est
1761 1635 1859 1680 quod
1885 1635 1982 1668 idem
2007 1635 2247 1668 cancellarius
2271 1635 2384 1669 inter-

508 1703 668 1740 pretatur
687 1697 876 1743 privilegia
898 1698 960 1731 ubi
982 1706 1067 1732 sunt
1085 1699 1309 1745 planissima,
1334 1707 1368 1734 et
1388 1701 1425 1734 in
1446 1701 1513 1734 hoc
1534 1702 1619 1735 facit
1638 1708 1762 1735 contra
1784 1702 1976 1735 ecclesiam
1998 1703 2193 1735 Romanam
2217 1713 2224 1735 :
2247 1713 2291 1735 ex
2310 1714 2382 1748 quo

508 1775 572 1807 per
591 1763 710 1808 ipsum
732 1771 854 1797 secute
876 1772 961 1798 sunt
981 1772 1016 1798 et
1036 1773 1236 1811 sequentur
1257 1767 1473 1810 abusiones3
1498 1769 1661 1814 magistri
1682 1776 1801 1802 autem
1823 1769 1868 1802 de
1890 1775 2012 1802 nostra
2034 1761 2195 1814 predicta
2215 1768 2383 1802 facultate

508 1841 581 1862 non
603 1830 738 1863 faciunt
763 1831 857 1872 talia,
881 1831 966 1865 licet
987 1831 1056 1865 hoc
1079 1833 1241 1878 imponat
1265 1834 1332 1875 eis,
1358 1835 1453 1868 sicut
1477 1835 1514 1867 in
1540 1835 1782 1880 sequentibus
1804 1835 2001 1869 videbitur.

595 1897 652 1929 Ad
677 1897 738 1930 illa
764 1910 874 1943 super
900 1898 1033 1943 quibus
1062 1900 1248 1945 predictus
1274 1901 1513 1935 cancellarius
1539 1909 1665 1947 postea
1697 1903 1947 1948 conqueritur,
1978 1902 2258 1947 respondemus.
2290 1902 2382 1936 Cum

508 1962 596 1995 dicit
619 1963 735 2007 primo
763 1964 861 2008 quod
887 1965 931 1997 de
958 1977 1065 2007 nOVO,
1092 1966 1136 1999 ad
1163 1967 1276 2000 instar
1301 1967 1451 2000 aliarum
1477 1969 1699 2011 facultatum,
1725 1969 1850 2002 artiste
1875 1975 2027 2002 utuntur
2056 1968 2190 2013 sigillis
2213 1974 2381 2013 quatuor,

509 2040 581 2060 uno
611 2029 709 2073 quod
738 2030 903 2063 fecerunt
927 2031 997 2064 sibi
1021 2031 1188 2065 fabricari
1223 2034 1370 2067 nomine
1394 2035 1552 2068 nationis
1578 2035 1815 2077 Gallicorum,
1841 2041 1920 2077 etc.,
1947 2035 2028 2068 dico
2055 2035 2152 2080 quod
2175 2047 2302 2068 verum
2327 2041 2383 2068 est

509 2095 606 2139 quod
637 2102 791 2140 quatuor
818 2097 952 2141 sigillis
983 2099 1124 2143 magnis
1150 2099 1263 2132 utitur
1287 2100 1438 2133 facultas
1466 2113 1473 2134 ε
1502 2113 1574 2134 uno
1601 2102 1699 2147 quod
1729 2109 1785 2135 est
1814 2102 1972 2135 nationis
1998 2101 2198 2143 Gallicane,
2221 2107 2285 2136 etc.
2309 2103 2383 2135 Nec

508 2173 640 2194 novum
672 2169 727 2195 est
760 2162 841 2204 hoc,
872 2163 981 2197 immo
1016 2164 1052 2196 in
1087 2166 1324 2209 possessione
1359 2167 1511 2200 istorum
1548 2168 1755 2213 sigillorum
1791 2175 1824 2202 et
1859 2181 1949 2202 usus
1979 2180 2105 2201 eorum
2141 2175 2196 2201 est
2229 2167 2380 2202 facultas

507 2227 667 2272 predicta
702 2241 719 2261 a
754 2235 916 2274 tempore
951 2242 969 2263 a
1003 2243 1074 2275 quo
1109 2244 1182 2264 non
1217 2239 1311 2266 extat
1340 2234 1532 2275 memoria;
1570 2241 1604 2268 et
1638 2234 1822 2280 obligatur
1856 2247 1921 2281 per
1954 2235 2092 2268 litteras
2129 2234 2203 2268 illis
2242 2234 2376 2280 sigillis

508 2293 695 2327 roboratas
720 2295 872 2329 facultas
898 2291 963 2341 Per
988 2298 1279 2342 procurationem
1306 2300 1562 2345 magistrorum
1589 2301 1782 2344 facultatis,
1809 2302 1954 2347 quando
1980 2301 2158 2335 incumbit
2181 2301 2382 2335 necessitas

507 2361 666 2394 facultati
706 2362 868 2407 predicte
904 2375 969 2408 pro
1005 2365 1170 2410 negociis
1205 2366 1369 2410 ejusdem
1404 2367 1583 2401 facultatis
1618 2369 1869 2414 expediendis.
1907 2369 2031 2402 Simile
2069 2369 2109 2402 fit
2145 2368 2183 2401 in
2221 2367 2383 2413 qualibet

506 2428 650 2460 natione
671 2440 736 2473 pro
763 2430 927 2474 negociis
953 2431 1130 2472 nationis3
1158 2432 1262 2465 aliter
1287 2433 1383 2466 enim
1409 2434 1603 2479 aliqnando
1630 2447 1703 2468 non
1729 2425 1881 2481 possent
1902 2436 2064 2481 expediri
2090 2435 2243 2481 negocia
2267 2434 2379 2468 sacul-

506 2493 599 2535 tatis,
631 2494 701 2527 nisi
731 2495 820 2528 tales
851 2495 1094 2542 obligationes
1131 2498 1210 2531 fieri
1240 2506 1403 2544 possent.
1442 2502 1529 2534 Nam
1568 2508 1603 2534 et
1638 2501 1703 2535 hac
1733 2502 1812 2536 vice
1844 2515 1910 2548 pro
1949 2502 2126 2536 missione
2163 2501 2207 2535 ad
2241 2501 2376 2534 curiam

506 2566 630 2592 mutuo
665 2561 802 2605 recepit
830 2562 979 2596 facultas
1000 2575 1018 2596 a
1039 2564 1194 2608 quodam
1226 2577 1292 2598 suo
1323 2566 1437 2599 amico
1466 2579 1510 2600 xx
1539 2567 1652 2601 libras
1683 2575 1872 2602 turonens.
1909 2581 1974 2614 pro
2013 2569 2105 2601 meis
2135 2567 2306 2613 expensis
2339 2567 2378 2600 in

507 2625 604 2657 curia
630 2627 787 2659 Romana
814 2628 1009 2670 saciendis3
1039 2642 1104 2663 nec
1128 2638 1205 2664 erat
1232 2632 1382 2665 facultas
1408 2633 1579 2679 obligata,
1609 2635 1754 2680 quando
1784 2636 1922 2669 recessi
1949 2647 1967 2668 a
1995 2634 2192 2668 Parisiensi
2221 2633 2377 2675 civitate,

506 2691 612 2723 alicui
638 2704 704 2725 nec
729 2705 794 2737 pro
820 2695 1006 2728 modernis
1028 2697 1192 2742 negociis
1214 2710 1279 2731 nec
1301 2699 1460 2744 antiquis
1481 2700 1517 2733 in
1539 2700 1634 2746 pluri
1655 2702 1809 2747 pecunia
1832 2713 1838 2735 :
1862 2713 1927 2747 per
1952 2701 2050 2746 quod
2076 2700 2296 2734 declaratum
2322 2706 2379 2733 est

505 2757 634 2790 falsum
658 2770 740 2792 esse
761 2761 858 2804 quod
880 2761 967 2794 dicit
987 2763 1224 2797 cancellarius
1245 2765 1475 2808 Parisiensis,
1498 2767 1669 2801 videlicet
1689 2768 1787 2813 quod
1808 2774 1956 2814 propter
1976 2767 2107 2801 multas
2132 2766 2376 2812 obligationes

507 2823 666 2857 scolares
687 2825 904 2860 subtrahunt
924 2840 962 2860 se
983 2841 1001 2861 a
1023 2830 1143 2862 studio
1165 2831 1375 2873 Parisiensi,
1403 2845 1469 2865 nec
1496 2834 1761 2879 compellantur
1785 2835 1830 2868 ad
1853 2834 1919 2868 hec
1941 2833 2115 2868 solvenda
2140 2833 2184 2866 ad
2210 2845 2280 2878 que
2306 2832 2375 2866 sub

504 2890 577 2923 illis
612 2891 745 2936 sigillis
780 2893 930 2926 facultas
965 2894 1158 2940 obligatur.
1194 2898 1251 2930 Ad
1287 2898 1379 2931 illud
1408 2900 1507 2943 quod
1542 2901 1630 2934 dicit
1669 2901 1907 2934 cancellarius
1943 2907 2080 2946 postea,
2118 2900 2216 2945 quod
2250 2900 2374 2933 artiste

503 2957 666 2990 nituntur
695 2959 922 3004 interpretari
954 2962 1157 3007 privilegia,
1189 2970 1224 2997 et
1252 2964 1536 3010 interpretantur
1561 2966 1623 2999 ubi
1654 2967 1785 3012 aliqua,
1807 2973 1888 3009 etc.,
1906 2974 2055 3013 propter
2080 2979 2170 3012 quas
2195 2967 2375 3012 interpre-
