<?xml version="1.0" encoding="UTF-8"?>
<!DOCTYPE html PUBLIC "-//W3C//DTD XHTML 1.0 Transitional//EN"
    "http://www.w3.org/TR/xhtml1/DTD/xhtml1-transitional.dtd">
<html xmlns="http://www.w3.org/1999/xhtml" xml:lang="en" lang="en">
 <head>
  <title>
</title>
<meta http-equiv="Content-Type" content="text/html;charset=utf-8" />
  <meta name='ocr-system' content='tesseract 3.04.00' />
  <meta name='ocr-capabilities' content='ocr_page ocr_carea ocr_par ocr_line ocrx_word'/>
</head>
<body>
  <div class='ocr_page' id='page_1' title='image "./chartulariumuniv01univuoft_0692.png"; bbox 0 0 2580 3528; ppageno 0'>
   <div class='ocr_carea' id='block_1_1' title="bbox 444 417 2322 458">
    <p class='ocr_par' dir='ltr' id='par_1_1' title="bbox 444 417 2322 458">
     <span class='ocr_line' id='line_1_1' title="bbox 444 417 2322 458; baseline -0.006 -2"><span class='ocrx_word' id='word_1_1' title='bbox 444 422 510 456; x_wconf 89' lang='grc'>650</span> <span class='ocrx_word' id='word_1_2' title='bbox 1024 429 1342 453; x_wconf 68' lang='grc' dir='ltr'>οΗΑιιτυιΑιιιυΜ</span> <span class='ocrx_word' id='word_1_3' title='bbox 1375 427 1566 450; x_wconf 59' lang='lat' dir='ltr'>vulva-Rs.</span> <span class='ocrx_word' id='word_1_4' title='bbox 1603 425 1732 448; x_wconf 68' lang='lat' dir='ltr'>mnis.</span> <span class='ocrx_word' id='word_1_5' title='bbox 2221 417 2322 458; x_wconf 78' lang='lat'>[1286</span> 
     </span>
    </p>
   </div>
   <div class='ocr_carea' id='block_1_2' title="bbox 444 500 2327 1515">
    <p class='ocr_par' dir='ltr' id='par_1_2' title="bbox 444 500 2327 1515">
     <span class='ocr_line' id='line_1_2' title="bbox 444 500 2319 538; baseline -0.003 -8"><span class='ocrx_word' id='word_1_6' title='bbox 444 506 522 537; x_wconf 86' lang='lat' dir='ltr'>nicis,</span> <span class='ocrx_word' id='word_1_7' title='bbox 537 506 581 538; x_wconf 86' lang='lat' dir='ltr'>qui</span> <span class='ocrx_word' id='word_1_8' title='bbox 597 505 727 537; x_wconf 88' lang='lat' dir='ltr'>incipiunt</span> <span class='ocrx_word' id='word_1_9' title='bbox 742 505 916 533; x_wconf 79' lang='lat' dir='ltr'>Abiciamus,</span> <span class='ocrx_word' id='word_1_10' title='bbox 933 507 1036 528; x_wconf 77' lang='lat' dir='ltr'>exstant</span> <span class='ocrx_word' id='word_1_11' title='bbox 1049 504 1076 527; x_wconf 90' lang='lat' dir='ltr'>in</span> <span class='ocrx_word' id='word_1_12' title='bbox 1091 503 1160 527; x_wconf 84' lang='lat' dir='ltr'>Bibl.</span> <span class='ocrx_word' id='word_1_13' title='bbox 1176 506 1229 527; x_wconf 89' lang='lat' dir='ltr'>nat.</span> <span class='ocrx_word' id='word_1_14' title='bbox 1246 503 1332 527; x_wconf 83' lang='lat' dir='ltr'>Paris.</span> <span class='ocrx_word' id='word_1_15' title='bbox 1348 510 1411 526; x_wconf 84' lang='lat' dir='ltr'>mss.</span> <span class='ocrx_word' id='word_1_16' title='bbox 1428 502 1474 525; x_wconf 81' lang='lat' dir='ltr'>lat.</span> <span class='ocrx_word' id='word_1_17' title='bbox 1491 502 1577 530; x_wconf 84' lang='lat'>15956,</span> <span class='ocrx_word' id='word_1_18' title='bbox 1594 501 1638 524; x_wconf 77' lang='lat' dir='ltr'>fol.</span> <span class='ocrx_word' id='word_1_19' title='bbox 1655 500 1683 529; x_wconf 82' lang='grc'>1;</span> <span class='ocrx_word' id='word_1_20' title='bbox 1702 500 1788 529; x_wconf 83' lang='lat'>16474,</span> <span class='ocrx_word' id='word_1_21' title='bbox 1804 500 1849 524; x_wconf 77' lang='lat' dir='ltr'>sol.</span> <span class='ocrx_word' id='word_1_22' title='bbox 1866 500 1893 529; x_wconf 80' lang='lat'>1;</span> <span class='ocrx_word' id='word_1_23' title='bbox 1910 500 1996 529; x_wconf 74' lang='lat'>16475,</span> <span class='ocrx_word' id='word_1_24' title='bbox 2015 501 2059 524; x_wconf 84' lang='lat' dir='ltr'>l&#39;ol.</span> <span class='ocrx_word' id='word_1_25' title='bbox 2077 500 2101 530; x_wconf 83' lang='lat'>1,</span> <span class='ocrx_word' id='word_1_26' title='bbox 2115 500 2162 525; x_wconf 82' lang='lat' dir='ltr'>ubi</span> <span class='ocrx_word' id='word_1_27' title='bbox 2177 501 2224 526; x_wconf 83' lang='lat' dir='ltr'>l&#39;ol.</span> <span class='ocrx_word' id='word_1_28' title='bbox 2239 501 2319 525; x_wconf 57' lang='lat'><strong>226³:</strong></span> 
     </span>
     <span class='ocr_line' id='line_1_3' title="bbox 445 544 2323 583; baseline -0.003 -9"><span class='ocrx_word' id='word_1_29' title='bbox 445 550 596 583; x_wconf 85' lang='lat' dir='ltr'>Expliciunt</span> <span class='ocrx_word' id='word_1_30' title='bbox 610 558 743 574; x_wconf 77' lang='lat' dir='ltr'>sermones</span> <span class='ocrx_word' id='word_1_31' title='bbox 758 550 847 573; x_wconf 79' lang='lat' dir='ltr'>fratris</span> <span class='ocrx_word' id='word_1_32' title='bbox 863 549 1001 574; x_wconf 86' lang='lat' dir='ltr'>Guillermi</span> <span class='ocrx_word' id='word_1_33' title='bbox 1016 549 1048 572; x_wconf 87' lang='lat' dir='ltr'>de</span> <span class='ocrx_word' id='word_1_34' title='bbox 1063 548 1153 580; x_wconf 77' lang='lat' dir='ltr'>Malig.</span> <span class='ocrx_word' id='word_1_35' title='bbox 1169 548 1201 571; x_wconf 89' lang='lat' dir='ltr'>de</span> <span class='ocrx_word' id='word_1_36' title='bbox 1217 547 1364 571; x_wconf 88' lang='lat' dir='ltr'>dominicis.</span> <span class='ocrx_word' id='word_1_37' title='bbox 1376 547 1412 570; x_wconf 93' lang='lat' dir='ltr'>De</span> <span class='ocrx_word' id='word_1_38' title='bbox 1427 549 1534 569; x_wconf 85' lang='lat' dir='ltr'>auctore</span> <span class='ocrx_word' id='word_1_39' title='bbox 1546 545 1606 569; x_wconf 88' lang='lat' dir='ltr'>vide</span> <span class='ocrx_word' id='word_1_40' title='bbox 1618 544 1836 574; x_wconf 65' lang='lat' dir='ltr'>Quetif-Echard,</span> <span class='ocrx_word' id='word_1_41' title='bbox 1852 545 1872 574; x_wconf 81' lang='grc' dir='ltr'>Ι,</span> <span class='ocrx_word' id='word_1_42' title='bbox 1885 545 2029 575; x_wconf 74' lang='lat' dir='ltr'>48³„Hist.</span> <span class='ocrx_word' id='word_1_43' title='bbox 2044 545 2107 575; x_wconf 67' lang='lat' dir='ltr'>litt„</span> <span class='ocrx_word' id='word_1_44' title='bbox 2122 545 2209 575; x_wconf 84' lang='lat' dir='ltr'>xxvl,</span> <span class='ocrx_word' id='word_1_45' title='bbox 2225 546 2281 575; x_wconf 76' lang='lat'>452,</span> <span class='ocrx_word' id='word_1_46' title='bbox 2295 549 2323 570; x_wconf 85' lang='lat' dir='ltr'>et</span> 
     </span>
     <span class='ocr_line' id='line_1_4' title="bbox 445 589 2322 627; baseline -0.003 -8"><span class='ocrx_word' id='word_1_47' title='bbox 445 595 529 627; x_wconf 83' lang='lat' dir='ltr'>Lecoy</span> <span class='ocrx_word' id='word_1_48' title='bbox 543 595 575 618; x_wconf 86' lang='lat' dir='ltr'>de</span> <span class='ocrx_word' id='word_1_49' title='bbox 589 595 615 618; x_wconf 79' lang='lat' dir='ltr'>la</span> <span class='ocrx_word' id='word_1_50' title='bbox 630 594 745 624; x_wconf 79' lang='lat' dir='ltr'>Max-che,</span> <span class='ocrx_word' id='word_1_51' title='bbox 757 603 784 626; x_wconf 91' lang='lat' dir='ltr'>p.</span> <span class='ocrx_word' id='word_1_52' title='bbox 801 594 854 618; x_wconf 87' lang='grc'>511.</span> <span class='ocrx_word' id='word_1_53' title='bbox 866 595 943 618; x_wconf 81' lang='grc'>-26.</span> <span class='ocrx_word' id='word_1_54' title='bbox 962 594 1110 625; x_wconf 79' lang='lat' dir='ltr'><strong>Supersunt</strong></span> <span class='ocrx_word' id='word_1_55' title='bbox 1124 593 1151 616; x_wconf 90' lang='lat' dir='ltr'>in</span> <span class='ocrx_word' id='word_1_56' title='bbox 1166 600 1229 616; x_wconf 81' lang='lat' dir='ltr'>mss.</span> <span class='ocrx_word' id='word_1_57' title='bbox 1246 591 1333 615; x_wconf 85' lang='lat' dir='ltr'>citatis</span> <span class='ocrx_word' id='word_1_58' title='bbox 1350 591 1394 615; x_wconf 88' lang='lat' dir='ltr'>sol.</span> <span class='ocrx_word' id='word_1_59' title='bbox 1411 590 1487 619; x_wconf 80' lang='lat'>1591²;</span> <span class='ocrx_word' id='word_1_60' title='bbox 1504 590 1567 614; x_wconf 78' lang='lat'>311¹²</span> <span class='ocrx_word' id='word_1_61' title='bbox 1576 598 1582 619; x_wconf 81' lang='lat'>;</span> <span class='ocrx_word' id='word_1_62' title='bbox 1599 590 1644 613; x_wconf 81' lang='lat' dir='ltr'>fol.</span> <span class='ocrx_word' id='word_1_63' title='bbox 1661 590 1715 613; x_wconf 74' lang='lat'>227.</span> <span class='ocrx_word' id='word_1_64' title='bbox 1732 589 1884 621; x_wconf 88' lang='lat' dir='ltr'>Incipiunt:</span> <span class='ocrx_word' id='word_1_65' title='bbox 1897 590 2100 621; x_wconf 74' lang='lat' dir='ltr'>suspendium.</span> <span class='ocrx_word' id='word_1_66' title='bbox 2111 590 2159 614; x_wconf 78' lang='grc' dir='ltr'>Μι.</span> <span class='ocrx_word' id='word_1_67' title='bbox 2170 590 2217 614; x_wconf 83' lang='lat' dir='ltr'>lat.</span> <span class='ocrx_word' id='word_1_68' title='bbox 2234 591 2322 621; x_wconf 78' lang='lat'>15953,</span> 
     </span>
     <span class='ocr_line' id='line_1_5' title="bbox 446 633 2322 669; baseline -0.002 -6"><span class='ocrx_word' id='word_1_69' title='bbox 446 640 490 663; x_wconf 83' lang='lat' dir='ltr'>l&#39;ol.</span> <span class='ocrx_word' id='word_1_70' title='bbox 505 639 553 663; x_wconf 72' lang='lat' dir='ltr'>24b</span> <span class='ocrx_word' id='word_1_71' title='bbox 567 639 664 662; x_wconf 87' lang='lat' dir='ltr'>desinit</span> <span class='ocrx_word' id='word_1_72' title='bbox 678 647 684 662; x_wconf 86' lang='lat'>:</span> <span class='ocrx_word' id='word_1_73' title='bbox 701 638 825 669; x_wconf 75' lang='lat' dir='ltr'>Explicit</span> <span class='ocrx_word' id='word_1_74' title='bbox 840 638 1034 668; x_wconf 79' lang='lat' dir='ltr'>Suspendium</span> <span class='ocrx_word' id='word_1_75' title='bbox 1047 639 1080 662; x_wconf 87' lang='lat' dir='ltr'>de</span> <span class='ocrx_word' id='word_1_76' title='bbox 1094 636 1214 667; x_wconf 81' lang='lat' dir='ltr'>Maylly.</span> <span class='ocrx_word' id='word_1_77' title='bbox 1232 650 1259 654; x_wconf 89' lang='lat'><strong>—</strong></span> <span class='ocrx_word' id='word_1_78' title='bbox 1275 637 1313 659; x_wconf 88' lang='lat'>27.</span> <span class='ocrx_word' id='word_1_79' title='bbox 1331 636 1384 659; x_wconf 84' lang='lat' dir='ltr'>Iste</span> <span class='ocrx_word' id='word_1_80' title='bbox 1398 638 1490 658; x_wconf 83' lang='lat' dir='ltr'>auctor</span> <span class='ocrx_word' id='word_1_81' title='bbox 1507 634 1584 658; x_wconf 88' lang='lat' dir='ltr'>nobis</span> <span class='ocrx_word' id='word_1_82' title='bbox 1603 634 1711 666; x_wconf 79' lang='lat' dir='ltr'>ignotus</span> <span class='ocrx_word' id='word_1_83' title='bbox 1731 637 1779 658; x_wconf 85' lang='lat' dir='ltr'>est.</span> <span class='ocrx_word' id='word_1_84' title='bbox 1795 633 1929 658; x_wconf 68' lang='lat' dir='ltr'>Habemus</span> <span class='ocrx_word' id='word_1_85' title='bbox 1943 637 2047 659; x_wconf 83' lang='lat' dir='ltr'>tantum</span> <span class='ocrx_word' id='word_1_86' title='bbox 2058 635 2091 659; x_wconf 87' lang='lat' dir='ltr'>de</span> <span class='ocrx_word' id='word_1_87' title='bbox 2106 636 2188 659; x_wconf 81' lang='lat' dir='ltr'>fratre</span> <span class='ocrx_word' id='word_1_88' title='bbox 2201 634 2322 660; x_wconf 66' lang='lat' dir='ltr'>johanne</span> 
     </span>
     <span class='ocr_line' id='line_1_6' title="bbox 445 678 2322 712; baseline -0.002 -5"><span class='ocrx_word' id='word_1_89' title='bbox 445 685 477 708; x_wconf 94' lang='lat' dir='ltr'>de</span> <span class='ocrx_word' id='word_1_90' title='bbox 493 684 588 707; x_wconf 85' lang='lat' dir='ltr'>Sancto</span> <span class='ocrx_word' id='word_1_91' title='bbox 608 683 757 712; x_wconf 79' lang='lat' dir='ltr'>Benedicto,</span> <span class='ocrx_word' id='word_1_92' title='bbox 777 683 840 707; x_wconf 86' lang='lat' dir='ltr'>Ord.</span> <span class='ocrx_word' id='word_1_93' title='bbox 862 683 966 710; x_wconf 81' lang='lat' dir='ltr'>Prued.,</span> <span class='ocrx_word' id='word_1_94' title='bbox 988 682 1118 711; x_wconf 72' lang='lat' dir='ltr'>notitiam,</span> <span class='ocrx_word' id='word_1_95' title='bbox 1134 681 1209 712; x_wconf 84' lang='lat' dir='ltr'>cujus</span> <span class='ocrx_word' id='word_1_96' title='bbox 1223 680 1331 712; x_wconf 82' lang='lat' dir='ltr'>quidam</span> <span class='ocrx_word' id='word_1_97' title='bbox 1351 687 1486 703; x_wconf 81' lang='lat' dir='ltr'>sermones</span> <span class='ocrx_word' id='word_1_98' title='bbox 1508 682 1620 702; x_wconf 85' lang='lat' dir='ltr'>exstant.</span> <span class='ocrx_word' id='word_1_99' title='bbox 1642 678 1681 702; x_wconf 80' lang='lat' dir='ltr'>Cf.</span> <span class='ocrx_word' id='word_1_100' title='bbox 1702 686 1783 710; x_wconf 70' lang='lat' dir='ltr'>supro</span> <span class='ocrx_word' id='word_1_101' title='bbox 1799 683 1828 702; x_wconf 84' lang='lat' dir='ltr'>n·</span> <span class='ocrx_word' id='word_1_102' title='bbox 1847 678 1902 708; x_wconf 82' lang='grc'>510,</span> <span class='ocrx_word' id='word_1_103' title='bbox 1921 687 1948 703; x_wconf 87' lang='lat' dir='ltr'>n.</span> <span class='ocrx_word' id='word_1_104' title='bbox 1968 679 2008 703; x_wconf 89' lang='lat'>10.</span> <span class='ocrx_word' id='word_1_105' title='bbox 2022 693 2054 697; x_wconf 90' lang='lat'>—</span> <span class='ocrx_word' id='word_1_106' title='bbox 2068 680 2107 703; x_wconf 82' lang='lat'>28.</span> <span class='ocrx_word' id='word_1_107' title='bbox 2124 679 2167 704; x_wconf 84' lang='lat' dir='ltr'>Sic</span> <span class='ocrx_word' id='word_1_108' title='bbox 2186 687 2322 704; x_wconf 79' lang='lat' dir='ltr'>sermones</span> 
     </span>
     <span class='ocr_line' id='line_1_7' title="bbox 446 723 2324 758; baseline -0.002 -7"><span class='ocrx_word' id='word_1_109' title='bbox 446 728 580 752; x_wconf 83' lang='lat' dir='ltr'>Guillelmi</span> <span class='ocrx_word' id='word_1_110' title='bbox 595 728 626 752; x_wconf 89' lang='lat' dir='ltr'>de</span> <span class='ocrx_word' id='word_1_111' title='bbox 642 727 763 751; x_wconf 85' lang='lat' dir='ltr'>Malliaco</span> <span class='ocrx_word' id='word_1_112' title='bbox 775 727 914 758; x_wconf 88' lang='lat' dir='ltr'>incipiunt.</span> <span class='ocrx_word' id='word_1_113' title='bbox 930 726 994 750; x_wconf 83' lang='lat' dir='ltr'>Vide</span> <span class='ocrx_word' id='word_1_114' title='bbox 1009 734 1036 749; x_wconf 86' lang='lat' dir='ltr'>n.</span> <span class='ocrx_word' id='word_1_115' title='bbox 1051 727 1088 749; x_wconf 83' lang='lat'>26.</span> <span class='ocrx_word' id='word_1_116' title='bbox 1101 739 1132 743; x_wconf 93' lang='grc'>--</span> <span class='ocrx_word' id='word_1_117' title='bbox 1142 726 1180 748; x_wconf 79' lang='lat'>29.</span> <span class='ocrx_word' id='word_1_118' title='bbox 1198 725 1272 748; x_wconf 88' lang='lat' dir='ltr'>Hunc</span> <span class='ocrx_word' id='word_1_119' title='bbox 1288 724 1429 748; x_wconf 81' lang='lat' dir='ltr'>articulum</span> <span class='ocrx_word' id='word_1_120' title='bbox 1444 727 1470 747; x_wconf 88' lang='lat' dir='ltr'>et</span> <span class='ocrx_word' id='word_1_121' title='bbox 1484 723 1550 747; x_wconf 85' lang='lat' dir='ltr'>duos</span> <span class='ocrx_word' id='word_1_122' title='bbox 1566 726 1705 755; x_wconf 78' lang='lat' dir='ltr'>sequentes</span> <span class='ocrx_word' id='word_1_123' title='bbox 1719 723 1852 755; x_wconf 80' lang='lat' dir='ltr'>explicare</span> <span class='ocrx_word' id='word_1_124' title='bbox 1866 723 2015 756; x_wconf 77' lang='lat' dir='ltr'>nequimus.</span> <span class='ocrx_word' id='word_1_125' title='bbox 2027 737 2056 742; x_wconf 88' lang='lat'>—</span> <span class='ocrx_word' id='word_1_126' title='bbox 2065 724 2104 748; x_wconf 78' lang='lat'>30.</span> <span class='ocrx_word' id='word_1_127' title='bbox 2117 724 2216 756; x_wconf 79' lang='lat' dir='ltr'>Utique</span> <span class='ocrx_word' id='word_1_128' title='bbox 2229 724 2324 749; x_wconf 79' lang='lat' dir='ltr'>Jacobi</span> 
     </span>
     <span class='ocr_line' id='line_1_8' title="bbox 446 767 2320 804; baseline -0.001 -9"><span class='ocrx_word' id='word_1_129' title='bbox 446 773 477 796; x_wconf 82' lang='lat' dir='ltr'>de</span> <span class='ocrx_word' id='word_1_130' title='bbox 492 772 631 804; x_wconf 80' lang='lat' dir='ltr'>Voragine,</span> <span class='ocrx_word' id='word_1_131' title='bbox 649 772 711 796; x_wconf 82' lang='lat' dir='ltr'>Ord.</span> <span class='ocrx_word' id='word_1_132' title='bbox 728 772 820 795; x_wconf 78' lang='lat' dir='ltr'>Praed.</span> <span class='ocrx_word' id='word_1_133' title='bbox 836 785 867 789; x_wconf 94' lang='lat'>—</span> <span class='ocrx_word' id='word_1_134' title='bbox 882 771 919 794; x_wconf 96' lang='lat'>31.</span> <span class='ocrx_word' id='word_1_135' title='bbox 937 771 956 794; x_wconf 91' lang='lat'>1.</span> <span class='ocrx_word' id='word_1_136' title='bbox 978 779 999 794; x_wconf 87' lang='lat' dir='ltr'>e.</span> <span class='ocrx_word' id='word_1_137' title='bbox 1016 770 1116 794; x_wconf 80' lang='lat' dir='ltr'>Nicolni</span> <span class='ocrx_word' id='word_1_138' title='bbox 1131 769 1221 797; x_wconf 84' lang='lat' dir='ltr'>Biurd,</span> <span class='ocrx_word' id='word_1_139' title='bbox 1238 769 1301 793; x_wconf 86' lang='lat' dir='ltr'>Ord.</span> <span class='ocrx_word' id='word_1_140' title='bbox 1317 768 1412 792; x_wconf 85' lang='lat' dir='ltr'>Praed.</span> <span class='ocrx_word' id='word_1_141' title='bbox 1427 768 1463 792; x_wconf 91' lang='lat' dir='ltr'>De</span> <span class='ocrx_word' id='word_1_142' title='bbox 1478 768 1534 799; x_wconf 83' lang='lat' dir='ltr'>ejus</span> <span class='ocrx_word' id='word_1_143' title='bbox 1550 767 1718 791; x_wconf 83' lang='lat' dir='ltr'>sermonibus</span> <span class='ocrx_word' id='word_1_144' title='bbox 1738 767 1798 792; x_wconf 85' lang='lat' dir='ltr'>vide</span> <span class='ocrx_word' id='word_1_145' title='bbox 1815 768 1900 800; x_wconf 76' lang='lat' dir='ltr'>Lecoy</span> <span class='ocrx_word' id='word_1_146' title='bbox 1913 768 1946 792; x_wconf 86' lang='lat' dir='ltr'>de</span> <span class='ocrx_word' id='word_1_147' title='bbox 1963 768 1991 792; x_wconf 77' lang='lat' dir='ltr'>le</span> <span class='ocrx_word' id='word_1_148' title='bbox 2009 768 2126 799; x_wconf 69' lang='lat' dir='ltr'>Mai-che,</span> <span class='ocrx_word' id='word_1_149' title='bbox 2138 769 2157 793; x_wconf 94' lang='lat' dir='ltr'>l.</span> <span class='ocrx_word' id='word_1_150' title='bbox 2173 777 2208 798; x_wconf 78' lang='lat' dir='ltr'>c.,</span> <span class='ocrx_word' id='word_1_151' title='bbox 2222 777 2250 801; x_wconf 82' lang='lat' dir='ltr'>p.</span> <span class='ocrx_word' id='word_1_152' title='bbox 2265 769 2320 794; x_wconf 75' lang='lat'>523.</span> 
     </span>
     <span class='ocr_line' id='line_1_9' title="bbox 445 812 2320 846; baseline -0.001 -6"><span class='ocrx_word' id='word_1_153' title='bbox 445 831 476 834; x_wconf 88' lang='lat'>—-</span> <span class='ocrx_word' id='word_1_154' title='bbox 488 818 526 840; x_wconf 87' lang='lat'>32.</span> <span class='ocrx_word' id='word_1_155' title='bbox 544 816 606 840; x_wconf 88' lang='lat' dir='ltr'>Ord.</span> <span class='ocrx_word' id='word_1_156' title='bbox 623 816 714 840; x_wconf 80' lang='lat' dir='ltr'>Praed.</span> <span class='ocrx_word' id='word_1_157' title='bbox 733 816 796 839; x_wconf 83' lang='lat' dir='ltr'>Vide</span> <span class='ocrx_word' id='word_1_158' title='bbox 811 816 895 846; x_wconf 85' lang='lat' dir='ltr'>Lecoy</span> <span class='ocrx_word' id='word_1_159' title='bbox 909 815 940 838; x_wconf 83' lang='lat' dir='ltr'>de</span> <span class='ocrx_word' id='word_1_160' title='bbox 960 815 986 838; x_wconf 82' lang='lat' dir='ltr'>lu</span> <span class='ocrx_word' id='word_1_161' title='bbox 1006 814 1119 842; x_wconf 85' lang='lat' dir='ltr'>Marche,</span> <span class='ocrx_word' id='word_1_162' title='bbox 1134 814 1153 837; x_wconf 93' lang='lat' dir='ltr'>l.</span> <span class='ocrx_word' id='word_1_163' title='bbox 1169 822 1202 842; x_wconf 85' lang='lat' dir='ltr'>c.,</span> <span class='ocrx_word' id='word_1_164' title='bbox 1218 822 1244 845; x_wconf 91' lang='lat' dir='ltr'>p.</span> <span class='ocrx_word' id='word_1_165' title='bbox 1262 814 1316 837; x_wconf 84' lang='lat'>520.</span> <span class='ocrx_word' id='word_1_166' title='bbox 1331 826 1363 830; x_wconf 91' lang='lat'><strong>—</strong></span> <span class='ocrx_word' id='word_1_167' title='bbox 1378 814 1416 836; x_wconf 83' lang='lat'>33.</span> <span class='ocrx_word' id='word_1_168' title='bbox 1438 812 1572 836; x_wconf 78' lang='lat' dir='ltr'>Bononiae</span> <span class='ocrx_word' id='word_1_169' title='bbox 1586 820 1591 836; x_wconf 89' lang='grc'>;</span> <span class='ocrx_word' id='word_1_170' title='bbox 1608 821 1625 835; x_wconf 85' lang='lat' dir='ltr'>x</span> <span class='ocrx_word' id='word_1_171' title='bbox 1639 812 1689 836; x_wconf 90' lang='lat' dir='ltr'>sol.</span> <span class='ocrx_word' id='word_1_172' title='bbox 1703 826 1734 830; x_wconf 97' lang='lat'><strong>—</strong></span> <span class='ocrx_word' id='word_1_173' title='bbox 1748 813 1786 836; x_wconf 83' lang='lat'>34.</span> <span class='ocrx_word' id='word_1_174' title='bbox 1804 812 1900 837; x_wconf 83' lang='lat' dir='ltr'>Glossn</span> <span class='ocrx_word' id='word_1_175' title='bbox 1918 813 1975 837; x_wconf 84' lang='lat' dir='ltr'>ord.</span> <span class='ocrx_word' id='word_1_176' title='bbox 1998 812 2128 837; x_wconf 85' lang='lat' dir='ltr'>Bernardi</span> <span class='ocrx_word' id='word_1_177' title='bbox 2147 813 2236 838; x_wconf 81' lang='lat' dir='ltr'>Parm.</span> <span class='ocrx_word' id='word_1_178' title='bbox 2255 813 2320 838; x_wconf 88' lang='lat' dir='ltr'>Bon.</span> 
     </span>
     <span class='ocr_line' id='line_1_10' title="bbox 446 857 2322 892; baseline -0.001 -8"><span class='ocrx_word' id='word_1_179' title='bbox 446 860 508 892; x_wconf 82' lang='lat' dir='ltr'>xviij</span> <span class='ocrx_word' id='word_1_180' title='bbox 526 861 573 884; x_wconf 87' lang='lat' dir='ltr'>sol.</span> <span class='ocrx_word' id='word_1_181' title='bbox 588 874 619 878; x_wconf 92' lang='lat'>—-</span> <span class='ocrx_word' id='word_1_182' title='bbox 633 862 670 884; x_wconf 89' lang='lat'>35.</span> <span class='ocrx_word' id='word_1_183' title='bbox 685 861 748 884; x_wconf 86' lang='lat' dir='ltr'>Bon.</span> <span class='ocrx_word' id='word_1_184' title='bbox 765 859 807 891; x_wconf 83' lang='lat' dir='ltr'>xxj</span> <span class='ocrx_word' id='word_1_185' title='bbox 823 860 871 883; x_wconf 87' lang='lat' dir='ltr'>sol.</span> <span class='ocrx_word' id='word_1_186' title='bbox 886 873 918 877; x_wconf 93' lang='lat'>—</span> <span class='ocrx_word' id='word_1_187' title='bbox 933 860 971 882; x_wconf 88' lang='grc'>36.</span> <span class='ocrx_word' id='word_1_188' title='bbox 988 859 1082 883; x_wconf 80' lang='lat' dir='ltr'>Glossa</span> <span class='ocrx_word' id='word_1_189' title='bbox 1095 858 1151 881; x_wconf 84' lang='lat' dir='ltr'>ord.</span> <span class='ocrx_word' id='word_1_190' title='bbox 1169 857 1366 881; x_wconf 70' lang='lat' dir='ltr'>Bar-tholomaei</span> <span class='ocrx_word' id='word_1_191' title='bbox 1377 857 1532 881; x_wconf 84' lang='lat' dir='ltr'>Brixiensis.</span> <span class='ocrx_word' id='word_1_192' title='bbox 1546 857 1611 880; x_wconf 85' lang='lat' dir='ltr'>Bon.</span> <span class='ocrx_word' id='word_1_193' title='bbox 1627 857 1670 889; x_wconf 85' lang='lat' dir='ltr'>xvj</span> <span class='ocrx_word' id='word_1_194' title='bbox 1686 857 1734 881; x_wconf 90' lang='lat' dir='ltr'>sol.</span> <span class='ocrx_word' id='word_1_195' title='bbox 1749 870 1781 875; x_wconf 83' lang='lat'>-</span> <span class='ocrx_word' id='word_1_196' title='bbox 1795 858 1834 881; x_wconf 83' lang='lat'>37.</span> <span class='ocrx_word' id='word_1_197' title='bbox 1845 857 1911 881; x_wconf 90' lang='lat' dir='ltr'>Bon.</span> <span class='ocrx_word' id='word_1_198' title='bbox 1925 857 1962 890; x_wconf 83' lang='lat' dir='ltr'>vij</span> <span class='ocrx_word' id='word_1_199' title='bbox 1977 857 2026 881; x_wconf 86' lang='lat' dir='ltr'>sol.</span> <span class='ocrx_word' id='word_1_200' title='bbox 2043 871 2074 876; x_wconf 92' lang='lat'><strong>—</strong></span> <span class='ocrx_word' id='word_1_201' title='bbox 2085 858 2124 882; x_wconf 76' lang='lat'>38.</span> <span class='ocrx_word' id='word_1_202' title='bbox 2138 857 2159 882; x_wconf 90' lang='lat'>1.</span> <span class='ocrx_word' id='word_1_203' title='bbox 2176 866 2198 882; x_wconf 86' lang='lat' dir='ltr'>e.</span> <span class='ocrx_word' id='word_1_204' title='bbox 2213 858 2322 890; x_wconf 76' lang='lat' dir='ltr'>Bagac-</span> 
     </span>
     <span class='ocr_line' id='line_1_11' title="bbox 446 901 2324 936; baseline 0 -8"><span class='ocrx_word' id='word_1_205' title='bbox 446 905 528 928; x_wconf 86' lang='lat' dir='ltr'>cionis</span> <span class='ocrx_word' id='word_1_206' title='bbox 540 913 619 936; x_wconf 88' lang='lat' dir='ltr'>super</span> <span class='ocrx_word' id='word_1_207' title='bbox 630 905 776 928; x_wconf 79' lang='lat' dir='ltr'>Decretum.</span> <span class='ocrx_word' id='word_1_208' title='bbox 790 904 853 927; x_wconf 88' lang='lat' dir='ltr'>Bon.</span> <span class='ocrx_word' id='word_1_209' title='bbox 871 912 903 926; x_wconf 84' lang='lat' dir='ltr'>xx</span> <span class='ocrx_word' id='word_1_210' title='bbox 914 904 961 926; x_wconf 87' lang='lat' dir='ltr'>sol.</span> <span class='ocrx_word' id='word_1_211' title='bbox 975 917 1007 921; x_wconf 88' lang='lat'><em>-</em></span> <span class='ocrx_word' id='word_1_212' title='bbox 1023 902 1062 927; x_wconf 85' lang='lat'>39.</span> <span class='ocrx_word' id='word_1_213' title='bbox 1081 902 1170 926; x_wconf 87' lang='lat' dir='ltr'>Potius</span> <span class='ocrx_word' id='word_1_214' title='bbox 1185 910 1190 925; x_wconf 89' lang='lat'>:</span> <span class='ocrx_word' id='word_1_215' title='bbox 1209 901 1364 925; x_wconf 84' lang='lat' dir='ltr'>Salinensis.</span> <span class='ocrx_word' id='word_1_216' title='bbox 1381 902 1411 925; x_wconf 88' lang='lat' dir='ltr'>In</span> <span class='ocrx_word' id='word_1_217' title='bbox 1426 902 1513 925; x_wconf 90' lang='lat' dir='ltr'>rotulo</span> <span class='ocrx_word' id='word_1_218' title='bbox 1527 905 1608 925; x_wconf 82' lang='lat' dir='ltr'>taxat.</span> <span class='ocrx_word' id='word_1_219' title='bbox 1625 902 1709 925; x_wconf 80' lang='lat' dir='ltr'>Paris.</span> <span class='ocrx_word' id='word_1_220' title='bbox 1724 909 1767 926; x_wconf 86' lang='lat' dir='ltr'>an.</span> <span class='ocrx_word' id='word_1_221' title='bbox 1785 902 1846 926; x_wconf 83' lang='lat'>1303</span> <span class='ocrx_word' id='word_1_222' title='bbox 1861 902 1942 933; x_wconf 74' lang='lat'>(1304)</span> <span class='ocrx_word' id='word_1_223' title='bbox 1955 909 1961 926; x_wconf 78' lang='lat' dir='ltr'>z</span> <span class='ocrx_word' id='word_1_224' title='bbox 1978 910 1991 926; x_wconf 68' lang='grc' dir='ltr'>(ι</span> <span class='ocrx_word' id='word_1_225' title='bbox 2004 902 2070 926; x_wconf 81' lang='lat' dir='ltr'>Item</span> <span class='ocrx_word' id='word_1_226' title='bbox 2083 902 2112 926; x_wconf 84' lang='lat' dir='ltr'>in</span> <span class='ocrx_word' id='word_1_227' title='bbox 2126 902 2238 927; x_wconf 66' lang='lat' dir='ltr'>Laetus-a</span> <span class='ocrx_word' id='word_1_228' title='bbox 2251 902 2324 928; x_wconf 74' lang='lat' dir='ltr'>Petri</span> 
     </span>
     <span class='ocr_line' id='line_1_12' title="bbox 446 946 2322 980; baseline -0.001 -7"><span class='ocrx_word' id='word_1_229' title='bbox 446 950 477 973; x_wconf 89' lang='lat' dir='ltr'>de</span> <span class='ocrx_word' id='word_1_230' title='bbox 494 949 590 973; x_wconf 87' lang='lat' dir='ltr'>Salinis</span> <span class='ocrx_word' id='word_1_231' title='bbox 607 957 686 980; x_wconf 84' lang='lat' dir='ltr'>super</span> <span class='ocrx_word' id='word_1_232' title='bbox 705 949 852 976; x_wconf 80' lang='lat' dir='ltr'>Decretum,</span> <span class='ocrx_word' id='word_1_233' title='bbox 869 948 891 979; x_wconf 89' lang='lat' dir='ltr'>cj</span> <span class='ocrx_word' id='word_1_234' title='bbox 909 947 1007 979; x_wconf 80' lang='lat' dir='ltr'>pecias,</span> <span class='ocrx_word' id='word_1_235' title='bbox 1023 947 1048 979; x_wconf 87' lang='lat' dir='ltr'>vj</span> <span class='ocrx_word' id='word_1_236' title='bbox 1065 947 1112 970; x_wconf 86' lang='lat' dir='ltr'>sol.</span> <span class='ocrx_word' id='word_1_237' title='bbox 1133 955 1155 970; x_wconf 88' lang='lat'>».</span> <span class='ocrx_word' id='word_1_238' title='bbox 1172 947 1202 970; x_wconf 89' lang='lat' dir='ltr'>In</span> <span class='ocrx_word' id='word_1_239' title='bbox 1217 946 1285 970; x_wconf 87' lang='lat' dir='ltr'>Bibl.</span> <span class='ocrx_word' id='word_1_240' title='bbox 1307 949 1361 970; x_wconf 82' lang='lat' dir='ltr'>nat.</span> <span class='ocrx_word' id='word_1_241' title='bbox 1382 946 1466 970; x_wconf 71' lang='lat' dir='ltr'>Puris.</span> <span class='ocrx_word' id='word_1_242' title='bbox 1485 954 1536 971; x_wconf 89' lang='lat' dir='ltr'>ms.</span> <span class='ocrx_word' id='word_1_243' title='bbox 1556 946 1605 977; x_wconf 66' lang='lat' dir='ltr'>lat.</span> <span class='ocrx_word' id='word_1_244' title='bbox 1624 946 1685 970; x_wconf 81' lang='lat'>3917</span> <span class='ocrx_word' id='word_1_245' title='bbox 1705 949 1790 970; x_wconf 83' lang='lat' dir='ltr'>exstat</span> <span class='ocrx_word' id='word_1_246' title='bbox 1806 946 1856 970; x_wconf 81' lang='lat' dir='ltr'>hoc</span> <span class='ocrx_word' id='word_1_247' title='bbox 1875 954 1943 978; x_wconf 90' lang='lat' dir='ltr'>opus</span> <span class='ocrx_word' id='word_1_248' title='bbox 1963 946 2000 977; x_wconf 90' lang='lat' dir='ltr'>(in</span> <span class='ocrx_word' id='word_1_249' title='bbox 2018 947 2079 975; x_wconf 86' lang='lat' dir='ltr'>fine,</span> <span class='ocrx_word' id='word_1_250' title='bbox 2100 947 2146 971; x_wconf 77' lang='lat' dir='ltr'>fol.</span> <span class='ocrx_word' id='word_1_251' title='bbox 2167 948 2221 977; x_wconf 82' lang='lat'>305,</span> <span class='ocrx_word' id='word_1_252' title='bbox 2242 955 2322 972; x_wconf 82' lang='lat' dir='ltr'>manu</span> 
     </span>
     <span class='ocr_line' id='line_1_13' title="bbox 446 990 2324 1025; baseline -0.001 -8"><span class='ocrx_word' id='word_1_253' title='bbox 446 1002 514 1017; x_wconf 85' lang='lat' dir='ltr'>saec.</span> <span class='ocrx_word' id='word_1_254' title='bbox 531 994 640 1017; x_wconf 86' lang='lat' dir='ltr'>le-XV</span> <span class='ocrx_word' id='word_1_255' title='bbox 656 993 810 1025; x_wconf 81' lang='lat' dir='ltr'>adjungitur</span> <span class='ocrx_word' id='word_1_256' title='bbox 825 1001 829 1016; x_wconf 92' lang='lat'>:</span> <span class='ocrx_word' id='word_1_257' title='bbox 847 1001 858 1015; x_wconf 89' lang='lat'>«</span> <span class='ocrx_word' id='word_1_258' title='bbox 874 1001 940 1024; x_wconf 87' lang='lat' dir='ltr'>opus</span> <span class='ocrx_word' id='word_1_259' title='bbox 956 992 1026 1015; x_wconf 84' lang='lat' dir='ltr'>Petri</span> <span class='ocrx_word' id='word_1_260' title='bbox 1042 992 1073 1015; x_wconf 92' lang='lat' dir='ltr'>de</span> <span class='ocrx_word' id='word_1_261' title='bbox 1089 991 1186 1015; x_wconf 90' lang='lat' dir='ltr'>Salinis</span> <span class='ocrx_word' id='word_1_262' title='bbox 1202 993 1234 1021; x_wconf 83' lang='lat'>»).</span> <span class='ocrx_word' id='word_1_263' title='bbox 1252 990 1348 1022; x_wconf 86' lang='lat' dir='ltr'>Incipit</span> <span class='ocrx_word' id='word_1_264' title='bbox 1362 999 1367 1014; x_wconf 91' lang='lat'>:</span> <span class='ocrx_word' id='word_1_265' title='bbox 1385 1000 1397 1015; x_wconf 73' lang='grc' dir='ltr'>(ι</span> <span class='ocrx_word' id='word_1_266' title='bbox 1413 991 1443 1015; x_wconf 88' lang='lat' dir='ltr'>In</span> <span class='ocrx_word' id='word_1_267' title='bbox 1457 991 1563 1015; x_wconf 88' lang='lat' dir='ltr'>nomine</span> <span class='ocrx_word' id='word_1_268' title='bbox 1577 990 1725 1015; x_wconf 80' lang='lat' dir='ltr'>Trinitatis.</span> <span class='ocrx_word' id='word_1_269' title='bbox 1741 991 1770 1015; x_wconf 85' lang='lat' dir='ltr'>ln</span> <span class='ocrx_word' id='word_1_270' title='bbox 1781 991 1830 1015; x_wconf 83' lang='lat' dir='ltr'>hoc</span> <span class='ocrx_word' id='word_1_271' title='bbox 1844 991 1976 1023; x_wconf 82' lang='lat' dir='ltr'>principio</span> <span class='ocrx_word' id='word_1_272' title='bbox 1989 991 2060 1015; x_wconf 84' lang='lat' dir='ltr'>circa</span> <span class='ocrx_word' id='word_1_273' title='bbox 2073 991 2126 1016; x_wconf 78' lang='lat' dir='ltr'>tria</span> <span class='ocrx_word' id='word_1_274' title='bbox 2138 991 2324 1024; x_wconf 73' lang='lat' dir='ltr'>principaliter</span> 
     </span>
     <span class='ocr_line' id='line_1_14' title="bbox 447 1035 2320 1068; baseline 0 -7"><span class='ocrx_word' id='word_1_275' title='bbox 447 1038 581 1061; x_wconf 81' lang='lat' dir='ltr'>laborabo.</span> <span class='ocrx_word' id='word_1_276' title='bbox 598 1037 685 1061; x_wconf 84' lang='lat' dir='ltr'>Primo</span> <span class='ocrx_word' id='word_1_277' title='bbox 700 1037 726 1060; x_wconf 87' lang='lat' dir='ltr'>in</span> <span class='ocrx_word' id='word_1_278' title='bbox 742 1037 906 1060; x_wconf 80' lang='lat' dir='ltr'>invocatione</span> <span class='ocrx_word' id='word_1_279' title='bbox 921 1036 1034 1060; x_wconf 88' lang='lat' dir='ltr'>nominis</span> <span class='ocrx_word' id='word_1_280' title='bbox 1049 1036 1132 1060; x_wconf 84' lang='lat' dir='ltr'>Jhesu</span> <span class='ocrx_word' id='word_1_281' title='bbox 1147 1035 1255 1059; x_wconf 79' lang='lat' dir='ltr'>Christi.</span> <span class='ocrx_word' id='word_1_282' title='bbox 1272 1035 1392 1059; x_wconf 84' lang='lat' dir='ltr'>Secundo</span> <span class='ocrx_word' id='word_1_283' title='bbox 1407 1035 1435 1059; x_wconf 87' lang='lat' dir='ltr'>in</span> <span class='ocrx_word' id='word_1_284' title='bbox 1450 1035 1677 1060; x_wconf 76' lang='lat' dir='ltr'>commendatione</span> <span class='ocrx_word' id='word_1_285' title='bbox 1691 1035 1769 1060; x_wconf 79' lang='lat' dir='ltr'>istius</span> <span class='ocrx_word' id='word_1_286' title='bbox 1784 1036 1902 1065; x_wconf 77' lang='lat' dir='ltr'>scientie,</span> <span class='ocrx_word' id='word_1_287' title='bbox 1917 1036 1992 1068; x_wconf 82' lang='lat' dir='ltr'>cujus</span> <span class='ocrx_word' id='word_1_288' title='bbox 2007 1037 2144 1068; x_wconf 78' lang='lat' dir='ltr'>professor</span> <span class='ocrx_word' id='word_1_289' title='bbox 2158 1045 2218 1060; x_wconf 87' lang='lat' dir='ltr'>sum</span> <span class='ocrx_word' id='word_1_290' title='bbox 2232 1045 2257 1066; x_wconf 74' lang='lat' dir='ltr'>n,</span> <span class='ocrx_word' id='word_1_291' title='bbox 2273 1041 2320 1062; x_wconf 73' lang='lat' dir='ltr'>etc.</span> 
     </span>
     <span class='ocr_line' id='line_1_15' title="bbox 445 1080 2323 1113; baseline 0.001 -8"><span class='ocrx_word' id='word_1_292' title='bbox 445 1097 476 1100; x_wconf 96' lang='lat'><strong>—</strong></span> <span class='ocrx_word' id='word_1_293' title='bbox 489 1083 529 1106; x_wconf 92' lang='lat'>40.</span> <span class='ocrx_word' id='word_1_294' title='bbox 545 1082 608 1105; x_wconf 88' lang='lat' dir='ltr'>Bon.</span> <span class='ocrx_word' id='word_1_295' title='bbox 625 1082 659 1113; x_wconf 85' lang='lat' dir='ltr'>xij</span> <span class='ocrx_word' id='word_1_296' title='bbox 676 1082 724 1105; x_wconf 85' lang='lat' dir='ltr'>sol.</span> <span class='ocrx_word' id='word_1_297' title='bbox 743 1096 774 1099; x_wconf 97' lang='lat'><strong>—</strong></span> <span class='ocrx_word' id='word_1_298' title='bbox 789 1082 828 1105; x_wconf 89' lang='lat'>41.</span> <span class='ocrx_word' id='word_1_299' title='bbox 850 1082 879 1105; x_wconf 87' lang='lat' dir='ltr'>ln</span> <span class='ocrx_word' id='word_1_300' title='bbox 894 1081 980 1104; x_wconf 87' lang='lat' dir='ltr'>rotulo</span> <span class='ocrx_word' id='word_1_301' title='bbox 1004 1084 1085 1104; x_wconf 80' lang='lat' dir='ltr'>taxat.</span> <span class='ocrx_word' id='word_1_302' title='bbox 1106 1080 1205 1104; x_wconf 90' lang='lat' dir='ltr'>Bonon.</span> <span class='ocrx_word' id='word_1_303' title='bbox 1227 1080 1402 1112; x_wconf 77' lang='lat' dir='ltr'>designantur</span> <span class='ocrx_word' id='word_1_304' title='bbox 1417 1088 1422 1104; x_wconf 74' lang='grc' dir='ltr'><em>τ</em></span> <span class='ocrx_word' id='word_1_305' title='bbox 1441 1089 1453 1104; x_wconf 73' lang='grc' dir='ltr'>(ι</span> <span class='ocrx_word' id='word_1_306' title='bbox 1470 1080 1553 1104; x_wconf 84' lang='lat' dir='ltr'>Casus</span> <span class='ocrx_word' id='word_1_307' title='bbox 1573 1080 1680 1109; x_wconf 82' lang='lat' dir='ltr'>decreti,</span> <span class='ocrx_word' id='word_1_308' title='bbox 1703 1083 1765 1104; x_wconf 86' lang='lat' dir='ltr'>sunt</span> <span class='ocrx_word' id='word_1_309' title='bbox 1782 1089 1816 1104; x_wconf 87' lang='lat' dir='ltr'>xx</span> <span class='ocrx_word' id='word_1_310' title='bbox 1832 1080 1962 1113; x_wconf 79' lang='lat' dir='ltr'>quaterni,</span> <span class='ocrx_word' id='word_1_311' title='bbox 1977 1081 2005 1105; x_wconf 87' lang='lat' dir='ltr'>ix</span> <span class='ocrx_word' id='word_1_312' title='bbox 2018 1081 2068 1105; x_wconf 83' lang='lat' dir='ltr'>sol.</span> <span class='ocrx_word' id='word_1_313' title='bbox 2084 1089 2108 1105; x_wconf 87' lang='grc'>».</span> <span class='ocrx_word' id='word_1_314' title='bbox 2124 1081 2191 1105; x_wconf 83' lang='lat' dir='ltr'>Sunt</span> <span class='ocrx_word' id='word_1_315' title='bbox 2208 1081 2323 1106; x_wconf 62' lang='lat' dir='ltr'>Bartho-</span> 
     </span>
     <span class='ocr_line' id='line_1_16' title="bbox 445 1125 2327 1158; baseline 0.002 -9"><span class='ocrx_word' id='word_1_316' title='bbox 445 1126 540 1150; x_wconf 80' lang='lat' dir='ltr'>lomaei</span> <span class='ocrx_word' id='word_1_317' title='bbox 554 1126 706 1149; x_wconf 82' lang='lat' dir='ltr'>Brixiensis.</span> <span class='ocrx_word' id='word_1_318' title='bbox 724 1126 839 1154; x_wconf 85' lang='lat' dir='ltr'>Schulte,</span> <span class='ocrx_word' id='word_1_319' title='bbox 855 1126 872 1149; x_wconf 90' lang='lat' dir='ltr'>l.</span> <span class='ocrx_word' id='word_1_320' title='bbox 899 1134 931 1154; x_wconf 86' lang='lat' dir='ltr'>c.,</span> <span class='ocrx_word' id='word_1_321' title='bbox 952 1134 979 1157; x_wconf 88' lang='lat' dir='ltr'>p.</span> <span class='ocrx_word' id='word_1_322' title='bbox 1000 1126 1038 1149; x_wconf 84' lang='lat'>84.</span> <span class='ocrx_word' id='word_1_323' title='bbox 1055 1139 1086 1143; x_wconf 98' lang='lat'><strong>—</strong></span> <span class='ocrx_word' id='word_1_324' title='bbox 1099 1126 1138 1149; x_wconf 76' lang='lat'>42.</span> <span class='ocrx_word' id='word_1_325' title='bbox 1155 1125 1220 1149; x_wconf 90' lang='lat' dir='ltr'>Bon.</span> <span class='ocrx_word' id='word_1_326' title='bbox 1238 1133 1250 1148; x_wconf 78' lang='grc' dir='ltr'>α</span> <span class='ocrx_word' id='word_1_327' title='bbox 1265 1133 1344 1148; x_wconf 80' lang='lat' dir='ltr'>casus</span> <span class='ocrx_word' id='word_1_328' title='bbox 1360 1125 1540 1154; x_wconf 80' lang='lat' dir='ltr'>decretalium,</span> <span class='ocrx_word' id='word_1_329' title='bbox 1557 1128 1620 1149; x_wconf 84' lang='lat' dir='ltr'>sunt</span> <span class='ocrx_word' id='word_1_330' title='bbox 1639 1125 1682 1157; x_wconf 79' lang='lat' dir='ltr'>xvj</span> <span class='ocrx_word' id='word_1_331' title='bbox 1703 1125 1834 1157; x_wconf 76' lang='lat' dir='ltr'>quaterni,</span> <span class='ocrx_word' id='word_1_332' title='bbox 1853 1125 1889 1158; x_wconf 83' lang='lat' dir='ltr'>vij</span> <span class='ocrx_word' id='word_1_333' title='bbox 1909 1125 1959 1150; x_wconf 83' lang='lat' dir='ltr'>sol.</span> <span class='ocrx_word' id='word_1_334' title='bbox 1975 1134 1999 1150; x_wconf 78' lang='lat' dir='ltr'>u.</span> <span class='ocrx_word' id='word_1_335' title='bbox 2020 1125 2118 1158; x_wconf 78' lang='lat' dir='ltr'>Utique</span> <span class='ocrx_word' id='word_1_336' title='bbox 2136 1126 2224 1152; x_wconf 68' lang='lat' dir='ltr'><strong><em>Casus</em></strong></span> <span class='ocrx_word' id='word_1_337' title='bbox 2243 1125 2327 1158; x_wconf 71' lang='lat' dir='ltr'>ltmqt&#39;</span> 
     </span>
     <span class='ocr_line' id='line_1_17' title="bbox 446 1169 2324 1203; baseline 0.001 -9"><span class='ocrx_word' id='word_1_338' title='bbox 446 1170 573 1194; x_wconf 78' lang='lat' dir='ltr'>Bernnrdi</span> <span class='ocrx_word' id='word_1_339' title='bbox 587 1171 748 1199; x_wconf 79' lang='lat' dir='ltr'>Parmensis,</span> <span class='ocrx_word' id='word_1_340' title='bbox 765 1170 810 1202; x_wconf 86' lang='lat' dir='ltr'>qui</span> <span class='ocrx_word' id='word_1_341' title='bbox 825 1170 911 1202; x_wconf 77' lang='lat' dir='ltr'>magis</span> <span class='ocrx_word' id='word_1_342' title='bbox 925 1170 950 1193; x_wconf 91' lang='lat' dir='ltr'>in</span> <span class='ocrx_word' id='word_1_343' title='bbox 966 1178 1016 1193; x_wconf 88' lang='lat' dir='ltr'>usu</span> <span class='ocrx_word' id='word_1_344' title='bbox 1031 1173 1115 1198; x_wconf 81' lang='lat' dir='ltr'>erant,</span> <span class='ocrx_word' id='word_1_345' title='bbox 1131 1178 1212 1201; x_wconf 83' lang='lat' dir='ltr'>quam</span> <span class='ocrx_word' id='word_1_346' title='bbox 1227 1169 1311 1193; x_wconf 78' lang='lat' dir='ltr'>Casus</span> <span class='ocrx_word' id='word_1_347' title='bbox 1323 1169 1481 1202; x_wconf 80' lang='lat' dir='ltr'>(imperfecti</span> <span class='ocrx_word' id='word_1_348' title='bbox 1495 1169 1590 1200; x_wconf 81' lang='lat' dir='ltr'>relicti)</span> <span class='ocrx_word' id='word_1_349' title='bbox 1606 1169 1735 1193; x_wconf 81' lang='lat' dir='ltr'>Bernardi</span> <span class='ocrx_word' id='word_1_350' title='bbox 1749 1169 1968 1202; x_wconf 76' lang='lat' dir='ltr'>compostellani.</span> <span class='ocrx_word' id='word_1_351' title='bbox 1983 1170 2099 1199; x_wconf 66' lang='lat' dir='ltr'>Schultz,</span> <span class='ocrx_word' id='word_1_352' title='bbox 2114 1178 2141 1203; x_wconf 84' lang='lat' dir='ltr'>p.</span> <span class='ocrx_word' id='word_1_353' title='bbox 2158 1170 2213 1200; x_wconf 78' lang='lat'>115,</span> <span class='ocrx_word' id='word_1_354' title='bbox 2229 1170 2324 1196; x_wconf 81' lang='grc'>118.-</span> 
     </span>
     <span class='ocr_line' id='line_1_18' title="bbox 445 1214 2323 1247; baseline 0.001 -9"><span class='ocrx_word' id='word_1_355' title='bbox 445 1217 483 1238; x_wconf 89' lang='lat'>43.</span> <span class='ocrx_word' id='word_1_356' title='bbox 500 1215 563 1238; x_wconf 90' lang='lat' dir='ltr'>Vide</span> <span class='ocrx_word' id='word_1_357' title='bbox 578 1223 659 1246; x_wconf 79' lang='lat' dir='ltr'>supra</span> <span class='ocrx_word' id='word_1_358' title='bbox 674 1223 699 1238; x_wconf 88' lang='lat' dir='ltr'>n.</span> <span class='ocrx_word' id='word_1_359' title='bbox 716 1215 753 1238; x_wconf 87' lang='lat'>10.</span> <span class='ocrx_word' id='word_1_360' title='bbox 768 1228 798 1232; x_wconf 88' lang='lat'>—-</span> <span class='ocrx_word' id='word_1_361' title='bbox 813 1216 851 1238; x_wconf 84' lang='lat'>44.</span> <span class='ocrx_word' id='word_1_362' title='bbox 869 1215 889 1238; x_wconf 93' lang='lat'>1.</span> <span class='ocrx_word' id='word_1_363' title='bbox 906 1223 927 1238; x_wconf 87' lang='lat' dir='ltr'>e.</span> <span class='ocrx_word' id='word_1_364' title='bbox 945 1214 1058 1238; x_wconf 80' lang='lat' dir='ltr'>Roffredi</span> <span class='ocrx_word' id='word_1_365' title='bbox 1079 1214 1231 1246; x_wconf 82' lang='lat' dir='ltr'>Epiphanii.</span> <span class='ocrx_word' id='word_1_366' title='bbox 1249 1215 1278 1238; x_wconf 84' lang='lat' dir='ltr'>In</span> <span class='ocrx_word' id='word_1_367' title='bbox 1298 1215 1386 1238; x_wconf 88' lang='lat' dir='ltr'>rotulo</span> <span class='ocrx_word' id='word_1_368' title='bbox 1403 1217 1484 1238; x_wconf 83' lang='lat' dir='ltr'>taxat.</span> <span class='ocrx_word' id='word_1_369' title='bbox 1500 1215 1600 1238; x_wconf 91' lang='lat' dir='ltr'>Bonon.</span> <span class='ocrx_word' id='word_1_370' title='bbox 1621 1214 1678 1246; x_wconf 81' lang='lat' dir='ltr'>ejus</span> <span class='ocrx_word' id='word_1_371' title='bbox 1700 1214 1785 1238; x_wconf 82' lang='lat' dir='ltr'>libelli</span> <span class='ocrx_word' id='word_1_372' title='bbox 1800 1214 1827 1238; x_wconf 92' lang='lat' dir='ltr'>in</span> <span class='ocrx_word' id='word_1_373' title='bbox 1845 1214 1905 1247; x_wconf 83' lang='lat' dir='ltr'>jure</span> <span class='ocrx_word' id='word_1_374' title='bbox 1924 1215 2050 1239; x_wconf 85' lang='lat' dir='ltr'>canonico</span> <span class='ocrx_word' id='word_1_375' title='bbox 2069 1214 2108 1247; x_wconf 82' lang='lat' dir='ltr'>(iij</span> <span class='ocrx_word' id='word_1_376' title='bbox 2127 1215 2188 1246; x_wconf 79' lang='lat' dir='ltr'>sol.)</span> <span class='ocrx_word' id='word_1_377' title='bbox 2204 1218 2231 1240; x_wconf 83' lang='lat' dir='ltr'>et</span> <span class='ocrx_word' id='word_1_378' title='bbox 2250 1214 2323 1240; x_wconf 77' lang='lat' dir='ltr'>civili</span> 
     </span>
     <span class='ocr_line' id='line_1_19' title="bbox 447 1258 2323 1292; baseline 0.001 -10"><span class='ocrx_word' id='word_1_379' title='bbox 447 1259 520 1291; x_wconf 86' lang='lat' dir='ltr'>(xiiij)</span> <span class='ocrx_word' id='word_1_380' title='bbox 540 1263 705 1291; x_wconf 77' lang='lat' dir='ltr'>separantur.</span> <span class='ocrx_word' id='word_1_381' title='bbox 722 1273 753 1277; x_wconf 91' lang='lat'>—-</span> <span class='ocrx_word' id='word_1_382' title='bbox 769 1261 809 1283; x_wconf 84' lang='lat'>45.</span> <span class='ocrx_word' id='word_1_383' title='bbox 825 1259 960 1283; x_wconf 87' lang='lat' dir='ltr'>Guillelmi</span> <span class='ocrx_word' id='word_1_384' title='bbox 975 1259 1110 1283; x_wconf 83' lang='lat' dir='ltr'>Durantis.</span> <span class='ocrx_word' id='word_1_385' title='bbox 1136 1259 1201 1283; x_wconf 89' lang='lat' dir='ltr'>Bon.</span> <span class='ocrx_word' id='word_1_386' title='bbox 1225 1258 1264 1291; x_wconf 79' lang='lat' dir='ltr'>iiij</span> <span class='ocrx_word' id='word_1_387' title='bbox 1285 1259 1333 1283; x_wconf 83' lang='lat' dir='ltr'>sol.</span> <span class='ocrx_word' id='word_1_388' title='bbox 1358 1273 1391 1277; x_wconf 97' lang='lat'><strong>—</strong></span> <span class='ocrx_word' id='word_1_389' title='bbox 1413 1260 1452 1283; x_wconf 82' lang='lat'>46.</span> <span class='ocrx_word' id='word_1_390' title='bbox 1470 1259 1580 1283; x_wconf 82' lang='lat' dir='ltr'>Summa</span> <span class='ocrx_word' id='word_1_391' title='bbox 1599 1259 1699 1283; x_wconf 78' lang='lat' dir='ltr'>scilicet</span> <span class='ocrx_word' id='word_1_392' title='bbox 1719 1259 1825 1283; x_wconf 75' lang='lat' dir='ltr'>Hem-ici</span> <span class='ocrx_word' id='word_1_393' title='bbox 1847 1259 1996 1284; x_wconf 82' lang='lat' dir='ltr'>Hostiensis</span> <span class='ocrx_word' id='word_1_394' title='bbox 2020 1267 2101 1292; x_wconf 82' lang='lat' dir='ltr'>super</span> <span class='ocrx_word' id='word_1_395' title='bbox 2125 1259 2212 1284; x_wconf 74' lang='lat' dir='ltr'>titulis</span> <span class='ocrx_word' id='word_1_396' title='bbox 2231 1259 2323 1284; x_wconf 82' lang='lat' dir='ltr'>decre—</span> 
     </span>
     <span class='ocr_line' id='line_1_20' title="bbox 446 1303 2323 1336; baseline 0.001 -9"><span class='ocrx_word' id='word_1_397' title='bbox 446 1304 546 1327; x_wconf 79' lang='lat' dir='ltr'>talium.</span> <span class='ocrx_word' id='word_1_398' title='bbox 563 1304 627 1327; x_wconf 87' lang='lat' dir='ltr'>Bon.</span> <span class='ocrx_word' id='word_1_399' title='bbox 644 1312 677 1327; x_wconf 83' lang='lat' dir='ltr'>xx</span> <span class='ocrx_word' id='word_1_400' title='bbox 691 1304 739 1327; x_wconf 87' lang='lat' dir='ltr'>sol.</span> <span class='ocrx_word' id='word_1_401' title='bbox 758 1304 786 1327; x_wconf 85' lang='lat' dir='ltr'>ln</span> <span class='ocrx_word' id='word_1_402' title='bbox 799 1303 931 1327; x_wconf 80' lang='lat' dir='ltr'>taxatione</span> <span class='ocrx_word' id='word_1_403' title='bbox 946 1303 1030 1327; x_wconf 81' lang='lat' dir='ltr'>Paris.</span> <span class='ocrx_word' id='word_1_404' title='bbox 1047 1311 1089 1327; x_wconf 80' lang='lat' dir='ltr'>an.</span> <span class='ocrx_word' id='word_1_405' title='bbox 1107 1303 1168 1327; x_wconf 85' lang='lat'>1303</span> <span class='ocrx_word' id='word_1_406' title='bbox 1185 1312 1196 1327; x_wconf 76' lang='grc' dir='ltr'>α</span> <span class='ocrx_word' id='word_1_407' title='bbox 1213 1303 1328 1336; x_wconf 83' lang='lat' dir='ltr'>Copiosa</span> <span class='ocrx_word' id='word_1_408' title='bbox 1343 1312 1366 1332; x_wconf 82' lang='lat'>»,</span> <span class='ocrx_word' id='word_1_409' title='bbox 1382 1303 1451 1328; x_wconf 83' lang='lat' dir='ltr'>sicut</span> <span class='ocrx_word' id='word_1_410' title='bbox 1465 1303 1599 1328; x_wconf 80' lang='lat' dir='ltr'>Bononiae</span> <span class='ocrx_word' id='word_1_411' title='bbox 1612 1304 1730 1333; x_wconf 89' lang='lat' dir='ltr'>Summa,</span> <span class='ocrx_word' id='word_1_412' title='bbox 1745 1303 1865 1336; x_wconf 87' lang='lat' dir='ltr'>proxime</span> <span class='ocrx_word' id='word_1_413' title='bbox 1880 1304 2000 1336; x_wconf 82' lang='lat' dir='ltr'>sequitur</span> <span class='ocrx_word' id='word_1_414' title='bbox 2013 1304 2153 1329; x_wconf 83' lang='lat' dir='ltr'>Lecturam</span> <span class='ocrx_word' id='word_1_415' title='bbox 2164 1303 2323 1328; x_wconf 71' lang='lat' dir='ltr'>Hostiensie.</span> 
     </span>
     <span class='ocr_line' id='line_1_21' title="bbox 445 1347 2323 1381; baseline 0.001 -10"><span class='ocrx_word' id='word_1_416' title='bbox 445 1362 475 1365; x_wconf 84' lang='lat'>—-</span> <span class='ocrx_word' id='word_1_417' title='bbox 490 1349 528 1372; x_wconf 88' lang='lat'>47.</span> <span class='ocrx_word' id='word_1_418' title='bbox 547 1348 612 1372; x_wconf 90' lang='lat' dir='ltr'>Bon.</span> <span class='ocrx_word' id='word_1_419' title='bbox 628 1349 636 1371; x_wconf 91' lang='lat' dir='ltr'>l</span> <span class='ocrx_word' id='word_1_420' title='bbox 653 1349 700 1371; x_wconf 90' lang='lat' dir='ltr'>sol.</span> <span class='ocrx_word' id='word_1_421' title='bbox 717 1362 748 1366; x_wconf 76' lang='lat'>-—</span> <span class='ocrx_word' id='word_1_422' title='bbox 762 1349 800 1371; x_wconf 88' lang='lat'>48.</span> <span class='ocrx_word' id='word_1_423' title='bbox 817 1348 873 1372; x_wconf 86' lang='lat' dir='ltr'>Non</span> <span class='ocrx_word' id='word_1_424' title='bbox 889 1347 1045 1376; x_wconf 77' lang='lat' dir='ltr'>Hostiensis,</span> <span class='ocrx_word' id='word_1_425' title='bbox 1063 1348 1108 1371; x_wconf 87' lang='lat' dir='ltr'>sed</span> <span class='ocrx_word' id='word_1_426' title='bbox 1122 1347 1283 1380; x_wconf 80' lang='lat' dir='ltr'>praeprimis</span> <span class='ocrx_word' id='word_1_427' title='bbox 1298 1348 1428 1372; x_wconf 83' lang='lat' dir='ltr'>Bernardi</span> <span class='ocrx_word' id='word_1_428' title='bbox 1443 1348 1651 1380; x_wconf 84' lang='lat' dir='ltr'>Compostellani</span> <span class='ocrx_word' id='word_1_429' title='bbox 1667 1349 1793 1379; x_wconf 83' lang='lat' dir='ltr'>(Schulte,</span> <span class='ocrx_word' id='word_1_430' title='bbox 1808 1349 1826 1373; x_wconf 75' lang='lat' dir='ltr'>l.</span> <span class='ocrx_word' id='word_1_431' title='bbox 1843 1357 1875 1378; x_wconf 90' lang='lat' dir='ltr'>c.,</span> <span class='ocrx_word' id='word_1_432' title='bbox 1894 1357 1922 1381; x_wconf 92' lang='lat' dir='ltr'>p.</span> <span class='ocrx_word' id='word_1_433' title='bbox 1938 1349 2004 1380; x_wconf 81' lang='lat'>118),</span> <span class='ocrx_word' id='word_1_434' title='bbox 2019 1357 2086 1381; x_wconf 80' lang='lat' dir='ltr'>quae</span> <span class='ocrx_word' id='word_1_435' title='bbox 2100 1348 2128 1373; x_wconf 88' lang='lat' dir='ltr'>in</span> <span class='ocrx_word' id='word_1_436' title='bbox 2142 1349 2229 1373; x_wconf 76' lang='lat' dir='ltr'>rotulo</span> <span class='ocrx_word' id='word_1_437' title='bbox 2243 1348 2323 1373; x_wconf 71' lang='lat' dir='ltr'>otiam</span> 
     </span>
     <span class='ocr_line' id='line_1_22' title="bbox 446 1392 2321 1426; baseline 0.001 -10"><span class='ocrx_word' id='word_1_438' title='bbox 446 1396 525 1426; x_wconf 75' lang='lat' dir='ltr'>taxat.</span> <span class='ocrx_word' id='word_1_439' title='bbox 541 1393 640 1416; x_wconf 90' lang='lat' dir='ltr'>Bonon.</span> <span class='ocrx_word' id='word_1_440' title='bbox 657 1392 691 1424; x_wconf 84' lang='lat' dir='ltr'>xij</span> <span class='ocrx_word' id='word_1_441' title='bbox 707 1393 765 1416; x_wconf 86' lang='lat' dir='ltr'>den.</span> <span class='ocrx_word' id='word_1_442' title='bbox 782 1393 861 1416; x_wconf 87' lang='lat' dir='ltr'>venit.</span> <span class='ocrx_word' id='word_1_443' title='bbox 877 1407 908 1411; x_wconf 98' lang='lat'><strong>—</strong></span> <span class='ocrx_word' id='word_1_444' title='bbox 920 1394 959 1416; x_wconf 84' lang='lat'>49.</span> <span class='ocrx_word' id='word_1_445' title='bbox 979 1393 998 1416; x_wconf 90' lang='lat' dir='ltr'>l.</span> <span class='ocrx_word' id='word_1_446' title='bbox 1013 1401 1035 1416; x_wconf 85' lang='lat' dir='ltr'>e.</span> <span class='ocrx_word' id='word_1_447' title='bbox 1051 1392 1154 1424; x_wconf 84' lang='lat' dir='ltr'>Digesti</span> <span class='ocrx_word' id='word_1_448' title='bbox 1173 1393 1280 1418; x_wconf 83' lang='lat' dir='ltr'>veteris.</span> <span class='ocrx_word' id='word_1_449' title='bbox 1303 1393 1368 1417; x_wconf 89' lang='lat' dir='ltr'>Bon.</span> <span class='ocrx_word' id='word_1_450' title='bbox 1385 1393 1430 1425; x_wconf 87' lang='lat' dir='ltr'>viij</span> <span class='ocrx_word' id='word_1_451' title='bbox 1447 1393 1495 1416; x_wconf 91' lang='lat' dir='ltr'>sol.</span> <span class='ocrx_word' id='word_1_452' title='bbox 1512 1407 1544 1411; x_wconf 96' lang='lat'><strong>—</strong></span> <span class='ocrx_word' id='word_1_453' title='bbox 1560 1395 1598 1417; x_wconf 91' lang='lat'>50.</span> <span class='ocrx_word' id='word_1_454' title='bbox 1615 1393 1635 1417; x_wconf 94' lang='lat' dir='ltr'>I.</span> <span class='ocrx_word' id='word_1_455' title='bbox 1651 1401 1673 1417; x_wconf 85' lang='lat' dir='ltr'>e.</span> <span class='ocrx_word' id='word_1_456' title='bbox 1690 1393 1786 1418; x_wconf 84' lang='lat' dir='ltr'>Glossa</span> <span class='ocrx_word' id='word_1_457' title='bbox 1807 1393 1952 1423; x_wconf 77' lang='lat' dir='ltr'>ordinaria,</span> <span class='ocrx_word' id='word_1_458' title='bbox 1972 1393 2041 1417; x_wconf 86' lang='lat' dir='ltr'>sicut</span> <span class='ocrx_word' id='word_1_459' title='bbox 2059 1393 2127 1417; x_wconf 86' lang='lat' dir='ltr'>etin</span> <span class='ocrx_word' id='word_1_460' title='bbox 2141 1393 2321 1426; x_wconf 75' lang='lat' dir='ltr'>sequentibus.</span> 
     </span>
     <span class='ocr_line' id='line_1_23' title="bbox 446 1437 2322 1471; baseline 0.001 -11"><span class='ocrx_word' id='word_1_461' title='bbox 446 1437 509 1460; x_wconf 87' lang='lat' dir='ltr'>Bon.</span> <span class='ocrx_word' id='word_1_462' title='bbox 526 1437 577 1469; x_wconf 84' lang='lat' dir='ltr'>xvij</span> <span class='ocrx_word' id='word_1_463' title='bbox 594 1437 642 1460; x_wconf 82' lang='lat' dir='ltr'>sol.</span> <span class='ocrx_word' id='word_1_464' title='bbox 657 1451 689 1455; x_wconf 89' lang='lat'>—</span> <span class='ocrx_word' id='word_1_465' title='bbox 705 1438 744 1461; x_wconf 87' lang='lat'>51.</span> <span class='ocrx_word' id='word_1_466' title='bbox 764 1437 864 1469; x_wconf 86' lang='lat' dir='ltr'>Digesti</span> <span class='ocrx_word' id='word_1_467' title='bbox 886 1437 956 1462; x_wconf 83' lang='lat' dir='ltr'>novi.</span> <span class='ocrx_word' id='word_1_468' title='bbox 972 1437 1036 1461; x_wconf 87' lang='lat' dir='ltr'>Bon.</span> <span class='ocrx_word' id='word_1_469' title='bbox 1053 1437 1088 1469; x_wconf 83' lang='lat' dir='ltr'>vij</span> <span class='ocrx_word' id='word_1_470' title='bbox 1107 1437 1156 1461; x_wconf 80' lang='lat' dir='ltr'>sol.</span> <span class='ocrx_word' id='word_1_471' title='bbox 1174 1451 1207 1455; x_wconf 92' lang='lat'>—</span> <span class='ocrx_word' id='word_1_472' title='bbox 1221 1438 1260 1461; x_wconf 83' lang='lat'>52.</span> <span class='ocrx_word' id='word_1_473' title='bbox 1276 1437 1340 1461; x_wconf 88' lang='lat' dir='ltr'>Bon.</span> <span class='ocrx_word' id='word_1_474' title='bbox 1355 1437 1398 1470; x_wconf 83' lang='lat' dir='ltr'>xvj</span> <span class='ocrx_word' id='word_1_475' title='bbox 1413 1438 1463 1462; x_wconf 86' lang='lat' dir='ltr'>sol.</span> <span class='ocrx_word' id='word_1_476' title='bbox 1479 1451 1510 1456; x_wconf 86' lang='lat'>—-</span> <span class='ocrx_word' id='word_1_477' title='bbox 1525 1439 1564 1462; x_wconf 86' lang='lat'>53.</span> <span class='ocrx_word' id='word_1_478' title='bbox 1583 1438 1648 1461; x_wconf 89' lang='lat' dir='ltr'>Bon.</span> <span class='ocrx_word' id='word_1_479' title='bbox 1665 1446 1671 1461; x_wconf 81' lang='lat' dir='ltr'>z</span> <span class='ocrx_word' id='word_1_480' title='bbox 1690 1447 1702 1461; x_wconf 82' lang='lat'><strong><em>«</em></strong></span> <span class='ocrx_word' id='word_1_481' title='bbox 1718 1438 1814 1462; x_wconf 84' lang='lat' dir='ltr'>Textus</span> <span class='ocrx_word' id='word_1_482' title='bbox 1830 1437 1966 1462; x_wconf 78' lang='lat' dir='ltr'>Insorciati</span> <span class='ocrx_word' id='word_1_483' title='bbox 1980 1446 2041 1462; x_wconf 89' lang='lat' dir='ltr'>cum</span> <span class='ocrx_word' id='word_1_484' title='bbox 2053 1437 2141 1462; x_wconf 85' lang='lat' dir='ltr'>tribus</span> <span class='ocrx_word' id='word_1_485' title='bbox 2155 1437 2278 1471; x_wconf 75' lang='lat' dir='ltr'>part-ibn·</span> <span class='ocrx_word' id='word_1_486' title='bbox 2294 1455 2322 1462; x_wconf 78' lang='lat'>..-</span> 
     </span>
     <span class='ocr_line' id='line_1_24' title="bbox 446 1481 2323 1515; baseline 0.002 -11"><span class='ocrx_word' id='word_1_487' title='bbox 446 1481 497 1513; x_wconf 73' lang='lat' dir='ltr'>xvij</span> <span class='ocrx_word' id='word_1_488' title='bbox 518 1482 566 1505; x_wconf 86' lang='lat' dir='ltr'>sol.</span> <span class='ocrx_word' id='word_1_489' title='bbox 584 1490 596 1504; x_wconf 86' lang='lat'>»</span> <span class='ocrx_word' id='word_1_490' title='bbox 615 1496 647 1499; x_wconf 97' lang='lat'><strong>—</strong></span> <span class='ocrx_word' id='word_1_491' title='bbox 661 1482 698 1505; x_wconf 81' lang='lat'>54.</span> <span class='ocrx_word' id='word_1_492' title='bbox 723 1482 787 1505; x_wconf 90' lang='lat' dir='ltr'>Bon.</span> <span class='ocrx_word' id='word_1_493' title='bbox 810 1491 843 1505; x_wconf 88' lang='lat' dir='ltr'>xv</span> <span class='ocrx_word' id='word_1_494' title='bbox 858 1482 907 1506; x_wconf 82' lang='lat' dir='ltr'>sol.</span> <span class='ocrx_word' id='word_1_495' title='bbox 922 1496 954 1499; x_wconf 96' lang='lat'><strong>—</strong></span> <span class='ocrx_word' id='word_1_496' title='bbox 969 1484 1006 1506; x_wconf 83' lang='lat'>55.</span> <span class='ocrx_word' id='word_1_497' title='bbox 1023 1482 1154 1507; x_wconf 74' lang='lat' dir='ltr'>Parvum</span> <span class='ocrx_word' id='word_1_498' title='bbox 1169 1482 1302 1507; x_wconf 80' lang='lat' dir='ltr'>volumen</span> <span class='ocrx_word' id='word_1_499' title='bbox 1320 1490 1367 1506; x_wconf 83' lang='lat' dir='ltr'>seu</span> <span class='ocrx_word' id='word_1_500' title='bbox 1394 1482 1533 1507; x_wconf 73' lang='lat' dir='ltr'>Velamen</span> <span class='ocrx_word' id='word_1_501' title='bbox 1551 1482 1697 1507; x_wconf 75' lang='lat' dir='ltr'>vocabatur</span> <span class='ocrx_word' id='word_1_502' title='bbox 1715 1482 1824 1515; x_wconf 77' lang='lat' dir='ltr'>quintus</span> <span class='ocrx_word' id='word_1_503' title='bbox 1842 1482 1911 1507; x_wconf 86' lang='lat' dir='ltr'>liber</span> <span class='ocrx_word' id='word_1_504' title='bbox 1933 1483 2066 1514; x_wconf 67' lang='lat' dir='ltr'>Corporis</span> <span class='ocrx_word' id='word_1_505' title='bbox 2078 1483 2168 1512; x_wconf 71' lang='lat' dir='ltr'>Iuris,</span> <span class='ocrx_word' id='word_1_506' title='bbox 2186 1482 2323 1507; x_wconf 80' lang='lat' dir='ltr'>continens</span> 
     </span>
    </p>
   </div>
   <div class='ocr_carea' id='block_1_3' title="bbox 447 1526 2324 1603">
    <p class='ocr_par' dir='ltr' id='par_1_3' title="bbox 447 1526 2324 1603">
     <span class='ocr_line' id='line_1_25' title="bbox 447 1526 2324 1560; baseline 0.002 -10"><span class='ocrx_word' id='word_1_507' title='bbox 447 1526 595 1555; x_wconf 79' lang='lat' dir='ltr'>Instituta,</span> <span class='ocrx_word' id='word_1_508' title='bbox 615 1528 760 1555; x_wconf 64' lang='lat' dir='ltr'>Authent„</span> <span class='ocrx_word' id='word_1_509' title='bbox 781 1527 851 1552; x_wconf 78' lang='lat' dir='ltr'>Usus</span> <span class='ocrx_word' id='word_1_510' title='bbox 869 1528 945 1557; x_wconf 79' lang='lat' dir='ltr'>seud.</span> <span class='ocrx_word' id='word_1_511' title='bbox 966 1530 991 1550; x_wconf 85' lang='lat' dir='ltr'>et</span> <span class='ocrx_word' id='word_1_512' title='bbox 1010 1530 1064 1550; x_wconf 82' lang='lat' dir='ltr'>tres</span> <span class='ocrx_word' id='word_1_513' title='bbox 1086 1526 1194 1550; x_wconf 83' lang='lat' dir='ltr'>ultimos</span> <span class='ocrx_word' id='word_1_514' title='bbox 1218 1526 1303 1550; x_wconf 83' lang='lat' dir='ltr'>libros</span> <span class='ocrx_word' id='word_1_515' title='bbox 1320 1526 1433 1552; x_wconf 77' lang='lat' dir='ltr'>Codicis.</span> <span class='ocrx_word' id='word_1_516' title='bbox 1448 1541 1480 1545; x_wconf 94' lang='lat'><strong>—</strong></span> <span class='ocrx_word' id='word_1_517' title='bbox 1495 1528 1534 1551; x_wconf 81' lang='grc'>56.</span> <span class='ocrx_word' id='word_1_518' title='bbox 1549 1527 1683 1551; x_wconf 80' lang='lat' dir='ltr'>Bononiae</span> <span class='ocrx_word' id='word_1_519' title='bbox 1704 1528 1855 1560; x_wconf 76' lang='lat' dir='ltr'>Apparatus</span> <span class='ocrx_word' id='word_1_520' title='bbox 1870 1528 1904 1552; x_wconf 85' lang='lat' dir='ltr'>ad</span> <span class='ocrx_word' id='word_1_521' title='bbox 1924 1527 2044 1559; x_wconf 76' lang='lat' dir='ltr'>singulos</span> <span class='ocrx_word' id='word_1_522' title='bbox 2059 1527 2143 1552; x_wconf 81' lang='lat' dir='ltr'>libros</span> <span class='ocrx_word' id='word_1_523' title='bbox 2165 1527 2324 1554; x_wconf 62' lang='lat' dir='ltr'>Volumimzs</span> 
     </span>
     <span class='ocr_line' id='line_1_26' title="bbox 447 1571 1215 1603; baseline 0.001 -9"><span class='ocrx_word' id='word_1_524' title='bbox 447 1573 613 1594; x_wconf 80' lang='lat' dir='ltr'>annotantur.</span> <span class='ocrx_word' id='word_1_525' title='bbox 632 1585 659 1589; x_wconf 91' lang='lat'>—</span> <span class='ocrx_word' id='word_1_526' title='bbox 675 1572 712 1594; x_wconf 91' lang='lat'>57.</span> <span class='ocrx_word' id='word_1_527' title='bbox 726 1571 790 1594; x_wconf 89' lang='lat' dir='ltr'>Bon.</span> <span class='ocrx_word' id='word_1_528' title='bbox 804 1571 856 1603; x_wconf 87' lang='lat' dir='ltr'>xvij</span> <span class='ocrx_word' id='word_1_529' title='bbox 873 1572 921 1595; x_wconf 82' lang='lat' dir='ltr'>sol.</span> <span class='ocrx_word' id='word_1_530' title='bbox 936 1585 968 1589; x_wconf 97' lang='lat'><strong>—</strong></span> <span class='ocrx_word' id='word_1_531' title='bbox 983 1572 1021 1595; x_wconf 86' lang='grc'>58.</span> <span class='ocrx_word' id='word_1_532' title='bbox 1037 1571 1102 1595; x_wconf 90' lang='lat' dir='ltr'>Bon.</span> <span class='ocrx_word' id='word_1_533' title='bbox 1117 1579 1151 1595; x_wconf 82' lang='lat' dir='ltr'>xv</span> <span class='ocrx_word' id='word_1_534' title='bbox 1166 1571 1215 1595; x_wconf 88' lang='lat' dir='ltr'>sol.</span> 
     </span>
    </p>
   </div>
   <div class='ocr_carea' id='block_1_4' title="bbox 580 3030 618 3052">
    <p class='ocr_par' dir='ltr' id='par_1_4' title="bbox 580 3030 618 3052">
     <span class='ocr_line' id='line_1_27' title="bbox 580 3030 618 3052; baseline 0.053 -2"><span class='ocrx_word' id='word_1_535' title='bbox 580 3030 618 3052; x_wconf 70' lang='lat'>82.</span> 
     </span>
    </p>
   </div>
   <div class='ocr_carea' id='block_1_5' title="bbox 2543 0 2580 3528">
    <p class='ocr_par' dir='ltr' id='par_1_5' title="bbox 2543 0 2580 3528">
     <span class='ocr_line' id='line_1_28' title="bbox 2543 0 2580 3528; baseline 0 0"><span class='ocrx_word' id='word_1_536' title='bbox 2543 0 2580 3528; x_wconf 95' lang='lat' dir='ltr'> </span> 
     </span>
    </p>
   </div>
  </div>
 </body>
</html>
