2580 3528
252 417 353 458 1274]
594 427 641 449 An
674 427 781 450 Auno
814 427 892 450 uec
926 426 1059 456 USQUE
1092 427 1142 449 Ao
1177 427 1408 450 PRHAI’PUM
1443 428 1484 450 iv
1518 428 1607 450 nno.
1644 429 1782 451 rame.
2059 421 2124 453 515

253 500 372 526 Parisios
387 509 410 525 1.
435 501 465 525 ln
487 500 558 525 Bibl.
582 501 704 525 Univers.
729 501 872 533 Erlnngen.
896 509 946 524 ms.
966 502 1022 529 4612,
1042 501 1087 525 fol.
1108 500 1166 529 ³0¹³,
1187 491 1284 524 dicitur
1304 508 1310 524 ι
1332 510 1344 524 u
1365 501 1540 532 Gregorius...
1561 501 1705 525 venerabili
1726 502 1801 526 fratri
1817 502 1941 534 episcopo
1958 507 1984 526 et
1999 504 2044 528 dil.
2062 504 2124 527 filiis

253 545 384 570 univer-i·
397 545 534 577 magistris
549 545 633 570 Poris.
651 554 672 574 r,
687 549 746 576 etc„
762 545 831 569 sicut
844 545 947 570 linei-ae
961 545 1080 578 ejusdem
1094 545 1228 578 pontificis
1245 553 1294 578 pro
1310 545 1433 570 Univers.
1452 546 1577 569 Padunna
1592 546 1618 569 in
1633 546 1767 578 aliquibus
1788 555 1851 570 mss.
1876 547 2018 579 inscriptae
2039 552 2100 571 sunt
2116 557 2121 571 ·.

251 598 264 614 ι
284 589 336 614 G...
357 589 502 614 venerabili
522 589 598 614 tratri
616 590 742 622 episcopo
761 593 787 614 et
804 590 851 614 dil.
867 590 930 614 filiis
948 590 1079 614 universis
1094 590 1246 614 doctoribus
1261 593 1288 613 et
1301 590 1450 614 scolaribus
1465 590 1597 614 paduanis
1619 599 1639 614 n.
1660 590 1728 614 Bibl.
1750 591 1864 618 Posonii,
1886 599 1935 614 ms.
1952 592 1990 619 13,
2007 593 2051 615 fol.
2069 594 2122 615 254.

250 634 354 666 Campi.
364 634 436 667 Hm,
448 634 513 660 occl-
528 635 560 659 di
575 634 727 662 Piacenza,
744 635 778 663 ll,
793 635 848 658 458.
865 635 894 659 ln
909 634 969 658 aliis
984 643 1060 663 mss„
1074 643 1101 659 v.
1116 643 1142 666 g.
1159 635 1185 658 in
1199 634 1268 659 Bibl.
1284 635 1405 659 Remensi
1420 643 1469 658 ms.
1486 634 1596 667 540l534‚
1614 635 1658 660 sol.
1673 636 1727 663 309,
1744 635 1842 667 legitur
1859 644 1864 658 1
1881 644 1892 658 a
1907 635 2006 667 Greg...
2023 636 2069 659 dil.
2086 637 2123 660 fil.

251 678 424 704 Universitoti
438 687 510 711 mog.
525 682 552 703 et
567 679 632 703 scol.
648 679 764 703 Bononie
780 688 802 707 n,
818 684 869 704 etc.
883 679 1089 703 Constitutiones
1104 679 1226 711 Gregorii
1238 679 1324 703 editae
1339 679 1509 703 inveniuntur
1523 679 1589 711 (sine
1602 679 1725 711 epistola)
1740 680 1811 711 apud
1824 679 1918 707 Mansi,
1937 680 2004 704 coll.
2020 681 2122 705 concil.

249 723 338 753 xxw,
351 724 391 748 90.
408 724 483 756 Apud
495 723 633 753 Boebmer,
650 724 804 756 θυηλὴν.
820 731 895 753 can„
909 725 942 753 11,
958 725 1025 757 App.
1041 733 1068 756 p.
1085 725 1131 748 369
1144 727 1247 748 exstant
1261 724 1394 748 variantes
1410 724 1534 748 lectiones
1547 725 1580 748 nd
1597 724 1735 753 Harduin..
1752 725 1820 750 coll.
1837 725 1949 753 Concil„
1966 725 2021 753 VH,
2038 726 2091 748 705.

344 807 366 831 1.
385 808 452 832 Nota
473 808 600 840 temporis
621 808 744 840 apposita
758 812 798 833 est
812 808 910 841 ubique
924 809 952 833 in
966 809 1017 832 fine
1032 808 1263 837 Constitutionum,
1279 808 1348 833 sicut.
1365 812 1391 833 et
1405 809 1432 832 in
1446 809 1509 841 Reg.
1526 809 1583 832 Vnt..
1600 808 1722 840 Gregorii
1743 809 1762 832 Χ
1777 817 1819 832 an.
1836 810 1860 839 3,
1876 817 1916 840 ep.
1936 810 1990 838 204,
2007 809 2052 832 rol.
2069 810 2124 837 209,

249 852 296 876 nbi
313 852 357 876 tol.
366 853 412 876 M
422 852 660 876 constitutionibus
675 861 787 885 sequens
802 853 915 885 epistola
927 853 1062 886 praecedit.
1072 861 1078 877 t
1095 863 1108 875 α
1117 853 1254 877 Universis
1265 853 1363 877 Christi
1379 853 1501 877 fidelibus
1514 857 1650 885 presentes
1660 853 1762 877 litteras
1774 853 1933 885 inspecturis
1944 854 2124 881 salutemet&

251 897 439 929 infrascriptos
459 897 665 922 constitutiones
689 906 774 930 nuper
797 898 823 922 in
847 898 964 930 generali
983 898 1100 922 Concilio
1119 898 1289 930 Lugdunensi
1303 901 1329 922 et
1343 901 1405 930 post
1423 906 1504 930 super
1524 898 1603 922 certis
1622 898 1742 922 articulis
1761 898 1884 922 duximus
1905 898 2123 930 promulgandas,

250 941 347 973 quibus
362 941 478 966 universi
494 942 532 966 uti
549 942 670 966 volumus
682 946 708 966 et
720 943 877 967 mandamus
890 943 917 967 in
929 942 1037 975 judiciis
1050 946 1076 966 et
1087 942 1113 966 in
1127 942 1216 970 scolis,
1230 942 1355 974 ipsosque
1366 942 1415 966 sub
1426 943 1482 966 suis
1493 943 1577 966 titulis
1591 942 1680 970 inseri,
1694 946 1774 974 prout.
1786 943 1943 974 exprimitur
1955 951 2036 974 super
2050 942 2088 966 eis
2102 951 2124 966 u.

249 1121 364 1160 450.
389 1131 549 1167 Gausridus
568 1132 604 1158 de
625 1133 715 1159 Bar-ro
735 1135 831 1159 notum
849 1133 925 1167 facit
944 1141 976 1159 se
998 1132 1072 1159 bona
1094 1133 1190 1159 omnia
1215 1141 1335 1168 qaorum
1356 1132 1438 1158 lueres
1460 1141 1479 1158 a
1503 1132 1595 1158 bonae
1614 1132 1768 1158 memoriae
1792 1131 1914 1158 Roberto
1936 1131 1972 1158 de
1995 1131 2125 1158 Sorbona

340 1181 512 1207 constitutus
526 1183 633 1216 suerat,
651 1181 866 1216 congregationi
876 1190 1037 1218 pauperum
1053 1181 1228 1208 scholarium
1243 1181 1370 1217 ejusdem
1386 1181 1504 1208 noberta·
1518 1181 1636 1208 donare.

1342 1279 1418 1310 1274,
1433 1287 1522 1306 mense
1537 1279 1672 1309 novembri.
1687 1278 1707 1314 [
1707 1279 1814 1306 Parisiis
1814 1279 1839 1314 J.

341 1353 534 1387 Universis
561 1360 752 1399 presentes
778 1353 917 1387 litteras
942 1353 1163 1399 inspecturis
1192 1354 1366 1399 magister
1392 1346 1591 1388 Gaufridus
1617 1354 1661 1387 de
1688 1355 1812 1394 Barro,
1842 1353 2001 1387 decanus
2029 1353 2128 1386 Pari-

252 1418 400 1462 siensis,
422 1426 582 1454 eternam
604 1420 642 1454 in
662 1420 818 1454 Domino
844 1420 1010 1454 salutem.
1038 1421 1220 1454 Noveritis
1246 1421 1343 1466 quod
1370 1433 1437 1454 nos
1463 1421 1582 1454 omnia
1608 1420 1702 1454 bona
1728 1432 1882 1466 quorum
1904 1421 1959 1454 vir
1977 1432 2128 1454 venera-

252 1485 338 1520 bilis
358 1486 455 1520 bone
475 1487 650 1521 memorie
676 1487 851 1533 magister
876 1487 1057 1521 Robertus
1082 1487 1128 1520 de
1156 1487 1338 1521 Surbonio
1359 1488 1445 1531 (sic),
1469 1487 1650 1533 quondam
1675 1488 1873 1521 canonicus
1895 1487 2127 1527 Parisiensis,

253 1565 358 1587 suum
391 1553 582 1588 constituit
619 1565 687 1587 nos
725 1553 936 1596 heredem¹‚
976 1554 1120 1600 pietatis
1160 1554 1293 1588 intuitu
1332 1554 1368 1587 in
1407 1566 1532 1600 puram
1572 1560 1608 1587 et
1642 1561 1851 1600 perpetuam
1891 1553 2127 1587 elemosinam

253 1620 431 1654 donamus
452 1620 648 1654 donatione
669 1621 764 1655 inter
783 1621 888 1655 vivos
907 1621 1186 1667 congregationi
1207 1633 1405 1667 pauperum
1427 1621 1684 1666 magistrorum
1706 1633 1771 1654 seu
1793 1621 1885 1666 ipsis
1906 1620 2129 1666 pauperihus

252 1687 445 1733 magistris
459 1687 620 1722 Parisios
641 1687 678 1720 in
699 1687 905 1734 theologica
925 1687 1093 1722 facultate
1109 1687 1355 1729 studentibus,
1379 1699 1532 1733 quorum
1551 1688 1612 1721 diu
1630 1688 1799 1733 provisor
1820 1687 1936 1721 extitit
1957 1687 2131 1733 magister

252 1754 471 1792 antedictus,
493 1766 537 1788 ex
557 1766 655 1788 nunc
675 1754 876 1788 dominium
898 1761 934 1788 et
958 1755 1214 1800 proprietatem
1241 1755 1420 1788 dictorum
1446 1754 1625 1787 bonorum
1647 1766 1728 1788 cum
1750 1766 1875 1787 eorum
1898 1754 2129 1800 pertinentiis

253 1831 318 1854 seu
339 1820 562 1866 appenditiis
582 1832 664 1854 cum
685 1821 784 1854 omni
805 1822 890 1867 jure
910 1821 1008 1867 quod
1029 1821 1066 1854 in
1086 1821 1276 1867 premissis
1297 1820 1468 1854 omnihus
1489 1828 1525 1854 et
1545 1821 1703 1866 singulis
1724 1821 1968 1866 qualicunque
1990 1821 2129 1854 ratione

252 1886 428 1922 habemus
449 1899 515 1921 seu
541 1887 676 1922 habere
703 1899 914 1934 possumus,
942 1888 979 1922 in
1007 1888 1109 1934 ipsos
1133 1899 1313 1934 pauperes
1338 1888 1533 1934 magistros
1558 1888 1812 1921 transferendo
1834 1887 1898 1921 hac
1919 1887 2129 1921 conditione

250 1953 428 2000 apposita.
456 1954 554 2000 quod
580 1954 668 1988 dicti
692 1955 857 2001 magistri
884 1961 920 1988 et
946 1967 1070 1988 eorum
1097 1955 1334 2001 congregatio
1361 1961 1397 1988 et
1421 1954 1590 2000 provisor
1609 1966 1735 1988 eorum
1758 1954 1905 1988 nomine
1927 1954 2022 1988 dicte
2041 1966 2129 1988 con-

254 2020 482 2066 gregationis
498 2027 534 2055 et
549 2021 713 2067 ipsorum
730 2021 987 2067 magistrorum
1009 2028 1045 2055 et
1060 2033 1126 2067 pro
1143 2021 1234 2067 ipsis
1256 2028 1447 2055 teneantur
1463 2021 1672 2055 satisfacere
1693 2020 1864 2055 omnibus
1884 2020 2130 2055 creditoribus

255 2085 341 2120 dicti
370 2087 536 2133 magistri
566 2088 607 2121 R.
639 2087 684 2122 de
715 2087 886 2122 omnibus
916 2087 1064 2129 debitis,
1091 2088 1127 2121 in
1158 2087 1292 2134 quibus
1322 2088 1441 2121 dictus
1471 2087 1646 2133 magister
1673 2089 1712 2121 R.
1746 2087 1937 2121 tenebatur
1967 2094 2129 2133 tempore

255 2153 384 2187 mortis
410 2165 476 2187 sue
502 2159 538 2188 et
563 2154 607 2188 ad
634 2155 754 2188 omnia
779 2166 903 2196 onera,
932 2155 969 2188 in
997 2154 1131 2201 quibus
1158 2161 1325 2188 tenemur
1351 2161 1387 2188 et
1411 2154 1527 2188 teneri
1553 2166 1750 2200 possumus
1771 2155 1963 2188 occasione
1985 2154 2129 2187 heredi-

255 2219 338 2253 tatis
358 2219 532 2266 predicte.
562 2221 602 2255 ln
629 2221 735 2266 cujus
762 2221 814 2255 rei
836 2222 1082 2256 testimonium
1110 2221 1272 2268 sigillum
1297 2227 1462 2255 nostrum
1489 2220 1723 2267 presentibus
1749 2221 1918 2254 duximus
1943 2232 2129 2266 apponen-

255 2285 353 2320 dum.
377 2287 505 2320 Datum
526 2298 621 2320 anno
642 2288 787 2321 Domini
808 2289 937 2323 M0CC⁰
957 2288 1228 2334 septuagesimo
1249 2294 1390 2333 quarto,
1413 2299 1539 2321 mense
1560 2287 1768 2320 Novembri.

347 2383 484 2415 Oraga-nte
509 2383 534 2408 in
557 2384 633 2408 Arcti.
656 2388 710 2409 nat.
733 2385 818 2409 Puris.
840 2385 868 2410 S.
889 2386 959 2414 ⁶21³,
982 2390 1012 2409 n⁰
1035 2386 1090 2410 1⁹⁰.
1112 2386 1190 2410 Deest
1211 2385 1340 2417 sigillum.
1354 2398 1386 2403 —
1402 2385 1510 2410 cartul.
1530 2386 1563 2409 de
1582 2384 1611 2409 la
1633 2385 1785 2412 Sorbonne,
1807 2385 1876 2409 nihl.
1899 2388 1952 2408 nat.
1969 2384 2063 2413 Puris„
2078 2393 2126 2408 nu.

254 2427 300 2454 Ιιι,
316 2428 403 2456 nom.
419 2428 463 2453 sol.
484 2430 508 2453 3.
525 2428 694 2458 nomer-eu..
710 2429 854 2455 sorbonae
866 2429 1001 2461 ονίρίηεε.
1018 2430 1093 2458 ibid..
1110 2438 1160 2454 mn.
1173 2430 1219 2454 lat.
1235 2430 1304 2458 54⁹3,
1321 2429 1366 2453 tol.
1383 2429 1453 2453 2³8⁸.
1471 2429 1602 2460 Dmmnge,
1623 2428 1741 2454 Histoire
1754 2430 1788 2453 de
1802 2429 1830 2454 S.
1852 2430 1953 2460 Louys.
1974 2429 2058 2454 ecrite
2070 2436 2129 2461 par

253 2473 326 2498 Jean
339 2473 396 2498 dre
408 2474 444 2497 de
457 2473 596 2502 Joae'nvueo,
613 2473 812 2502 observ-tium.
828 2482 855 2506 p.
871 2475 910 2498 37.
926 2474 1067 2507 D'Achery,
1082 2474 1189 2506 spicil„
1206 2475 1220 2498 2
1234 2474 1285 2502 ed„
1302 2474 1347 2502 111,
1363 2475 1419 2498 079.

348 2557 371 2581 1.
389 2557 455 2581 Vide
469 2565 552 2589 supr·
566 2562 596 2581 n⁰
609 2557 664 2582 4³¹.

252 2669 367 2708 451.
393 2679 546 2707 Ordinatio
569 2689 588 2707 a
608 2681 756 2716 magistris
775 2680 929 2716 facultatis
953 2680 1113 2708 medicinae
1131 2683 1214 2716 {acta
1237 2680 1274 2707 de
1295 2680 1442 2716 magistris
1463 2679 1676 2714 decedentibus,
1698 2679 1734 2706 de
1757 2678 1854 2715 sigillo
1875 2679 2029 2715 facultatis!
2049 2680 2127 2707 etde

342 2727 523 2756 lectionibus.
1632 2764 1668 2791 M
1691 2764 1762 2791 mn

343 2838 451 2874 Anno
486 2840 630 2874 Domini
665 2841 795 2876 M⁰CC⁰
829 2841 1099 2888 septuagesimo
1134 2846 1275 2887 quarte,
1310 2839 1484 2886 magistro
1517 2840 1548 2873 J.
1583 2838 1628 2873 de
1663 2838 1819 2872 Roseto¹
1856 2845 1939 2873 tunc
1974 2840 2123 2881 decano,

256 2905 420 2951 magistri
454 2906 716 2942 ordinaverunt
748 2907 784 2942 in
819 2907 915 2942 hunc
946 2908 1091 2942 modum
1122 2907 1220 2953 quod
1250 2907 1281 2940 si
1311 2906 1404 2940 forte
1432 2905 1614 2940 accideret
1643 2906 1855 2952 magistrum
1887 2906 2058 2939 recedere
2089 2906 2124 2939 in

257 2970 435 3007 medicina
462 2980 649 3020 regentem
675 2986 695 3009 a
721 2975 864 3009 civitate
892 2975 1088 3009 Parisiensi
1116 2973 1271 3008 habente
1299 2973 1525 3020 propositum
1551 2973 1761 3007 resumendi
1788 2972 1823 3005 in
1851 2972 2027 3006 medicina
2054 2972 2127 3006 lec-
