<?xml version="1.0" encoding="UTF-8"?>
<!DOCTYPE html PUBLIC "-//W3C//DTD XHTML 1.0 Transitional//EN"
    "http://www.w3.org/TR/xhtml1/DTD/xhtml1-transitional.dtd">
<html xmlns="http://www.w3.org/1999/xhtml" xml:lang="en" lang="en">
 <head>
  <title>
</title>
<meta http-equiv="Content-Type" content="text/html;charset=utf-8" />
  <meta name='ocr-system' content='tesseract 3.04.00' />
  <meta name='ocr-capabilities' content='ocr_page ocr_carea ocr_par ocr_line ocrx_word'/>
</head>
<body>
  <div class='ocr_page' id='page_1' title='image "./chartulariumuniv01univuoft_0399.png"; bbox 0 0 2580 3528; ppageno 0'>
   <div class='ocr_carea' id='block_1_1' title="bbox 260 421 2135 462">
    <p class='ocr_par' dir='ltr' id='par_1_1' title="bbox 260 421 2135 462">
     <span class='ocr_line' id='line_1_1' title="bbox 260 421 2135 462; baseline 0 -7"><span class='ocrx_word' id='word_1_1' title='bbox 260 421 358 462; x_wconf 88' lang='lat'><strong>1257]</strong></span> <span class='ocrx_word' id='word_1_2' title='bbox 602 431 648 452; x_wconf 73' lang='grc' dir='ltr'>ΑΒ</span> <span class='ocrx_word' id='word_1_3' title='bbox 682 430 788 452; x_wconf 59' lang='lat' dir='ltr'>imno</span> <span class='ocrx_word' id='word_1_4' title='bbox 822 430 900 452; x_wconf 73' lang='lat' dir='ltr'>uec</span> <span class='ocrx_word' id='word_1_5' title='bbox 935 429 1067 458; x_wconf 67' lang='lat' dir='ltr'>usqua</span> <span class='ocrx_word' id='word_1_6' title='bbox 1102 430 1150 452; x_wconf 74' lang='grc' dir='ltr'>Αι)</span> <span class='ocrx_word' id='word_1_7' title='bbox 1187 429 1415 452; x_wconf 68' lang='lat' dir='ltr'>ramerum</span> <span class='ocrx_word' id='word_1_8' title='bbox 1451 430 1491 451; x_wconf 89' lang='lat' dir='ltr'>1v</span> <span class='ocrx_word' id='word_1_9' title='bbox 1525 430 1613 452; x_wconf 67' lang='lat' dir='ltr'>nse.</span> <span class='ocrx_word' id='word_1_10' title='bbox 1651 431 1787 452; x_wconf 69' lang='lat' dir='ltr'>rmxc.</span> <span class='ocrx_word' id='word_1_11' title='bbox 2071 423 2135 455; x_wconf 82' lang='lat'>357</span> 
     </span>
    </p>
   </div>
   <div class='ocr_carea' id='block_1_2' title="bbox 254 503 2134 1552">
    <p class='ocr_par' dir='ltr' id='par_1_2' title="bbox 254 503 2134 1552">
     <span class='ocr_line' id='line_1_2' title="bbox 256 503 2134 550; baseline 0 -12"><span class='ocrx_word' id='word_1_12' title='bbox 256 504 338 538; x_wconf 90' lang='lat' dir='ltr'>aliis</span> <span class='ocrx_word' id='word_1_13' title='bbox 364 504 600 538; x_wconf 85' lang='lat' dir='ltr'>ecclesiarum</span> <span class='ocrx_word' id='word_1_14' title='bbox 631 503 793 550; x_wconf 89' lang='lat' dir='ltr'>prelatis,</span> <span class='ocrx_word' id='word_1_15' title='bbox 821 503 865 537; x_wconf 91' lang='lat' dir='ltr'>ad</span> <span class='ocrx_word' id='word_1_16' title='bbox 894 515 988 549; x_wconf 90' lang='lat' dir='ltr'>quos</span> <span class='ocrx_word' id='word_1_17' title='bbox 1013 503 1133 537; x_wconf 89' lang='lat' dir='ltr'>littere</span> <span class='ocrx_word' id='word_1_18' title='bbox 1157 503 1227 537; x_wconf 89' lang='lat' dir='ltr'>iste</span> <span class='ocrx_word' id='word_1_19' title='bbox 1254 503 1501 549; x_wconf 73' lang='lat' dir='ltr'>pervenerint,</span> <span class='ocrx_word' id='word_1_20' title='bbox 1529 503 1680 536; x_wconf 83' lang='lat' dir='ltr'>salutem</span> <span class='ocrx_word' id='word_1_21' title='bbox 1704 510 1737 536; x_wconf 82' lang='lat' dir='ltr'>et</span> <span class='ocrx_word' id='word_1_22' title='bbox 1763 504 1995 549; x_wconf 85' lang='lat' dir='ltr'>apostolicam</span> <span class='ocrx_word' id='word_1_23' title='bbox 2023 505 2134 538; x_wconf 86' lang='lat' dir='ltr'>bene-</span> 
     </span>
     <span class='ocr_line' id='line_1_3' title="bbox 258 569 2130 616; baseline -0.001 -11"><span class='ocrx_word' id='word_1_24' title='bbox 258 571 466 605; x_wconf 70' lang='lat' dir='ltr'><strong>dictionem.</strong></span> <span class='ocrx_word' id='word_1_25' title='bbox 502 571 660 606; x_wconf 87' lang='lat' dir='ltr'>Celestis</span> <span class='ocrx_word' id='word_1_26' title='bbox 693 570 755 604; x_wconf 94' lang='lat' dir='ltr'>ille</span> <span class='ocrx_word' id='word_1_27' title='bbox 792 570 952 616; x_wconf 86' lang='lat' dir='ltr'>agricola</span> <span class='ocrx_word' id='word_1_28' title='bbox 987 581 1152 603; x_wconf 89' lang='lat' dir='ltr'>summus</span> <span class='ocrx_word' id='word_1_29' title='bbox 1189 576 1289 603; x_wconf 88' lang='lat' dir='ltr'>actor</span> <span class='ocrx_word' id='word_1_30' title='bbox 1327 569 1412 603; x_wconf 83' lang='lat' dir='ltr'>fidei</span> <span class='ocrx_word' id='word_1_31' title='bbox 1452 570 1723 615; x_wconf 86' lang='lat' dir='ltr'>precipuusque</span> <span class='ocrx_word' id='word_1_32' title='bbox 1759 577 1953 615; x_wconf 81' lang='lat' dir='ltr'>protector,</span> <span class='ocrx_word' id='word_1_33' title='bbox 1990 583 2130 604; x_wconf 85' lang='lat' dir='ltr'>sacrum</span> 
     </span>
     <span class='ocr_line' id='line_1_4' title="bbox 257 622 2131 683; baseline -0.001 -11"><span class='ocrx_word' id='word_1_34' title='bbox 257 638 405 673; x_wconf 75' lang='lat' dir='ltr'><strong>fratrum</strong></span> <span class='ocrx_word' id='word_1_35' title='bbox 440 638 711 672; x_wconf 91' lang='lat' dir='ltr'>Predicatorum</span> <span class='ocrx_word' id='word_1_36' title='bbox 741 637 917 671; x_wconf 83' lang='lat' dir='ltr'><strong>Ordinem</strong></span> <span class='ocrx_word' id='word_1_37' title='bbox 949 637 1053 683; x_wconf 85' lang='lat' dir='ltr'>quasi</span> <span class='ocrx_word' id='word_1_38' title='bbox 1086 637 1226 683; x_wconf 86' lang='lat' dir='ltr'>lignum</span> <span class='ocrx_word' id='word_1_39' title='bbox 1261 637 1380 670; x_wconf 83' lang='lat' dir='ltr'>fertile</span> <span class='ocrx_word' id='word_1_40' title='bbox 1419 622 1575 670; x_wconf 78' lang='lat' dir='ltr'>inseruit</span> <span class='ocrx_word' id='word_1_41' title='bbox 1612 637 1649 669; x_wconf 94' lang='lat' dir='ltr'>in</span> <span class='ocrx_word' id='word_1_42' title='bbox 1688 636 1844 670; x_wconf 79' lang='lat' dir='ltr'>ecclesie</span> <span class='ocrx_word' id='word_1_43' title='bbox 1879 637 2060 682; x_wconf 87' lang='lat' dir='ltr'>paradiso,</span> <span class='ocrx_word' id='word_1_44' title='bbox 2098 645 2131 670; x_wconf 91' lang='lat' dir='ltr'>ut</span> 
     </span>
     <span class='ocr_line' id='line_1_5' title="bbox 256 703 2132 749; baseline -0.001 -10"><span class='ocrx_word' id='word_1_45' title='bbox 256 704 453 739; x_wconf 88' lang='lat' dir='ltr'>delectaret</span> <span class='ocrx_word' id='word_1_46' title='bbox 480 705 684 745; x_wconf 71' lang='lat' dir='ltr'>amenitate,</span> <span class='ocrx_word' id='word_1_47' title='bbox 717 704 880 738; x_wconf 88' lang='lat' dir='ltr'>ubertate</span> <span class='ocrx_word' id='word_1_48' title='bbox 910 704 1057 738; x_wconf 90' lang='lat' dir='ltr'>satiaret</span> <span class='ocrx_word' id='word_1_49' title='bbox 1086 711 1121 737; x_wconf 89' lang='lat' dir='ltr'>et</span> <span class='ocrx_word' id='word_1_50' title='bbox 1148 704 1330 737; x_wconf 90' lang='lat' dir='ltr'>fructuum</span> <span class='ocrx_word' id='word_1_51' title='bbox 1361 704 1536 737; x_wconf 83' lang='lat' dir='ltr'>suavitate</span> <span class='ocrx_word' id='word_1_52' title='bbox 1568 703 1754 737; x_wconf 77' lang='lat' dir='ltr'>mulceret.</span> <span class='ocrx_word' id='word_1_53' title='bbox 1788 705 1862 736; x_wconf 91' lang='lat' dir='ltr'>Hoc</span> <span class='ocrx_word' id='word_1_54' title='bbox 1893 704 2013 748; x_wconf 85' lang='lat' dir='ltr'>itaque</span> <span class='ocrx_word' id='word_1_55' title='bbox 2048 715 2132 749; x_wconf 87' lang='lat' dir='ltr'>spc-</span> 
     </span>
     <span class='ocr_line' id='line_1_6' title="bbox 256 769 2132 817; baseline -0.002 -11"><span class='ocrx_word' id='word_1_56' title='bbox 256 772 411 815; x_wconf 87' lang='lat' dir='ltr'>ciosum,</span> <span class='ocrx_word' id='word_1_57' title='bbox 445 771 640 806; x_wconf 90' lang='lat' dir='ltr'>fecundum</span> <span class='ocrx_word' id='word_1_58' title='bbox 673 778 708 805; x_wconf 91' lang='lat' dir='ltr'>et</span> <span class='ocrx_word' id='word_1_59' title='bbox 741 771 847 805; x_wconf 90' lang='lat' dir='ltr'>dulce</span> <span class='ocrx_word' id='word_1_60' title='bbox 876 771 1016 817; x_wconf 90' lang='lat' dir='ltr'>lignum</span> <span class='ocrx_word' id='word_1_61' title='bbox 1048 770 1164 804; x_wconf 88' lang='lat' dir='ltr'>imbre</span> <span class='ocrx_word' id='word_1_62' title='bbox 1198 783 1360 816; x_wconf 87' lang='lat' dir='ltr'>superno</span> <span class='ocrx_word' id='word_1_63' title='bbox 1394 770 1548 816; x_wconf 86' lang='lat' dir='ltr'>rigatum</span> <span class='ocrx_word' id='word_1_64' title='bbox 1586 769 1734 816; x_wconf 89' lang='lat' dir='ltr'>pulchra</span> <span class='ocrx_word' id='word_1_65' title='bbox 1765 770 1919 816; x_wconf 88' lang='lat' dir='ltr'>plurima</span> <span class='ocrx_word' id='word_1_66' title='bbox 1950 777 1983 803; x_wconf 90' lang='lat' dir='ltr'>et</span> <span class='ocrx_word' id='word_1_67' title='bbox 2015 770 2132 803; x_wconf 88' lang='lat' dir='ltr'>dulcia</span> 
     </span>
     <span class='ocr_line' id='line_1_7' title="bbox 257 836 2134 884; baseline -0.002 -12"><span class='ocrx_word' id='word_1_68' title='bbox 257 850 362 884; x_wconf 89' lang='lat' dir='ltr'>poma</span> <span class='ocrx_word' id='word_1_69' title='bbox 391 838 541 884; x_wconf 85' lang='lat' dir='ltr'>profert,</span> <span class='ocrx_word' id='word_1_70' title='bbox 572 850 726 884; x_wconf 90' lang='lat' dir='ltr'>quorum</span> <span class='ocrx_word' id='word_1_71' title='bbox 757 838 871 871; x_wconf 91' lang='lat' dir='ltr'>odore</span> <span class='ocrx_word' id='word_1_72' title='bbox 899 850 939 871; x_wconf 91' lang='lat' dir='ltr'>ac</span> <span class='ocrx_word' id='word_1_73' title='bbox 974 849 1104 883; x_wconf 88' lang='lat' dir='ltr'>sapore</span> <span class='ocrx_word' id='word_1_74' title='bbox 1133 838 1384 871; x_wconf 76' lang='lat' dir='ltr'>confortantur</span> <span class='ocrx_word' id='word_1_75' title='bbox 1413 844 1448 870; x_wconf 89' lang='lat' dir='ltr'>et</span> <span class='ocrx_word' id='word_1_76' title='bbox 1475 837 1736 871; x_wconf 88' lang='lat' dir='ltr'>convalescunt</span> <span class='ocrx_word' id='word_1_77' title='bbox 1765 836 1921 876; x_wconf 77' lang='lat' dir='ltr'>debiles,</span> <span class='ocrx_word' id='word_1_78' title='bbox 1951 837 2134 882; x_wconf 84' lang='lat' dir='ltr'>variisque</span> 
     </span>
     <span class='ocr_line' id='line_1_8' title="bbox 257 903 2134 951; baseline -0.002 -12"><span class='ocrx_word' id='word_1_79' title='bbox 257 905 395 939; x_wconf 82' lang='lat' dir='ltr'>detenti</span> <span class='ocrx_word' id='word_1_80' title='bbox 428 904 643 951; x_wconf 83' lang='lat' dir='ltr'>langoribus</span> <span class='ocrx_word' id='word_1_81' title='bbox 677 904 891 938; x_wconf 86' lang='lat' dir='ltr'>liberantur.</span> <span class='ocrx_word' id='word_1_82' title='bbox 928 905 968 937; x_wconf 88' lang='lat' dir='ltr'>ln</span> <span class='ocrx_word' id='word_1_83' title='bbox 1003 904 1072 938; x_wconf 87' lang='lat' dir='ltr'>hoc</span> <span class='ocrx_word' id='word_1_84' title='bbox 1106 904 1232 950; x_wconf 89' lang='lat' dir='ltr'>utique</span> <span class='ocrx_word' id='word_1_85' title='bbox 1261 904 1333 937; x_wconf 87' lang='lat' dir='ltr'>vite</span> <span class='ocrx_word' id='word_1_86' title='bbox 1367 903 1468 949; x_wconf 89' lang='lat' dir='ltr'>ligno</span> <span class='ocrx_word' id='word_1_87' title='bbox 1503 904 1675 937; x_wconf 87' lang='lat' dir='ltr'>mortales</span> <span class='ocrx_word' id='word_1_88' title='bbox 1709 904 1829 937; x_wconf 91' lang='lat' dir='ltr'>carnis</span> <span class='ocrx_word' id='word_1_89' title='bbox 1863 903 2134 937; x_wconf 86' lang='lat' dir='ltr'>infirmitatibus</span> 
     </span>
     <span class='ocr_line' id='line_1_9' title="bbox 256 971 2130 1018; baseline -0.002 -12"><span class='ocrx_word' id='word_1_90' title='bbox 256 972 460 1018; x_wconf 86' lang='lat' dir='ltr'>pregravati</span> <span class='ocrx_word' id='word_1_91' title='bbox 490 971 662 1018; x_wconf 88' lang='lat' dir='ltr'>pabulum</span> <span class='ocrx_word' id='word_1_92' title='bbox 694 971 823 1005; x_wconf 89' lang='lat' dir='ltr'>salutis</span> <span class='ocrx_word' id='word_1_93' title='bbox 858 971 1061 1012; x_wconf 86' lang='lat' dir='ltr'>inveniunt,</span> <span class='ocrx_word' id='word_1_94' title='bbox 1089 978 1126 1005; x_wconf 87' lang='lat' dir='ltr'>et</span> <span class='ocrx_word' id='word_1_95' title='bbox 1154 971 1332 1004; x_wconf 87' lang='lat' dir='ltr'>internam</span> <span class='ocrx_word' id='word_1_96' title='bbox 1363 971 1546 1016; x_wconf 84' lang='lat' dir='ltr'>recipiunt</span> <span class='ocrx_word' id='word_1_97' title='bbox 1577 971 1802 1016; x_wconf 86' lang='lat' dir='ltr'>sospitatem.</span> <span class='ocrx_word' id='word_1_98' title='bbox 1837 971 1954 1015; x_wconf 90' lang='lat' dir='ltr'>Hujus</span> <span class='ocrx_word' id='word_1_99' title='bbox 1986 971 2130 1016; x_wconf 88' lang='lat' dir='ltr'>inquam</span> 
     </span>
     <span class='ocr_line' id='line_1_10' title="bbox 256 1037 2134 1086; baseline -0.001 -14"><span class='ocrx_word' id='word_1_100' title='bbox 256 1039 348 1086; x_wconf 79' lang='lat' dir='ltr'>ligni</span> <span class='ocrx_word' id='word_1_101' title='bbox 379 1045 548 1085; x_wconf 83' lang='lat' dir='ltr'>percepta</span> <span class='ocrx_word' id='word_1_102' title='bbox 577 1039 772 1085; x_wconf 76' lang='lat' dir='ltr'>fragrantia</span> <span class='ocrx_word' id='word_1_103' title='bbox 801 1045 1067 1072; x_wconf 89' lang='lat' dir='ltr'>concurrerunt</span> <span class='ocrx_word' id='word_1_104' title='bbox 1095 1038 1258 1083; x_wconf 90' lang='lat' dir='ltr'>undique</span> <span class='ocrx_word' id='word_1_105' title='bbox 1287 1038 1331 1071; x_wconf 94' lang='lat' dir='ltr'>ad</span> <span class='ocrx_word' id='word_1_106' title='bbox 1359 1037 1518 1071; x_wconf 87' lang='lat' dir='ltr'>libamen</span> <span class='ocrx_word' id='word_1_107' title='bbox 1545 1037 1663 1083; x_wconf 88' lang='lat' dir='ltr'>ipsius</span> <span class='ocrx_word' id='word_1_108' title='bbox 1693 1037 1875 1071; x_wconf 87' lang='lat' dir='ltr'>innumeri</span> <span class='ocrx_word' id='word_1_109' title='bbox 1904 1038 2134 1083; x_wconf 81' lang='lat' dir='ltr'>professores</span> 
     </span>
     <span class='ocr_line' id='line_1_11' title="bbox 258 1104 2134 1151; baseline -0.001 -12"><span class='ocrx_word' id='word_1_110' title='bbox 258 1105 343 1140; x_wconf 81' lang='lat' dir='ltr'>fidei</span> <span class='ocrx_word' id='word_1_111' title='bbox 363 1112 399 1139; x_wconf 93' lang='lat' dir='ltr'>et</span> <span class='ocrx_word' id='word_1_112' title='bbox 418 1112 654 1144; x_wconf 82' lang='lat' dir='ltr'>concurrunt,</span> <span class='ocrx_word' id='word_1_113' title='bbox 681 1106 742 1151; x_wconf 91' lang='lat' dir='ltr'>qui</span> <span class='ocrx_word' id='word_1_114' title='bbox 765 1106 994 1151; x_wconf 80' lang='lat' dir='ltr'>perfruentes</span> <span class='ocrx_word' id='word_1_115' title='bbox 1015 1105 1162 1138; x_wconf 86' lang='lat' dir='ltr'>assidue</span> <span class='ocrx_word' id='word_1_116' title='bbox 1183 1104 1247 1138; x_wconf 92' lang='lat' dir='ltr'>illo</span> <span class='ocrx_word' id='word_1_117' title='bbox 1268 1111 1303 1138; x_wconf 87' lang='lat' dir='ltr'>et</span> <span class='ocrx_word' id='word_1_118' title='bbox 1323 1104 1543 1138; x_wconf 89' lang='lat' dir='ltr'>salutaribus</span> <span class='ocrx_word' id='word_1_119' title='bbox 1564 1105 1644 1149; x_wconf 88' lang='lat' dir='ltr'>ejus</span> <span class='ocrx_word' id='word_1_120' title='bbox 1669 1111 1933 1138; x_wconf 83' lang='lat' dir='ltr'>convescentes</span> <span class='ocrx_word' id='word_1_121' title='bbox 1954 1104 2134 1138; x_wconf 86' lang='lat' dir='ltr'>fructibus</span> 
     </span>
     <span class='ocr_line' id='line_1_12' title="bbox 257 1170 2133 1218; baseline -0.001 -12"><span class='ocrx_word' id='word_1_122' title='bbox 257 1172 302 1206; x_wconf 91' lang='lat' dir='ltr'>de</span> <span class='ocrx_word' id='word_1_123' title='bbox 322 1173 485 1218; x_wconf 89' lang='lat' dir='ltr'>ipsorum</span> <span class='ocrx_word' id='word_1_124' title='bbox 506 1178 716 1218; x_wconf 87' lang='lat' dir='ltr'>pregustata</span> <span class='ocrx_word' id='word_1_125' title='bbox 737 1171 932 1205; x_wconf 86' lang='lat' dir='ltr'>dulcedine</span> <span class='ocrx_word' id='word_1_126' title='bbox 953 1171 1159 1205; x_wconf 87' lang='lat' dir='ltr'>ministrant</span> <span class='ocrx_word' id='word_1_127' title='bbox 1179 1178 1215 1205; x_wconf 91' lang='lat' dir='ltr'>et</span> <span class='ocrx_word' id='word_1_128' title='bbox 1234 1171 1305 1217; x_wconf 89' lang='lat' dir='ltr'>ipsi</span> <span class='ocrx_word' id='word_1_129' title='bbox 1330 1171 1412 1204; x_wconf 90' lang='lat' dir='ltr'>aliis</span> <span class='ocrx_word' id='word_1_130' title='bbox 1437 1171 1560 1204; x_wconf 90' lang='lat' dir='ltr'>suavia</span> <span class='ocrx_word' id='word_1_131' title='bbox 1585 1170 1780 1204; x_wconf 86' lang='lat' dir='ltr'>libamenta</span> <span class='ocrx_word' id='word_1_132' title='bbox 1801 1171 1941 1204; x_wconf 88' lang='lat' dir='ltr'>salutis.</span> <span class='ocrx_word' id='word_1_133' title='bbox 1971 1172 2027 1204; x_wconf 85' lang='lat' dir='ltr'>Hii</span> <span class='ocrx_word' id='word_1_134' title='bbox 2049 1179 2133 1205; x_wconf 90' lang='lat' dir='ltr'>sunt</span> 
     </span>
     <span class='ocr_line' id='line_1_13' title="bbox 256 1238 2132 1285; baseline -0.001 -12"><span class='ocrx_word' id='word_1_135' title='bbox 256 1239 323 1273; x_wconf 91' lang='lat' dir='ltr'>viri</span> <span class='ocrx_word' id='word_1_136' title='bbox 359 1238 499 1285; x_wconf 86' lang='lat' dir='ltr'>probati</span> <span class='ocrx_word' id='word_1_137' title='bbox 533 1246 567 1272; x_wconf 93' lang='lat' dir='ltr'>et</span> <span class='ocrx_word' id='word_1_138' title='bbox 602 1238 708 1284; x_wconf 91' lang='lat' dir='ltr'>plene</span> <span class='ocrx_word' id='word_1_139' title='bbox 743 1239 780 1272; x_wconf 93' lang='lat' dir='ltr'>in</span> <span class='ocrx_word' id='word_1_140' title='bbox 814 1238 897 1284; x_wconf 85' lang='lat' dir='ltr'>lege</span> <span class='ocrx_word' id='word_1_141' title='bbox 928 1238 1072 1272; x_wconf 89' lang='lat' dir='ltr'>Domini</span> <span class='ocrx_word' id='word_1_142' title='bbox 1107 1238 1253 1278; x_wconf 90' lang='lat' dir='ltr'>eruditi,</span> <span class='ocrx_word' id='word_1_143' title='bbox 1290 1239 1419 1271; x_wconf 88' lang='lat' dir='ltr'>fratres</span> <span class='ocrx_word' id='word_1_144' title='bbox 1445 1238 1617 1271; x_wconf 89' lang='lat' dir='ltr'>videlicet</span> <span class='ocrx_word' id='word_1_145' title='bbox 1646 1238 1732 1271; x_wconf 91' lang='lat' dir='ltr'>dicti</span> <span class='ocrx_word' id='word_1_146' title='bbox 1767 1238 1930 1278; x_wconf 78' lang='lat' dir='ltr'>Ordinis,</span> <span class='ocrx_word' id='word_1_147' title='bbox 1950 1238 2132 1272; x_wconf 85' lang='lat' dir='ltr'>-efficaces</span> 
     </span>
     <span class='ocr_line' id='line_1_14' title="bbox 256 1301 2132 1351; baseline 0 -13"><span class='ocrx_word' id='word_1_148' title='bbox 256 1305 403 1351; x_wconf 90' lang='lat' dir='ltr'>quidem</span> <span class='ocrx_word' id='word_1_149' title='bbox 434 1305 471 1338; x_wconf 91' lang='lat' dir='ltr'>in</span> <span class='ocrx_word' id='word_1_150' title='bbox 500 1301 611 1351; x_wconf 84' lang='lat' dir='ltr'>opere</span> <span class='ocrx_word' id='word_1_151' title='bbox 639 1316 679 1338; x_wconf 91' lang='lat' dir='ltr'>ac</span> <span class='ocrx_word' id='word_1_152' title='bbox 709 1305 746 1337; x_wconf 89' lang='lat' dir='ltr'>in</span> <span class='ocrx_word' id='word_1_153' title='bbox 778 1304 1025 1350; x_wconf 88' lang='lat' dir='ltr'>predicatione</span> <span class='ocrx_word' id='word_1_154' title='bbox 1055 1311 1237 1350; x_wconf 87' lang='lat' dir='ltr'>potentes,</span> <span class='ocrx_word' id='word_1_155' title='bbox 1268 1316 1422 1349; x_wconf 91' lang='lat' dir='ltr'>quorum</span> <span class='ocrx_word' id='word_1_156' title='bbox 1454 1303 1547 1337; x_wconf 90' lang='lat' dir='ltr'>labia</span> <span class='ocrx_word' id='word_1_157' title='bbox 1576 1305 1690 1349; x_wconf 84' lang='lat' dir='ltr'>gratia</span> <span class='ocrx_word' id='word_1_158' title='bbox 1720 1304 1868 1338; x_wconf 88' lang='lat' dir='ltr'>celestis</span> <span class='ocrx_word' id='word_1_159' title='bbox 1898 1305 2056 1345; x_wconf 80' lang='lat' dir='ltr'>edocuit,</span> <span class='ocrx_word' id='word_1_160' title='bbox 2088 1305 2132 1338; x_wconf 90' lang='lat' dir='ltr'>ad</span> 
     </span>
     <span class='ocr_line' id='line_1_15' title="bbox 255 1357 2132 1418; baseline -0.001 -12"><span class='ocrx_word' id='word_1_161' title='bbox 255 1372 521 1418; x_wconf 90' lang='lat' dir='ltr'>propinandum</span> <span class='ocrx_word' id='word_1_162' title='bbox 556 1371 739 1405; x_wconf 89' lang='lat' dir='ltr'>salubrem</span> <span class='ocrx_word' id='word_1_163' title='bbox 775 1371 975 1404; x_wconf 84' lang='lat' dir='ltr'>doctrinam</span> <span class='ocrx_word' id='word_1_164' title='bbox 1010 1371 1104 1412; x_wconf 90' lang='lat' dir='ltr'>aliis,</span> <span class='ocrx_word' id='word_1_165' title='bbox 1140 1378 1176 1404; x_wconf 90' lang='lat' dir='ltr'>et</span> <span class='ocrx_word' id='word_1_166' title='bbox 1209 1371 1465 1416; x_wconf 91' lang='lat' dir='ltr'>exponendum</span> <span class='ocrx_word' id='word_1_167' title='bbox 1499 1357 1731 1404; x_wconf 61' lang='lat' dir='ltr'>commodum</span> <span class='ocrx_word' id='word_1_168' title='bbox 1771 1371 1984 1405; x_wconf 88' lang='lat' dir='ltr'>animarum.</span> <span class='ocrx_word' id='word_1_169' title='bbox 2026 1372 2132 1406; x_wconf 89' lang='lat' dir='ltr'>Unde</span> 
     </span>
     <span class='ocr_line' id='line_1_16' title="bbox 256 1437 2131 1484; baseline -0.001 -12"><span class='ocrx_word' id='word_1_170' title='bbox 256 1437 391 1484; x_wconf 90' lang='lat' dir='ltr'>ubique</span> <span class='ocrx_word' id='word_1_171' title='bbox 418 1450 483 1484; x_wconf 91' lang='lat' dir='ltr'>per</span> <span class='ocrx_word' id='word_1_172' title='bbox 512 1438 686 1472; x_wconf 88' lang='lat' dir='ltr'>mundum</span> <span class='ocrx_word' id='word_1_173' title='bbox 714 1438 878 1484; x_wconf 88' lang='lat' dir='ltr'>ipsorum</span> <span class='ocrx_word' id='word_1_174' title='bbox 907 1449 970 1471; x_wconf 89' lang='lat' dir='ltr'>ora</span> <span class='ocrx_word' id='word_1_175' title='bbox 999 1437 1166 1471; x_wconf 85' lang='lat' dir='ltr'>intonant</span> <span class='ocrx_word' id='word_1_176' title='bbox 1193 1437 1293 1471; x_wconf 89' lang='lat' dir='ltr'>velut</span> <span class='ocrx_word' id='word_1_177' title='bbox 1323 1437 1421 1478; x_wconf 88' lang='lat' dir='ltr'>tube,</span> <span class='ocrx_word' id='word_1_178' title='bbox 1451 1449 1491 1470; x_wconf 87' lang='lat' dir='ltr'>ac</span> <span class='ocrx_word' id='word_1_179' title='bbox 1518 1438 1555 1470; x_wconf 92' lang='lat' dir='ltr'>in</span> <span class='ocrx_word' id='word_1_180' title='bbox 1583 1449 1727 1470; x_wconf 89' lang='lat' dir='ltr'>omnem</span> <span class='ocrx_word' id='word_1_181' title='bbox 1757 1444 1888 1470; x_wconf 89' lang='lat' dir='ltr'>terram</span> <span class='ocrx_word' id='word_1_182' title='bbox 1919 1438 1992 1471; x_wconf 86' lang='lat' dir='ltr'>exit</span> <span class='ocrx_word' id='word_1_183' title='bbox 2016 1450 2131 1472; x_wconf 89' lang='lat' dir='ltr'>sonus</span> 
     </span>
     <span class='ocr_line' id='line_1_17' title="bbox 254 1503 2130 1552; baseline -0.001 -13"><span class='ocrx_word' id='word_1_184' title='bbox 254 1505 514 1552; x_wconf 84' lang='lat' dir='ltr'>predicationis</span> <span class='ocrx_word' id='word_1_185' title='bbox 543 1517 684 1546; x_wconf 90' lang='lat' dir='ltr'>eorum,</span> <span class='ocrx_word' id='word_1_186' title='bbox 714 1511 750 1538; x_wconf 89' lang='lat' dir='ltr'>et</span> <span class='ocrx_word' id='word_1_187' title='bbox 779 1516 896 1550; x_wconf 90' lang='lat' dir='ltr'>usque</span> <span class='ocrx_word' id='word_1_188' title='bbox 925 1504 969 1538; x_wconf 91' lang='lat' dir='ltr'>ad</span> <span class='ocrx_word' id='word_1_189' title='bbox 999 1504 1092 1538; x_wconf 89' lang='lat' dir='ltr'>fines</span> <span class='ocrx_word' id='word_1_190' title='bbox 1121 1503 1223 1538; x_wconf 88' lang='lat' dir='ltr'>orbis</span> <span class='ocrx_word' id='word_1_191' title='bbox 1251 1516 1315 1538; x_wconf 91' lang='lat' dir='ltr'>sua</span> <span class='ocrx_word' id='word_1_192' title='bbox 1342 1504 1527 1537; x_wconf 85' lang='lat' dir='ltr'>salutifera</span> <span class='ocrx_word' id='word_1_193' title='bbox 1553 1503 1663 1537; x_wconf 83' lang='lat' dir='ltr'>verba</span> <span class='ocrx_word' id='word_1_194' title='bbox 1693 1511 1835 1538; x_wconf 88' lang='lat' dir='ltr'>sonant.</span> <span class='ocrx_word' id='word_1_195' title='bbox 1865 1505 1922 1537; x_wconf 90' lang='lat' dir='ltr'>Hii</span> <span class='ocrx_word' id='word_1_196' title='bbox 1951 1511 2036 1538; x_wconf 88' lang='lat' dir='ltr'>sunt</span> <span class='ocrx_word' id='word_1_197' title='bbox 2062 1505 2130 1538; x_wconf 91' lang='lat' dir='ltr'>viri</span> 
     </span>
    </p>
   </div>
   <div class='ocr_carea' id='block_1_3' title="bbox 254 1570 2133 1618">
    <p class='ocr_par' dir='ltr' id='par_1_3' title="bbox 254 1570 2133 1618">
     <span class='ocr_line' id='line_1_18' title="bbox 254 1570 2133 1618; baseline -0.001 -12"><span class='ocrx_word' id='word_1_198' title='bbox 254 1572 421 1618; x_wconf 83' lang='lat' dir='ltr'>preclari,</span> <span class='ocrx_word' id='word_1_199' title='bbox 443 1572 639 1618; x_wconf 87' lang='lat' dir='ltr'>conspicua</span> <span class='ocrx_word' id='word_1_200' title='bbox 660 1571 841 1617; x_wconf 85' lang='lat' dir='ltr'>religione</span> <span class='ocrx_word' id='word_1_201' title='bbox 861 1570 1059 1617; x_wconf 82' lang='lat' dir='ltr'>fulgentes,</span> <span class='ocrx_word' id='word_1_202' title='bbox 1081 1571 1143 1617; x_wconf 90' lang='lat' dir='ltr'>qui</span> <span class='ocrx_word' id='word_1_203' title='bbox 1165 1578 1331 1616; x_wconf 88' lang='lat' dir='ltr'>tanquam</span> <span class='ocrx_word' id='word_1_204' title='bbox 1354 1570 1511 1604; x_wconf 89' lang='lat' dir='ltr'>lucentia</span> <span class='ocrx_word' id='word_1_205' title='bbox 1532 1571 1652 1604; x_wconf 90' lang='lat' dir='ltr'>sidera</span> <span class='ocrx_word' id='word_1_206' title='bbox 1673 1571 1710 1604; x_wconf 90' lang='lat' dir='ltr'>in</span> <span class='ocrx_word' id='word_1_207' title='bbox 1731 1571 1886 1604; x_wconf 89' lang='lat' dir='ltr'>ecclesie</span> <span class='ocrx_word' id='word_1_208' title='bbox 1907 1571 2133 1605; x_wconf 80' lang='lat' dir='ltr'>firmamento</span> 
     </span>
    </p>
   </div>
   <div class='ocr_carea' id='block_1_4' title="bbox 0 0 252 3528">
    <p class='ocr_par' dir='ltr' id='par_1_4' title="bbox 0 0 252 3528">
     <span class='ocr_line' id='line_1_19' title="bbox 0 0 252 3528; baseline 0 0"><span class='ocrx_word' id='word_1_209' title='bbox 0 0 252 3528; x_wconf 95' lang='lat' dir='ltr'> </span> 
     </span>
    </p>
   </div>
   <div class='ocr_carea' id='block_1_5' title="bbox 249 1637 2136 2884">
    <p class='ocr_par' dir='ltr' id='par_1_5' title="bbox 249 1637 2136 2884">
     <span class='ocr_line' id='line_1_20' title="bbox 254 1637 2133 1685; baseline -0.001 -13"><span class='ocrx_word' id='word_1_210' title='bbox 254 1639 332 1673; x_wconf 86' lang='lat' dir='ltr'>suis</span> <span class='ocrx_word' id='word_1_211' title='bbox 362 1638 568 1685; x_wconf 85' lang='lat' dir='ltr'>splendidis</span> <span class='ocrx_word' id='word_1_212' title='bbox 598 1638 828 1672; x_wconf 85' lang='lat' dir='ltr'>documentis</span> <span class='ocrx_word' id='word_1_213' title='bbox 857 1638 1046 1671; x_wconf 88' lang='lat' dir='ltr'>insinuant</span> <span class='ocrx_word' id='word_1_214' title='bbox 1073 1637 1289 1671; x_wconf 88' lang='lat' dir='ltr'>mortalibus</span> <span class='ocrx_word' id='word_1_215' title='bbox 1317 1638 1410 1671; x_wconf 88' lang='lat' dir='ltr'>viam</span> <span class='ocrx_word' id='word_1_216' title='bbox 1444 1637 1529 1671; x_wconf 87' lang='lat' dir='ltr'>vite.</span> <span class='ocrx_word' id='word_1_217' title='bbox 1566 1637 1622 1670; x_wconf 92' lang='lat' dir='ltr'>Hii</span> <span class='ocrx_word' id='word_1_218' title='bbox 1657 1644 1741 1671; x_wconf 86' lang='lat' dir='ltr'>sunt</span> <span class='ocrx_word' id='word_1_219' title='bbox 1776 1637 1856 1671; x_wconf 80' lang='lat' dir='ltr'>fiale</span> <span class='ocrx_word' id='word_1_220' title='bbox 1886 1650 1995 1671; x_wconf 85' lang='lat' dir='ltr'>auree</span> <span class='ocrx_word' id='word_1_221' title='bbox 2027 1638 2133 1683; x_wconf 91' lang='lat' dir='ltr'>plene</span> 
     </span>
     <span class='ocr_line' id='line_1_21' title="bbox 252 1704 2136 1751; baseline -0.001 -11"><span class='ocrx_word' id='word_1_222' title='bbox 252 1705 512 1747; x_wconf 87' lang='lat' dir='ltr'>odoramentis,</span> <span class='ocrx_word' id='word_1_223' title='bbox 539 1705 601 1751; x_wconf 92' lang='lat' dir='ltr'>qui</span> <span class='ocrx_word' id='word_1_224' title='bbox 627 1716 692 1739; x_wconf 86' lang='lat' dir='ltr'>sua</span> <span class='ocrx_word' id='word_1_225' title='bbox 717 1716 818 1738; x_wconf 90' lang='lat' dir='ltr'>sacra</span> <span class='ocrx_word' id='word_1_226' title='bbox 846 1705 1124 1739; x_wconf 89' lang='lat' dir='ltr'>conversatione</span> <span class='ocrx_word' id='word_1_227' title='bbox 1152 1705 1312 1738; x_wconf 90' lang='lat' dir='ltr'>suaviter</span> <span class='ocrx_word' id='word_1_228' title='bbox 1337 1704 1548 1738; x_wconf 89' lang='lat' dir='ltr'>redolentes</span> <span class='ocrx_word' id='word_1_229' title='bbox 1573 1704 1764 1738; x_wconf 86' lang='lat' dir='ltr'>hortantur</span> <span class='ocrx_word' id='word_1_230' title='bbox 1789 1716 1854 1750; x_wconf 90' lang='lat' dir='ltr'>per</span> <span class='ocrx_word' id='word_1_231' title='bbox 1878 1704 1946 1738; x_wconf 93' lang='lat' dir='ltr'>hoc</span> <span class='ocrx_word' id='word_1_232' title='bbox 1967 1704 2072 1743; x_wconf 77' lang='lat' dir='ltr'>alios,</span> <span class='ocrx_word' id='word_1_233' title='bbox 2100 1712 2136 1738; x_wconf 89' lang='lat' dir='ltr'>et</span> 
     </span>
     <span class='ocr_line' id='line_1_22' title="bbox 254 1770 2134 1818; baseline -0.001 -12"><span class='ocrx_word' id='word_1_234' title='bbox 254 1772 432 1806; x_wconf 89' lang='lat' dir='ltr'>inducunt</span> <span class='ocrx_word' id='word_1_235' title='bbox 452 1783 604 1805; x_wconf 86' lang='lat' dir='ltr'>excussa</span> <span class='ocrx_word' id='word_1_236' title='bbox 630 1783 783 1817; x_wconf 88' lang='lat' dir='ltr'>prorsus</span> <span class='ocrx_word' id='word_1_237' title='bbox 810 1771 939 1805; x_wconf 91' lang='lat' dir='ltr'>inertia</span> <span class='ocrx_word' id='word_1_238' title='bbox 966 1783 1120 1818; x_wconf 89' lang='lat' dir='ltr'>surgere</span> <span class='ocrx_word' id='word_1_239' title='bbox 1146 1783 1186 1805; x_wconf 91' lang='lat' dir='ltr'>ac</span> <span class='ocrx_word' id='word_1_240' title='bbox 1212 1783 1409 1817; x_wconf 88' lang='lat' dir='ltr'>properare</span> <span class='ocrx_word' id='word_1_241' title='bbox 1433 1771 1478 1804; x_wconf 89' lang='lat' dir='ltr'>ad</span> <span class='ocrx_word' id='word_1_242' title='bbox 1504 1783 1614 1817; x_wconf 89' lang='lat' dir='ltr'>opera</span> <span class='ocrx_word' id='word_1_243' title='bbox 1639 1770 1824 1805; x_wconf 87' lang='lat' dir='ltr'>bonitatis.</span> <span class='ocrx_word' id='word_1_244' title='bbox 1852 1773 1922 1804; x_wconf 92' lang='lat' dir='ltr'>Pro</span> <span class='ocrx_word' id='word_1_245' title='bbox 1947 1771 2019 1805; x_wconf 89' lang='lat' dir='ltr'>hiis</span> <span class='ocrx_word' id='word_1_246' title='bbox 2044 1783 2134 1817; x_wconf 88' lang='lat' dir='ltr'>ergo</span> 
     </span>
     <span class='ocr_line' id='line_1_23' title="bbox 253 1837 2133 1884; baseline -0.001 -11"><span class='ocrx_word' id='word_1_247' title='bbox 253 1838 298 1873; x_wconf 88' lang='lat' dir='ltr'>ab</span> <span class='ocrx_word' id='word_1_248' title='bbox 331 1839 516 1874; x_wconf 87' lang='lat' dir='ltr'>universis</span> <span class='ocrx_word' id='word_1_249' title='bbox 548 1837 785 1872; x_wconf 84' lang='lat' dir='ltr'>ecclesiarum</span> <span class='ocrx_word' id='word_1_250' title='bbox 821 1838 970 1884; x_wconf 88' lang='lat' dir='ltr'>prelatis</span> <span class='ocrx_word' id='word_1_251' title='bbox 1003 1838 1219 1884; x_wconf 75' lang='lat' dir='ltr'>cunctisque</span> <span class='ocrx_word' id='word_1_252' title='bbox 1251 1838 1389 1873; x_wconf 90' lang='lat' dir='ltr'>Christi</span> <span class='ocrx_word' id='word_1_253' title='bbox 1424 1837 1595 1872; x_wconf 82' lang='lat' dir='ltr'>fidelibus</span> <span class='ocrx_word' id='word_1_254' title='bbox 1630 1838 1807 1884; x_wconf 87' lang='lat' dir='ltr'>diligendi</span> <span class='ocrx_word' id='word_1_255' title='bbox 1844 1845 1927 1872; x_wconf 87' lang='lat' dir='ltr'>sunt</span> <span class='ocrx_word' id='word_1_256' title='bbox 1962 1839 2133 1884; x_wconf 87' lang='lat' dir='ltr'>precipua</span> 
     </span>
     <span class='ocr_line' id='line_1_24' title="bbox 252 1905 2133 1952; baseline -0.001 -12"><span class='ocrx_word' id='word_1_257' title='bbox 252 1906 413 1948; x_wconf 78' lang='lat' dir='ltr'>caritate,</span> <span class='ocrx_word' id='word_1_258' title='bbox 435 1918 475 1940; x_wconf 88' lang='lat' dir='ltr'>ac</span> <span class='ocrx_word' id='word_1_259' title='bbox 495 1913 663 1952; x_wconf 84' lang='lat' dir='ltr'>tanquam</span> <span class='ocrx_word' id='word_1_260' title='bbox 684 1905 915 1940; x_wconf 89' lang='lat' dir='ltr'>venerabiles</span> <span class='ocrx_word' id='word_1_261' title='bbox 936 1905 1002 1939; x_wconf 92' lang='lat' dir='ltr'>Dei</span> <span class='ocrx_word' id='word_1_262' title='bbox 1023 1905 1180 1939; x_wconf 89' lang='lat' dir='ltr'>ministri</span> <span class='ocrx_word' id='word_1_263' title='bbox 1202 1912 1237 1939; x_wconf 94' lang='lat' dir='ltr'>et</span> <span class='ocrx_word' id='word_1_264' title='bbox 1256 1905 1394 1951; x_wconf 89' lang='lat' dir='ltr'>populo</span> <span class='ocrx_word' id='word_1_265' title='bbox 1415 1917 1482 1938; x_wconf 90' lang='lat' dir='ltr'>suo</span> <span class='ocrx_word' id='word_1_266' title='bbox 1504 1905 1703 1938; x_wconf 87' lang='lat' dir='ltr'>necessarii</span> <span class='ocrx_word' id='word_1_267' title='bbox 1723 1905 1927 1939; x_wconf 86' lang='lat' dir='ltr'>honorandi</span> <span class='ocrx_word' id='word_1_268' title='bbox 1949 1905 2133 1951; x_wconf 85' lang='lat' dir='ltr'>condigne</span> 
     </span>
     <span class='ocr_line' id='line_1_25' title="bbox 253 1971 2134 2019; baseline -0.001 -13"><span class='ocrx_word' id='word_1_269' title='bbox 253 1978 289 2006; x_wconf 87' lang='lat' dir='ltr'>et</span> <span class='ocrx_word' id='word_1_270' title='bbox 307 1971 494 2006; x_wconf 85' lang='lat' dir='ltr'>favoribus</span> <span class='ocrx_word' id='word_1_271' title='bbox 514 1971 736 2019; x_wconf 90' lang='lat' dir='ltr'>specialibus</span> <span class='ocrx_word' id='word_1_272' title='bbox 757 1972 958 2006; x_wconf 90' lang='lat' dir='ltr'>muniendi.</span> <span class='ocrx_word' id='word_1_273' title='bbox 982 1972 1087 2013; x_wconf 86' lang='lat' dir='ltr'>Sane,</span> <span class='ocrx_word' id='word_1_274' title='bbox 1115 1972 1197 2017; x_wconf 88' lang='lat' dir='ltr'>quia</span> <span class='ocrx_word' id='word_1_275' title='bbox 1223 1971 1350 2018; x_wconf 84' lang='lat' dir='ltr'>lingue</span> <span class='ocrx_word' id='word_1_276' title='bbox 1375 1971 1571 2017; x_wconf 90' lang='lat' dir='ltr'>maliloque</span> <span class='ocrx_word' id='word_1_277' title='bbox 1597 1972 1839 2006; x_wconf 86' lang='lat' dir='ltr'>detractorum</span> <span class='ocrx_word' id='word_1_278' title='bbox 1862 1979 2134 2006; x_wconf 86' lang='lat' dir='ltr'>consueverunt</span> 
     </span>
     <span class='ocr_line' id='line_1_26' title="bbox 252 2020 2129 2086; baseline 0 -14"><span class='ocrx_word' id='word_1_279' title='bbox 252 2037 341 2072; x_wconf 82' lang='lat' dir='ltr'>falsa</span> <span class='ocrx_word' id='word_1_280' title='bbox 366 2020 593 2086; x_wconf 75' lang='lat' dir='ltr'>contingere,</span> <span class='ocrx_word' id='word_1_281' title='bbox 619 2051 659 2073; x_wconf 90' lang='lat' dir='ltr'>ac</span> <span class='ocrx_word' id='word_1_282' title='bbox 686 2039 747 2073; x_wconf 89' lang='lat' dir='ltr'>illa</span> <span class='ocrx_word' id='word_1_283' title='bbox 775 2039 918 2085; x_wconf 91' lang='lat' dir='ltr'>pudicis</span> <span class='ocrx_word' id='word_1_284' title='bbox 943 2039 1048 2072; x_wconf 90' lang='lat' dir='ltr'>etiam</span> <span class='ocrx_word' id='word_1_285' title='bbox 1075 2038 1226 2072; x_wconf 88' lang='lat' dir='ltr'>auribus</span> <span class='ocrx_word' id='word_1_286' title='bbox 1247 2038 1438 2080; x_wconf 88' lang='lat' dir='ltr'>instillare,</span> <span class='ocrx_word' id='word_1_287' title='bbox 1466 2051 1511 2072; x_wconf 89' lang='lat' dir='ltr'>ne</span> <span class='ocrx_word' id='word_1_288' title='bbox 1538 2051 1602 2084; x_wconf 87' lang='lat' dir='ltr'>per</span> <span class='ocrx_word' id='word_1_289' title='bbox 1627 2038 1898 2072; x_wconf 85' lang='lat' dir='ltr'>oblocutionem</span> <span class='ocrx_word' id='word_1_290' title='bbox 1925 2039 2129 2085; x_wconf 87' lang='lat' dir='ltr'>aliquorum</span> 
     </span>
     <span class='ocr_line' id='line_1_27' title="bbox 254 2104 2134 2152; baseline 0.001 -14"><span class='ocrx_word' id='word_1_291' title='bbox 254 2116 298 2138; x_wconf 91' lang='lat' dir='ltr'>ex</span> <span class='ocrx_word' id='word_1_292' title='bbox 316 2104 432 2140; x_wconf 87' lang='lat' dir='ltr'>livore</span> <span class='ocrx_word' id='word_1_293' title='bbox 451 2104 670 2147; x_wconf 85' lang='lat' dir='ltr'>latrantium,</span> <span class='ocrx_word' id='word_1_294' title='bbox 692 2105 791 2152; x_wconf 92' lang='lat' dir='ltr'>quod</span> <span class='ocrx_word' id='word_1_295' title='bbox 810 2117 876 2152; x_wconf 88' lang='lat' dir='ltr'>per</span> <span class='ocrx_word' id='word_1_296' title='bbox 902 2106 1051 2139; x_wconf 82' lang='lat' dir='ltr'>fratrum</span> <span class='ocrx_word' id='word_1_297' title='bbox 1072 2105 1234 2151; x_wconf 90' lang='lat' dir='ltr'>ipsorum</span> <span class='ocrx_word' id='word_1_298' title='bbox 1256 2105 1397 2151; x_wconf 89' lang='lat' dir='ltr'>culpam</span> <span class='ocrx_word' id='word_1_299' title='bbox 1420 2105 1602 2139; x_wconf 89' lang='lat' dir='ltr'>discordia</span> <span class='ocrx_word' id='word_1_300' title='bbox 1624 2105 1719 2139; x_wconf 89' lang='lat' dir='ltr'>inter</span> <span class='ocrx_word' id='word_1_301' title='bbox 1739 2117 1804 2139; x_wconf 87' lang='lat' dir='ltr'>eos</span> <span class='ocrx_word' id='word_1_302' title='bbox 1825 2112 1860 2139; x_wconf 88' lang='lat' dir='ltr'>et</span> <span class='ocrx_word' id='word_1_303' title='bbox 1881 2106 2077 2152; x_wconf 86' lang='lat' dir='ltr'>magistros</span> <span class='ocrx_word' id='word_1_304' title='bbox 2098 2113 2134 2139; x_wconf 88' lang='lat' dir='ltr'>et</span> 
     </span>
     <span class='ocr_line' id='line_1_28' title="bbox 253 2171 2130 2218; baseline 0 -12"><span class='ocrx_word' id='word_1_305' title='bbox 253 2171 415 2206; x_wconf 79' lang='lat' dir='ltr'>scolares</span> <span class='ocrx_word' id='word_1_306' title='bbox 443 2172 671 2206; x_wconf 88' lang='lat' dir='ltr'>Parisienses</span> <span class='ocrx_word' id='word_1_307' title='bbox 701 2172 905 2215; x_wconf 84' lang='lat' dir='ltr'>emerserit,</span> <span class='ocrx_word' id='word_1_308' title='bbox 935 2171 1032 2206; x_wconf 87' lang='lat' dir='ltr'>bone</span> <span class='ocrx_word' id='word_1_309' title='bbox 1061 2184 1102 2206; x_wconf 89' lang='lat' dir='ltr'>ac</span> <span class='ocrx_word' id='word_1_310' title='bbox 1131 2172 1246 2206; x_wconf 90' lang='lat' dir='ltr'>nitide</span> <span class='ocrx_word' id='word_1_311' title='bbox 1270 2173 1419 2206; x_wconf 85' lang='lat' dir='ltr'>fratrum</span> <span class='ocrx_word' id='word_1_312' title='bbox 1451 2172 1650 2206; x_wconf 88' lang='lat' dir='ltr'>eorundem</span> <span class='ocrx_word' id='word_1_313' title='bbox 1682 2173 1773 2206; x_wconf 89' lang='lat' dir='ltr'>fame</span> <span class='ocrx_word' id='word_1_314' title='bbox 1802 2172 1917 2206; x_wconf 89' lang='lat' dir='ltr'>valeat</span> <span class='ocrx_word' id='word_1_315' title='bbox 1947 2173 2130 2218; x_wconf 85' lang='lat' dir='ltr'>derogari,</span> 
     </span>
     <span class='ocr_line' id='line_1_29' title="bbox 253 2238 2130 2285; baseline 0 -13"><span class='ocrx_word' id='word_1_316' title='bbox 253 2238 348 2272; x_wconf 86' lang='lat' dir='ltr'>scire</span> <span class='ocrx_word' id='word_1_317' title='bbox 368 2250 434 2272; x_wconf 85' lang='lat' dir='ltr'>vos</span> <span class='ocrx_word' id='word_1_318' title='bbox 454 2238 636 2281; x_wconf 86' lang='lat' dir='ltr'>volumus,</span> <span class='ocrx_word' id='word_1_319' title='bbox 658 2239 756 2285; x_wconf 89' lang='lat' dir='ltr'>quod</span> <span class='ocrx_word' id='word_1_320' title='bbox 776 2251 857 2273; x_wconf 90' lang='lat' dir='ltr'>cum</span> <span class='ocrx_word' id='word_1_321' title='bbox 879 2251 991 2285; x_wconf 87' lang='lat' dir='ltr'>super</span> <span class='ocrx_word' id='word_1_322' title='bbox 1015 2238 1226 2285; x_wconf 85' lang='lat' dir='ltr'>hujusmodi</span> <span class='ocrx_word' id='word_1_323' title='bbox 1252 2239 1435 2273; x_wconf 88' lang='lat' dir='ltr'>discordia</span> <span class='ocrx_word' id='word_1_324' title='bbox 1461 2251 1581 2272; x_wconf 90' lang='lat' dir='ltr'>coram</span> <span class='ocrx_word' id='word_1_325' title='bbox 1608 2238 1714 2280; x_wconf 79' lang='lat' dir='ltr'>nobis</span> <span class='ocrx_word' id='word_1_326' title='bbox 1741 2246 1776 2273; x_wconf 90' lang='lat' dir='ltr'>et</span> <span class='ocrx_word' id='word_1_327' title='bbox 1800 2239 1972 2272; x_wconf 87' lang='lat' dir='ltr'>fratribus</span> <span class='ocrx_word' id='word_1_328' title='bbox 1994 2240 2130 2273; x_wconf 86' lang='lat' dir='ltr'>nostris</span> 
     </span>
     <span class='ocr_line' id='line_1_30' title="bbox 253 2304 2128 2352; baseline 0.001 -14"><span class='ocrx_word' id='word_1_329' title='bbox 253 2304 413 2352; x_wconf 84' lang='lat' dir='ltr'>diligens</span> <span class='ocrx_word' id='word_1_330' title='bbox 432 2304 552 2339; x_wconf 83' lang='lat' dir='ltr'>habita</span> <span class='ocrx_word' id='word_1_331' title='bbox 577 2305 687 2339; x_wconf 90' lang='lat' dir='ltr'>fuerit</span> <span class='ocrx_word' id='word_1_332' title='bbox 710 2305 908 2346; x_wconf 88' lang='lat' dir='ltr'>discussio,</span> <span class='ocrx_word' id='word_1_333' title='bbox 934 2306 1037 2352; x_wconf 87' lang='lat' dir='ltr'>ipsos</span> <span class='ocrx_word' id='word_1_334' title='bbox 1061 2317 1288 2352; x_wconf 88' lang='lat' dir='ltr'>nequaquam</span> <span class='ocrx_word' id='word_1_335' title='bbox 1315 2305 1516 2352; x_wconf 87' lang='lat' dir='ltr'>culpabiles</span> <span class='ocrx_word' id='word_1_336' title='bbox 1542 2306 1748 2339; x_wconf 85' lang='lat' dir='ltr'>invenimus</span> <span class='ocrx_word' id='word_1_337' title='bbox 1776 2306 1812 2338; x_wconf 94' lang='lat' dir='ltr'>in</span> <span class='ocrx_word' id='word_1_338' title='bbox 1834 2305 1899 2339; x_wconf 89' lang='lat' dir='ltr'>hac</span> <span class='ocrx_word' id='word_1_339' title='bbox 1921 2313 2033 2351; x_wconf 82' lang='lat' dir='ltr'>parte,</span> <span class='ocrx_word' id='word_1_340' title='bbox 2062 2306 2128 2339; x_wconf 89' lang='lat' dir='ltr'>sed</span> 
     </span>
     <span class='ocr_line' id='line_1_31' title="bbox 253 2371 2129 2418; baseline 0 -12"><span class='ocrx_word' id='word_1_341' title='bbox 253 2371 374 2418; x_wconf 87' lang='lat' dir='ltr'>potius</span> <span class='ocrx_word' id='word_1_342' title='bbox 395 2371 623 2406; x_wconf 84' lang='lat' dir='ltr'>innocentes.</span> <span class='ocrx_word' id='word_1_343' title='bbox 650 2371 811 2418; x_wconf 86' lang='lat' dir='ltr'>Ideoque</span> <span class='ocrx_word' id='word_1_344' title='bbox 837 2372 1109 2406; x_wconf 87' lang='lat' dir='ltr'>universitatem</span> <span class='ocrx_word' id='word_1_345' title='bbox 1130 2378 1286 2406; x_wconf 86' lang='lat' dir='ltr'>vestram</span> <span class='ocrx_word' id='word_1_346' title='bbox 1309 2384 1480 2418; x_wconf 86' lang='lat' dir='ltr'>rogamus</span> <span class='ocrx_word' id='word_1_347' title='bbox 1501 2379 1536 2406; x_wconf 88' lang='lat' dir='ltr'>et</span> <span class='ocrx_word' id='word_1_348' title='bbox 1556 2371 1742 2405; x_wconf 88' lang='lat' dir='ltr'>hortamur</span> <span class='ocrx_word' id='word_1_349' title='bbox 1767 2379 1902 2406; x_wconf 88' lang='lat' dir='ltr'>attente</span> <span class='ocrx_word' id='word_1_350' title='bbox 1930 2384 1994 2418; x_wconf 91' lang='lat' dir='ltr'>per</span> <span class='ocrx_word' id='word_1_351' title='bbox 2020 2385 2129 2418; x_wconf 87' lang='lat' dir='ltr'>apos-</span> 
     </span>
     <span class='ocr_line' id='line_1_32' title="bbox 253 2437 2126 2485; baseline 0 -13"><span class='ocrx_word' id='word_1_352' title='bbox 253 2437 359 2472; x_wconf 85' lang='lat' dir='ltr'>tolica</span> <span class='ocrx_word' id='word_1_353' title='bbox 392 2437 498 2472; x_wconf 90' lang='lat' dir='ltr'>vobis</span> <span class='ocrx_word' id='word_1_354' title='bbox 539 2438 673 2485; x_wconf 86' lang='lat' dir='ltr'>scripta</span> <span class='ocrx_word' id='word_1_355' title='bbox 707 2438 920 2472; x_wconf 88' lang='lat' dir='ltr'>mandantes</span> <span class='ocrx_word' id='word_1_356' title='bbox 953 2438 1125 2484; x_wconf 83' lang='lat' dir='ltr'>quatinus</span> <span class='ocrx_word' id='word_1_357' title='bbox 1159 2438 1277 2472; x_wconf 88' lang='lat' dir='ltr'>dictos</span> <span class='ocrx_word' id='word_1_358' title='bbox 1312 2439 1442 2472; x_wconf 87' lang='lat' dir='ltr'>fratres</span> <span class='ocrx_word' id='word_1_359' title='bbox 1476 2438 1727 2472; x_wconf 88' lang='lat' dir='ltr'>Predicatores</span> <span class='ocrx_word' id='word_1_360' title='bbox 1762 2438 1938 2472; x_wconf 86' lang='lat' dir='ltr'>habentes</span> <span class='ocrx_word' id='word_1_361' title='bbox 1972 2439 2016 2472; x_wconf 92' lang='lat' dir='ltr'>de</span> <span class='ocrx_word' id='word_1_362' title='bbox 2058 2438 2126 2473; x_wconf 88' lang='lat' dir='ltr'>hoc</span> 
     </span>
     <span class='ocr_line' id='line_1_33' title="bbox 251 2503 2126 2551; baseline 0.001 -13"><span class='ocrx_word' id='word_1_363' title='bbox 251 2505 398 2551; x_wconf 86' lang='lat' dir='ltr'>penitus</span> <span class='ocrx_word' id='word_1_364' title='bbox 427 2510 633 2547; x_wconf 86' lang='lat' dir='ltr'>excusatos,</span> <span class='ocrx_word' id='word_1_365' title='bbox 662 2511 698 2538; x_wconf 88' lang='lat' dir='ltr'>et</span> <span class='ocrx_word' id='word_1_366' title='bbox 731 2516 856 2538; x_wconf 90' lang='lat' dir='ltr'>eorum</span> <span class='ocrx_word' id='word_1_367' title='bbox 886 2504 924 2538; x_wconf 92' lang='lat' dir='ltr'>in</span> <span class='ocrx_word' id='word_1_368' title='bbox 953 2503 1024 2538; x_wconf 90' lang='lat' dir='ltr'>hiis</span> <span class='ocrx_word' id='word_1_369' title='bbox 1054 2504 1296 2538; x_wconf 85' lang='lat' dir='ltr'>innocentiam</span> <span class='ocrx_word' id='word_1_370' title='bbox 1327 2505 1460 2538; x_wconf 88' lang='lat' dir='ltr'>vestris</span> <span class='ocrx_word' id='word_1_371' title='bbox 1488 2503 1647 2538; x_wconf 85' lang='lat' dir='ltr'>subditis</span> <span class='ocrx_word' id='word_1_372' title='bbox 1677 2511 1915 2551; x_wconf 80' lang='lat' dir='ltr'>exponentes,</span> <span class='ocrx_word' id='word_1_373' title='bbox 1947 2505 2048 2551; x_wconf 87' lang='lat' dir='ltr'>ipsos</span> <span class='ocrx_word' id='word_1_374' title='bbox 2078 2505 2126 2539; x_wconf 91' lang='lat' dir='ltr'>ob</span> 
     </span>
     <span class='ocr_line' id='line_1_34' title="bbox 251 2570 2125 2617; baseline 0.001 -12"><span class='ocrx_word' id='word_1_375' title='bbox 251 2571 490 2605; x_wconf 87' lang='lat' dir='ltr'>reverentiam</span> <span class='ocrx_word' id='word_1_376' title='bbox 517 2570 717 2617; x_wconf 87' lang='lat' dir='ltr'>apostolice</span> <span class='ocrx_word' id='word_1_377' title='bbox 745 2571 846 2605; x_wconf 86' lang='lat' dir='ltr'>sedis</span> <span class='ocrx_word' id='word_1_378' title='bbox 875 2577 910 2604; x_wconf 91' lang='lat' dir='ltr'>et</span> <span class='ocrx_word' id='word_1_379' title='bbox 939 2577 1098 2605; x_wconf 85' lang='lat' dir='ltr'>nostram</span> <span class='ocrx_word' id='word_1_380' title='bbox 1126 2577 1292 2617; x_wconf 88' lang='lat' dir='ltr'>tanquam</span> <span class='ocrx_word' id='word_1_381' title='bbox 1321 2570 1501 2617; x_wconf 87' lang='lat' dir='ltr'>speciales</span> <span class='ocrx_word' id='word_1_382' title='bbox 1521 2577 1557 2605; x_wconf 88' lang='lat' dir='ltr'>et</span> <span class='ocrx_word' id='word_1_383' title='bbox 1582 2570 1756 2605; x_wconf 86' lang='lat' dir='ltr'>amabiles</span> <span class='ocrx_word' id='word_1_384' title='bbox 1782 2571 1937 2605; x_wconf 89' lang='lat' dir='ltr'>ecclesie</span> <span class='ocrx_word' id='word_1_385' title='bbox 1966 2573 2125 2606; x_wconf 86' lang='lat' dir='ltr'>Romane</span> 
     </span>
     <span class='ocr_line' id='line_1_35' title="bbox 250 2637 2125 2684; baseline 0.001 -13"><span class='ocrx_word' id='word_1_386' title='bbox 250 2637 346 2672; x_wconf 82' lang='lat' dir='ltr'>filios</span> <span class='ocrx_word' id='word_1_387' title='bbox 375 2649 415 2671; x_wconf 89' lang='lat' dir='ltr'>ac</span> <span class='ocrx_word' id='word_1_388' title='bbox 447 2637 575 2672; x_wconf 86' lang='lat' dir='ltr'>salutis</span> <span class='ocrx_word' id='word_1_389' title='bbox 602 2637 800 2671; x_wconf 90' lang='lat' dir='ltr'>animarum</span> <span class='ocrx_word' id='word_1_390' title='bbox 829 2637 991 2671; x_wconf 87' lang='lat' dir='ltr'>fervidos</span> <span class='ocrx_word' id='word_1_391' title='bbox 1015 2637 1193 2671; x_wconf 90' lang='lat' dir='ltr'>zelatores</span> <span class='ocrx_word' id='word_1_392' title='bbox 1217 2649 1298 2671; x_wconf 88' lang='lat' dir='ltr'>cum</span> <span class='ocrx_word' id='word_1_393' title='bbox 1325 2637 1423 2671; x_wconf 90' lang='lat' dir='ltr'>omni</span> <span class='ocrx_word' id='word_1_394' title='bbox 1453 2637 1599 2672; x_wconf 87' lang='lat' dir='ltr'>caritate</span> <span class='ocrx_word' id='word_1_395' title='bbox 1628 2649 1668 2671; x_wconf 92' lang='lat' dir='ltr'>ac</span> <span class='ocrx_word' id='word_1_396' title='bbox 1698 2637 1923 2684; x_wconf 83' lang='lat' dir='ltr'>benignitate</span> <span class='ocrx_word' id='word_1_397' title='bbox 1950 2639 2125 2682; x_wconf 86' lang='lat' dir='ltr'>tractetis,</span> 
     </span>
     <span class='ocr_line' id='line_1_36' title="bbox 250 2703 2123 2751; baseline 0.001 -13"><span class='ocrx_word' id='word_1_398' title='bbox 250 2710 286 2738; x_wconf 89' lang='lat' dir='ltr'>et</span> <span class='ocrx_word' id='word_1_399' title='bbox 313 2704 530 2750; x_wconf 87' lang='lat' dir='ltr'>opportunis</span> <span class='ocrx_word' id='word_1_400' title='bbox 555 2704 721 2738; x_wconf 88' lang='lat' dir='ltr'>consiliis</span> <span class='ocrx_word' id='word_1_401' title='bbox 749 2711 784 2738; x_wconf 91' lang='lat' dir='ltr'>et</span> <span class='ocrx_word' id='word_1_402' title='bbox 811 2703 989 2738; x_wconf 85' lang='lat' dir='ltr'>subsidiis</span> <span class='ocrx_word' id='word_1_403' title='bbox 1015 2704 1180 2746; x_wconf 87' lang='lat' dir='ltr'>foveatis,</span> <span class='ocrx_word' id='word_1_404' title='bbox 1207 2704 1253 2738; x_wconf 86' lang='lat' dir='ltr'>ita</span> <span class='ocrx_word' id='word_1_405' title='bbox 1279 2704 1377 2750; x_wconf 92' lang='lat' dir='ltr'>quod</span> <span class='ocrx_word' id='word_1_406' title='bbox 1403 2704 1584 2746; x_wconf 78' lang='lat' dir='ltr'>affectum,</span> <span class='ocrx_word' id='word_1_407' title='bbox 1610 2716 1716 2751; x_wconf 90' lang='lat' dir='ltr'>quem</span> <span class='ocrx_word' id='word_1_408' title='bbox 1747 2704 1791 2738; x_wconf 82' lang='lat' dir='ltr'>ad</span> <span class='ocrx_word' id='word_1_409' title='bbox 1817 2717 1885 2739; x_wconf 86' lang='lat' dir='ltr'>nos</span> <span class='ocrx_word' id='word_1_410' title='bbox 1911 2711 1947 2739; x_wconf 88' lang='lat' dir='ltr'>et</span> <span class='ocrx_word' id='word_1_411' title='bbox 1971 2705 2123 2739; x_wconf 82' lang='lat' dir='ltr'>eandem</span> 
     </span>
     <span class='ocr_line' id='line_1_37' title="bbox 249 2769 2122 2818; baseline 0.001 -13"><span class='ocrx_word' id='word_1_412' title='bbox 249 2769 392 2805; x_wconf 87' lang='lat' dir='ltr'>habetis</span> <span class='ocrx_word' id='word_1_413' title='bbox 412 2770 616 2813; x_wconf 78' lang='lat' dir='ltr'>ecclesiam,</span> <span class='ocrx_word' id='word_1_414' title='bbox 643 2783 686 2805; x_wconf 88' lang='lat' dir='ltr'>ex</span> <span class='ocrx_word' id='word_1_415' title='bbox 711 2770 779 2805; x_wconf 93' lang='lat' dir='ltr'>hoc</span> <span class='ocrx_word' id='word_1_416' title='bbox 805 2770 951 2818; x_wconf 90' lang='lat' dir='ltr'>plenius</span> <span class='ocrx_word' id='word_1_417' title='bbox 976 2778 1221 2818; x_wconf 81' lang='lat' dir='ltr'>agnoscentes</span> <span class='ocrx_word' id='word_1_418' title='bbox 1247 2770 1441 2805; x_wconf 87' lang='lat' dir='ltr'>reddamur</span> <span class='ocrx_word' id='word_1_419' title='bbox 1466 2771 1597 2805; x_wconf 89' lang='lat' dir='ltr'>exinde</span> <span class='ocrx_word' id='word_1_420' title='bbox 1622 2771 1665 2805; x_wconf 88' lang='lat' dir='ltr'>ad</span> <span class='ocrx_word' id='word_1_421' title='bbox 1691 2778 1809 2805; x_wconf 86' lang='lat' dir='ltr'>vestra</span> <span class='ocrx_word' id='word_1_422' title='bbox 1832 2778 1867 2806; x_wconf 91' lang='lat' dir='ltr'>et</span> <span class='ocrx_word' id='word_1_423' title='bbox 1886 2771 2122 2806; x_wconf 83' lang='lat' dir='ltr'>ecclesiarum</span> 
     </span>
     <span class='ocr_line' id='line_1_38' title="bbox 249 2837 2122 2884; baseline 0.001 -13"><span class='ocrx_word' id='word_1_424' title='bbox 249 2843 450 2872; x_wconf 83' lang='lat' dir='ltr'>vestrarum</span> <span class='ocrx_word' id='word_1_425' title='bbox 470 2837 621 2872; x_wconf 91' lang='lat' dir='ltr'>comoda</span> <span class='ocrx_word' id='word_1_426' title='bbox 647 2838 903 2884; x_wconf 87' lang='lat' dir='ltr'>promptiores.</span> <span class='ocrx_word' id='word_1_427' title='bbox 932 2839 1009 2872; x_wconf 83' lang='lat' dir='ltr'>Dat.</span> <span class='ocrx_word' id='word_1_428' title='bbox 1036 2837 1191 2872; x_wconf 90' lang='lat' dir='ltr'>Viterbii</span> <span class='ocrx_word' id='word_1_429' title='bbox 1212 2849 1233 2871; x_wconf 89' lang='lat' dir='ltr'>x</span> <span class='ocrx_word' id='word_1_430' title='bbox 1254 2837 1323 2871; x_wconf 88' lang='lat' dir='ltr'>kal.</span> <span class='ocrx_word' id='word_1_431' title='bbox 1349 2838 1462 2880; x_wconf 88' lang='lat' dir='ltr'>Junii,</span> <span class='ocrx_word' id='word_1_432' title='bbox 1488 2838 1720 2884; x_wconf 76' lang='lat' dir='ltr'>pontificatus</span> <span class='ocrx_word' id='word_1_433' title='bbox 1745 2838 1860 2872; x_wconf 90' lang='lat' dir='ltr'>nostri</span> <span class='ocrx_word' id='word_1_434' title='bbox 1886 2851 1981 2872; x_wconf 91' lang='lat' dir='ltr'>anno</span> <span class='ocrx_word' id='word_1_435' title='bbox 2002 2839 2122 2872; x_wconf 87' lang='lat' dir='ltr'>tertio.</span> 
     </span>
    </p>
   </div>
   <div class='ocr_carea' id='block_1_6' title="bbox 248 2921 2124 3012">
    <p class='ocr_par' dir='ltr' id='par_1_6' title="bbox 248 2921 2124 3012">
     <span class='ocr_line' id='line_1_39' title="bbox 341 2921 2124 2968; baseline 0 -8"><span class='ocrx_word' id='word_1_436' title='bbox 341 2921 477 2968; x_wconf 59' lang='lat' dir='ltr'>Originae</span> <span class='ocrx_word' id='word_1_437' title='bbox 496 2935 523 2960; x_wconf 85' lang='lat' dir='ltr'>in</span> <span class='ocrx_word' id='word_1_438' title='bbox 542 2936 619 2960; x_wconf 74' lang='lat' dir='ltr'>Ascli.</span> <span class='ocrx_word' id='word_1_439' title='bbox 639 2939 693 2960; x_wconf 71' lang='lat' dir='ltr'>nat.</span> <span class='ocrx_word' id='word_1_440' title='bbox 714 2935 799 2961; x_wconf 71' lang='lat' dir='ltr'>Parin.</span> <span class='ocrx_word' id='word_1_441' title='bbox 822 2936 849 2961; x_wconf 77' lang='lat' dir='ltr'>L.</span> <span class='ocrx_word' id='word_1_442' title='bbox 871 2936 926 2966; x_wconf 72' lang='lat'>2⁶1,</span> <span class='ocrx_word' id='word_1_443' title='bbox 943 2941 972 2959; x_wconf 65' lang='grc' dir='ltr'>η’</span> <span class='ocrx_word' id='word_1_444' title='bbox 992 2926 1045 2960; x_wconf 65' lang='grc'>141.</span> <span class='ocrx_word' id='word_1_445' title='bbox 1068 2936 1217 2968; x_wconf 76' lang='lat' dir='ltr'>Super-unt</span> <span class='ocrx_word' id='word_1_446' title='bbox 1235 2936 1280 2960; x_wconf 75' lang='lat' dir='ltr'>fila</span> <span class='ocrx_word' id='word_1_447' title='bbox 1301 2935 1412 2959; x_wconf 75' lang='lat' dir='ltr'>cannah.</span> <span class='ocrx_word' id='word_1_448' title='bbox 1434 2935 1511 2959; x_wconf 79' lang='lat' dir='ltr'>Aliud</span> <span class='ocrx_word' id='word_1_449' title='bbox 1533 2935 1559 2959; x_wconf 83' lang='lat' dir='ltr'>in</span> <span class='ocrx_word' id='word_1_450' title='bbox 1579 2935 1655 2960; x_wconf 55' lang='grc' dir='ltr'>,λι-σὴ,</span> <span class='ocrx_word' id='word_1_451' title='bbox 1672 2936 1774 2968; x_wconf 60' lang='lat' dir='ltr'>dep-rt.</span> <span class='ocrx_word' id='word_1_452' title='bbox 1791 2937 1837 2960; x_wconf 74' lang='lat' dir='ltr'>de·</span> <span class='ocrx_word' id='word_1_453' title='bbox 1858 2936 2124 2961; x_wconf 54' lang='lat' dir='ltr'>nouem-«turham</span> 
     </span>
     <span class='ocr_line' id='line_1_40' title="bbox 248 2978 2122 3012; baseline 0 -8"><span class='ocrx_word' id='word_1_454' title='bbox 248 2978 410 3010; x_wconf 54' lang='lat' dir='ltr'>lflfflsse),</span> <span class='ocrx_word' id='word_1_455' title='bbox 430 2979 508 3004; x_wconf 74' lang='lat' dir='ltr'>divin.</span> <span class='ocrx_word' id='word_1_456' title='bbox 531 2979 675 3004; x_wconf 64' lang='lat' dir='ltr'>Praene-m</span> <span class='ocrx_word' id='word_1_457' title='bbox 695 2979 805 3005; x_wconf 72' lang='lat' dir='ltr'>d&#39;Arten.</span> <span class='ocrx_word' id='word_1_458' title='bbox 826 2980 903 3004; x_wconf 72' lang='lat' dir='ltr'>Bau·</span> <span class='ocrx_word' id='word_1_459' title='bbox 922 2988 982 3004; x_wconf 81' lang='lat' dir='ltr'>cum</span> <span class='ocrx_word' id='word_1_460' title='bbox 1002 2980 1039 3004; x_wconf 83' lang='lat' dir='ltr'>m.</span> <span class='ocrx_word' id='word_1_461' title='bbox 1059 2988 1136 3004; x_wconf 72' lang='lat' dir='ltr'>carin.</span> <span class='ocrx_word' id='word_1_462' title='bbox 1151 2994 1183 2998; x_wconf 96' lang='lat'><strong>—</strong></span> <span class='ocrx_word' id='word_1_463' title='bbox 1202 2980 1329 3005; x_wconf 68' lang='lat' dir='ltr'>Vidimus</span> <span class='ocrx_word' id='word_1_464' title='bbox 1347 2979 1428 3012; x_wconf 75' lang='lat' dir='ltr'>epi-c.</span> <span class='ocrx_word' id='word_1_465' title='bbox 1446 2979 1583 3012; x_wconf 65' lang='lat' dir='ltr'>Reginam}</span> <span class='ocrx_word' id='word_1_466' title='bbox 1604 2980 1687 3004; x_wconf 70' lang='lat' dir='ltr'>Parin.</span> <span class='ocrx_word' id='word_1_467' title='bbox 1709 2980 1842 3012; x_wconf 66' lang='lat' dir='ltr'>Septemb.</span> <span class='ocrx_word' id='word_1_468' title='bbox 1858 2988 1900 3004; x_wconf 77' lang='lat' dir='ltr'>nn.</span> <span class='ocrx_word' id='word_1_469' title='bbox 1923 2981 1983 3004; x_wconf 69' lang='lat'>1257</span> <span class='ocrx_word' id='word_1_470' title='bbox 1999 2981 2024 3003; x_wconf 82' lang='lat' dir='ltr'>in</span> <span class='ocrx_word' id='word_1_471' title='bbox 2046 2980 2122 3004; x_wconf 65' lang='lat' dir='ltr'>Areu:</span> 
     </span>
    </p>
   </div>
  </div>
 </body>
</html>
