2580 3528
459 370 523 403 234
1042 371 1357 395 annTtLAniuM
1394 367 1581 390 [MVERS.
1620 366 1747 388 tutus,
2229 354 2328 394 [1252

460 494 571 531 205.
595 502 775 528 Innocentius
791 502 833 527 IV
844 499 971 526 concedit
987 498 1134 533 magistris
1150 501 1176 522 et
1191 495 1371 521 scholaribus
1388 494 1482 519 Paris.
1493 494 1543 528 jus
1559 491 1651 526 sigilli
1663 500 1716 527 per
1730 490 1896 516 decennium
1912 490 2060 526 septennio
2076 489 2222 527 completo,

1715 592 1788 620 125².
1803 580 1865 618 ami
1876 592 1921 621 30,
1937 582 2050 618 rameii

549 676 783 710 Innocentius
813 674 1007 719 episcopus
1037 683 1165 704 servus
1195 680 1382 702 servorum
1414 667 1479 700 Dei
1511 666 1694 700 universis
1722 666 1908 711 magistris
1936 672 1972 699 et
1999 665 2202 699 scolaribus
2230 650 2327 698 Pari—

459 743 644 777 siensibus
665 742 814 775 salutem
838 747 873 773 et
896 738 1129 784 apostolicam
1157 735 1463 768 benedictionem.
1492 733 1636 766 Dudum
1661 733 1706 766 ad
1731 732 1956 766 audienciam
1986 738 2146 765 nostram
2174 731 2326 777 perlato7

458 809 555 855 quod
589 809 684 841 bone
718 806 890 840 memorie
925 807 965 837 R.
1002 803 1214 836 Portuensis
1249 801 1444 846 episcopus
1480 807 1564 833 tunc
1601 800 1635 833 S.
1659 799 1804 845 ·Angeli
1843 799 2019 832 diaconus
2058 797 2253 838 cardinalis
2290 798 2327 830 in

458 875 619 921 partibus
641 874 788 907 Francie
810 871 1006 917 apostolice
1029 870 1127 902 sedis
1149 869 1290 914 legatus
1317 874 1478 901 vestrum
1505 867 1590 900 fecit
1615 867 1733 912 srangi
1759 865 1936 911 sigillum,
1966 877 2032 911 pro
2052 866 2157 910 cujus
2184 864 2325 898 defectu

457 954 521 975 vos
551 942 692 974 diversa
723 938 949 972 incommoda
979 936 1174 969 sustulisse
1200 934 1409 975 didicimus,
1436 934 1521 967 dum
1547 934 1684 979 privata
1710 940 1746 966 et
1775 932 1884 966 ardua
1909 938 2030 966 vestra
2057 931 2216 977 negotia,
2245 943 2325 964 cum

456 1008 562 1041 alieni
584 1006 801 1052 querebatur
822 1004 934 1050 sigilli
961 1002 1175 1042 remediunn
1196 1000 1391 1034 veniebant
1417 1001 1454 1033 in
1482 1000 1644 1033 notitiam
1672 999 1826 1033 aliorum
1850 1011 1857 1032 ε
1880 1011 1948 1032 nos
1973 1005 2094 1032 vestre
2121 997 2327 1031 devotionis

458 1073 625 1119 precibus
646 1078 847 1105 annuentes
868 1077 907 1103 ut
927 1069 1088 1115 sigillum
1109 1068 1296 1113 proprium
1323 1079 1388 1112 pro
1414 1067 1574 1112 negotiis
1601 1067 1638 1100 in
1659 1066 1794 1112 quibus
1814 1078 1923 1099 causa
1942 1072 2063 1099 vestre
2084 1064 2250 1098 utilitatis
2269 1063 2327 1098 vel

456 1140 603 1173 honoris
624 1139 755 1183 agitur,
778 1138 822 1170 de
843 1149 914 1182 quo
936 1143 1054 1169 tamen
1075 1135 1154 1168 sine
1176 1134 1432 1168 Universitatis
1453 1141 1513 1167 aut
1533 1134 1681 1179 majoris
1702 1133 1814 1179 partis
1837 1133 2041 1178 regentium
2068 1132 2323 1177 magistrorum

454 1218 605 1239 assensu
627 1205 725 1237 nulle
746 1204 863 1236 littere
890 1202 1111 1248 sigillentur,
1137 1213 1254 1246 usque
1279 1201 1323 1234 ad
1349 1201 1580 1246 septennium
1601 1200 1736 1233 habere
1763 1200 1924 1245 possetis
1946 1199 2095 1232 fratrum
2117 1205 2324 1231 nostrorum

454 1272 716 1305 communicato
737 1270 905 1310 consilio,
927 1268 1032 1302 vobis
1053 1280 1118 1314 per
1137 1268 1276 1301 litteras
1302 1274 1446 1301 nostras
1467 1267 1637 1300 duximus
1661 1266 1937 1300 concedendum
1952 1266 1975 1298 ¹.
2003 1267 2051 1299 Ut
2075 1264 2188 1310 igitur
2207 1270 2326 1298 vestra

455 1339 598 1372 devotio
628 1337 782 1383 gaudeat
811 1349 850 1369 se
880 1336 974 1381 apud
1004 1347 1072 1368 nos
1101 1334 1309 1367 uberiorem
1340 1346 1451 1380 super
1479 1334 1548 1367 hoc
1578 1334 1728 1380 gratiam
1758 1333 1959 1374 invenisse,
1990 1331 2088 1377 quod
2115 1330 2324 1376 hujusmodi

454 1404 614 1450 sigillum
643 1403 711 1437 sub
742 1403 920 1448 premisso
950 1409 1076 1435 tenore
1104 1414 1169 1447 per
1199 1401 1416 1434 decennium
1444 1413 1463 1434 a
1490 1401 1561 1434 fine
1589 1401 1717 1446 prefati
1743 1399 1926 1446 septennii
1952 1398 2196 1432 inchoandum
2221 1396 2327 1431 vobis

454 1471 586 1504 habere
616 1471 733 1511 liceat,
764 1470 896 1503 vestris
926 1468 1096 1514 precibus
1127 1468 1288 1501 inclinati
1318 1468 1530 1501 auctoritate
1560 1467 1665 1502 vobis
1695 1467 1920 1512 presentium
1952 1465 2200 1511 indulgemus.
2229 1463 2325 1497 Nulli

455 1550 556 1583 ergo,
584 1543 663 1578 etc.⁷
690 1543 813 1570 nostre
839 1536 1105 1577 concessionis,
1130 1541 1194 1569 etc.
1223 1535 1258 1568 Si
1287 1535 1369 1580 quis
1395 1542 1528 1575 autem,
1554 1540 1618 1569 etc.
1648 1536 1725 1568 Dat.
1754 1533 1895 1567 Perusii
1921 1533 1958 1578 iij
1981 1532 2050 1566 kal.
2071 1531 2183 1572 Junii,
2209 1530 2328 1576 ponti-

455 1605 580 1637 ficatus
602 1604 715 1636 nostri
737 1615 830 1636 anno
852 1615 960 1635 nono.

548 1701 736 1733 Apogruphum
753 1710 820 1725 suec.
837 1702 894 1724 Xlll
912 1701 936 1724 in
954 1702 1029 1724 ,λι-(τὴ.
1047 1705 1099 1725 nat.
1116 1700 1200 1725 Puris.
1216 1701 1248 1724 M.
1268 1701 1324 1729 66¹²,
1341 1704 1369 1723 n⁰
1387 1701 1410 1724 3.

548 1786 569 1810 1.
590 1786 653 1809 Vide
669 1794 749 1817 supra
766 1790 794 1809 n⁰
810 1786 863 1809 165.

455 1912 565 1949 206.
589 1921 769 1948 Innocentius
798 1923 841 1947 IV
861 1921 1002 1947 Adamum
1031 1922 1193 1958 episcopum
1224 1921 1462 1948 »silvanectensem
1496 1924 1720 1947 conservatorem
1745 1920 1823 1956 juris
1851 1918 1943 1954 sigilli
1971 1917 2098 1944 habendi
2126 1916 2273 1952 magistris
2302 1919 2329 1941 et

542 1970 722 1996 scholaribus
736 1970 951 1996 Parisiensibus
966 1980 1018 2006 per
1032 1970 1199 1996 decennium
1215 1971 1252 1997 ab
1269 1972 1331 2007 ipso
1347 1971 1474 1997 concessi
1488 1970 1644 1996 constituit.

1709 2028 1783 2057 1252,
1799 2026 1860 2053 Maii
1872 2027 1917 2056 30.
1934 2025 2041 2052 Perusia

545 2103 778 2135 Innocentius
809 2103 1003 2148 episcopus
1038 2116 1166 2137 servus
1201 2116 1388 2137 servorum
1420 2104 1486 2136 Dei
1522 2102 1724 2136 venerabili
1759 2101 1858 2135 fratri
1889 2127 1909 2133 ..
1941 2100 2115 2146 episeopo
2146 2098 2328 2132 Silvanec-

457 2169 550 2202 tensi
573 2168 723 2202 salutem
747 2176 782 2202 et
801 2170 1033 2214 apostolicam
1055 2170 1360 2204 benedictionem.
1387 2170 1531 2203 Dudum
1559 2170 1603 2203 ad
1628 2169 1849 2202 audientiam
1876 2174 2036 2201 nostram
2057 2165 2209 2211 perlato,
2231 2164 2327 2210 quod

457 2234 550 2268 bone
572 2236 745 2268 memorie
768 2237 806 2268 R.
830 2237 1042 2270 portuensis
1064 2238 1272 2283 episcopus,
1295 2244 1380 2271 tunc
1402 2237 1521 2271 Sancti
1542 2236 1675 2282 Angeli
1697 2236 1873 2269 diaconus
1893 2233 2088 2267 cardinalis
2108 2232 2145 2265 in
2166 2230 2328 2277 partibus

458 2302 605 2334 Francie
630 2302 827 2347 apostolice
854 2303 953 2336 sedis
980 2303 1135 2349 legatus,
1162 2304 1377 2337 dilectorum
1406 2304 1563 2337 filiorum
1585 2303 1842 2349 magistrorum
1875 2307 1910 2334 et
1934 2300 2128 2333 scolarium
2149 2297 2329 2331 Parisien-

459 2368 549 2401 sium
572 2369 653 2401 secit
676 2369 791 2413 frangi
813 2369 988 2414 sigillum⁷
1011 2383 1076 2415 pro
1094 2372 1199 2415 cujus
1218 2371 1361 2404 defectu
1382 2371 1526 2404 diversa
1544 2382 1608 2403 eos
1629 2368 1859 2403 incommoda
1879 2366 2101 2400 substulisse
2119 2364 2327 2403 didicimus,

459 2434 542 2467 dum
570 2435 703 2479 privata
731 2442 766 2468 et
792 2436 901 2468 ardua
930 2448 1053 2469 eorum
1084 2438 1242 2483 negotia,
1269 2450 1349 2471 cum
1375 2438 1483 2471 alieni
1510 2436 1730 2482 querebatur
1755 2435 1869 2481 sigilli
1894 2433 2110 2474 remedium,
2135 2430 2327 2465 veniebant

460 2500 495 2532 in
526 2501 685 2534 notitiam
717 2501 866 2534 aliorum
892 2514 898 2534 :
927 2515 994 2535 nos
1029 2504 1227 2537 eorundem
1259 2505 1516 2550 magistrorum
1551 2510 1586 2537 et
1615 2503 1809 2537 scolarium
1844 2500 2016 2547 precibus
2045 2505 2261 2537 annuentes,
2291 2503 2329 2530 ut

462 2566 620 2610 sigillum
644 2568 827 2611 proprium
851 2581 915 2612 pro
941 2570 1099 2614 negotiis
1127 2571 1163 2603 in
1192 2571 1325 2616 quibus
1350 2583 1456 2604 causa
1482 2583 1546 2604 sue
1572 2570 1736 2603 utilitatis
1761 2568 1818 2602 vel
1845 2567 1997 2601 honoris
2026 2566 2158 2611 agitur,
2185 2565 2229 2598 de
2258 2575 2328 2609 quo

464 2638 580 2664 tamen
610 2633 688 2664 sine
723 2646 786 2665 sue
822 2635 1076 2669 Universitatis
1106 2644 1165 2670 aut
1194 2638 1341 2682 majoris
1371 2638 1482 2683 partis
1514 2637 1718 2682 regentium
1754 2635 2009 2681 magistrorum
2046 2643 2200 2666 assensu
2230 2629 2328 2663 nulle

463 2697 581 2730 littere
603 2698 820 2742 sigillentur,
850 2713 964 2745 usque
992 2702 1035 2734 ad
1064 2705 1291 2748 septennium
1320 2704 1452 2737 habere
1479 2710 1632 2750 possent
1655 2704 1804 2736 fratrum
1831 2708 2039 2734 nostrorum
2065 2697 2328 2732 communicato

465 2764 633 2800 consilio,
668 2765 720 2796 eis
760 2778 823 2809 per
862 2774 1003 2800 nostras
1041 2768 1178 2803 litteras
1218 2771 1386 2804 duximus
1425 2770 1712 2804 concedendum.
1749 2770 1797 2802 Ut
1833 2768 1945 2813 igitur
1983 2767 2146 2811 ipsorum
2184 2762 2328 2796 devotio

465 2830 619 2875 gaudeat
647 2843 684 2862 se
715 2831 808 2875 apud
837 2844 903 2864 nos
932 2833 1136 2867 uberiorem
1168 2849 1277 2881 super
1304 2837 1372 2870 hoc
1400 2838 1550 2882 gratiam
1578 2836 1777 2877 invenisse,
1806 2834 1903 2880 quod
1928 2831 2138 2877 hujusmodi
2167 2829 2327 2875 sigillum

466 2896 533 2929 sub
555 2897 733 2941 premisso
756 2904 879 2930 tenore
902 2911 964 2943 per
985 2900 1199 2935 decennium
1227 2916 1244 2936 a
1270 2904 1340 2937 fine
1369 2904 1494 2949 prefati
1521 2903 1701 2948 septennii
1728 2900 1970 2934 inchoandum
1992 2899 2046 2931 eis
2071 2895 2329 2933 habereliceat

589 2955 628 2978 30.

2576 1084 2580 1101 m,
2576 1064 2580 1078 ..
2568 811 2580 1050 ..ω-,ωωῇὲ-ι-
