2580 3528
252 425 350 466 1284]
593 435 640 458 ΑΒ
673 435 781 458 Anao
815 435 892 458 mcc
927 436 1058 465 usous
1093 435 1142 458 An
1177 436 1405 460 ammarum
1440 439 1480 460 1v
1513 439 1604 462 nac.
1640 441 1776 464 rnxxc.
2061 435 2125 469 617

249 515 413 555 tempora
441 508 609 542 moderni
638 509 859 551 cancellarii,
885 509 930 543 ab
957 510 1038 556 ipso
1069 516 1188 544 tamen
1213 511 1322 544 modo
1351 512 1500 557 proprio
1533 520 1632 546 motu
1660 514 1717 547 sui
1747 515 1874 560 capitis
1905 517 2124 561 perturbata.

249 576 339 609 Item
367 574 519 609 facultas
545 575 591 609 ad
618 575 688 609 hoc
716 575 824 609 habet
854 576 1020 610 raciones
1049 576 1227 610 efficaces.
1256 579 1334 611 Una
1365 578 1455 612 ratio
1485 585 1553 621 est,
1576 580 1746 625 quoniam
1774 581 1842 614 iste
1864 583 1993 616 modus
2014 583 2127 617 licen-

249 641 361 676 tiandi
390 649 556 676 servatur
581 642 620 676 in
648 642 729 676 aliis
758 643 1002 677 facultatibus.
1029 645 1133 686 Item,
1164 645 1330 690 magistri
1359 651 1440 678 actu
1470 653 1642 691 regentes
1672 647 1709 679 in
1737 647 1904 681 facultate
1934 650 2125 684 certiorem

248 707 383 742 habent
406 715 442 742 et
467 709 633 755 accipere
657 716 814 755 possunt
834 710 1094 755 experientiam
1115 710 1160 744 de
1181 711 1259 744 suis
1284 711 1502 754 scolaribus,
1531 725 1638 758 quam
1658 713 1849 748 inveterati
1875 716 2040 761 magistri
2065 717 2126 762 qui

248 781 328 809 actu
349 771 428 809 non⁴
444 782 590 822 regunt,
608 783 683 810 tum
705 777 788 822 quia
809 776 942 810 melius
962 784 1144 811 noverunt
1163 784 1199 811 et
1217 789 1444 824 cognoscere
1460 786 1616 825 possunt
1636 786 1756 813 utrum
1774 781 1847 814 sint
1862 781 1949 814 boni
1966 782 2126 817 scolares

247 841 306 877 vel
331 854 418 884 non,
446 854 529 876 cum
556 842 627 888 ipsi
651 842 837 876 bacellarii
866 843 1024 877 debeant
1047 843 1280 889 frequentare
1306 844 1426 878 scolas
1453 852 1533 879 actu
1562 847 1767 892 regentium
1796 854 1832 880 et
1858 860 1931 881 non
1951 848 2124 890 aliorum;

248 915 323 942 tum
349 909 469 951 etiam,
497 909 581 955 quia
608 909 654 943 de
681 909 869 943 modernis
897 910 1134 956 opinionibus
1161 918 1342 945 noverunt
1361 912 1563 955 veritatem,
1591 925 1665 946 non
1691 920 1810 947 autem
1834 914 1894 948 alii
1922 915 2124 957 inveterati,

247 976 418 1022 quoniam
452 988 533 1010 cum
568 976 720 1010 scientia
754 977 884 1010 artium
919 977 967 1010 sit
999 977 1135 1019 labilis,
1166 978 1370 1021 inveterati,
1405 991 1478 1012 non
1515 986 1700 1026 regentes,
1738 981 1907 1015 nesciunt
1932 982 2126 1027 opiniones

247 1042 442 1076 modernas
463 1049 499 1076 et
517 1043 718 1077 amiserunt
737 1043 916 1089 antiquas.
935 1044 1023 1077 Item
1041 1044 1228 1090 predictus
1249 1045 1488 1079 cancellarius
1509 1045 1661 1080 deberet
1679 1046 1774 1080 velle
1794 1047 1892 1093 quod
1909 1048 1946 1081 in
1962 1049 2126 1082 examine

246 1108 323 1151 illo,
346 1121 412 1155 per
431 1109 700 1155 depositionem
721 1110 978 1156 magistrorum
1004 1117 1084 1144 actu
1111 1111 1330 1156 regentium,
1351 1112 1612 1158 expedirentur
1632 1112 1817 1147 bacellarii
1838 1114 1875 1147 in
1896 1115 2031 1160 rigore,
2054 1116 2124 1149 nisi

245 1175 485 1210 cancellarius
514 1175 552 1209 in
575 1175 770 1210 collatione
795 1176 1023 1210 licentiarum
1048 1177 1136 1211 velit
1162 1189 1245 1211 esse
1266 1185 1472 1224 suspectus.
1500 1179 1592 1213 Cum
1617 1179 1689 1225 ipsi
1718 1179 1902 1214 bucellarii
1928 1188 2067 1226 postea,
2093 1182 2124 1215 si

245 1241 360 1276 velint
378 1242 596 1288 magistrari,
614 1241 833 1288 quibusdam
853 1243 1007 1276 servatis
1027 1243 1337 1285 condictionibus,
1354 1244 1512 1278 debeant
1531 1246 1644 1291 recipi
1665 1246 1701 1279 in
1722 1247 1980 1292 magistrorum
1997 1259 2124 1294 regen-

246 1308 334 1342 tium
350 1308 524 1354 collegio,
543 1315 579 1342 et
596 1321 677 1342 cum
699 1309 940 1343 cancellarius
962 1309 1101 1355 pluries
1122 1322 1187 1355 per
1207 1310 1410 1344 facultatem
1429 1311 1641 1357 requisitus,
1660 1313 1758 1358 quod
1773 1314 1848 1358 jam
1869 1314 1998 1347 dictam
2017 1314 2123 1348 liber-

244 1380 352 1409 tatem
384 1374 565 1408 facultatis
598 1387 672 1408 non
694 1375 865 1417 auferret,
891 1375 983 1409 ultra
1008 1375 1077 1409 hoc
1104 1376 1331 1421 procederet,
1359 1378 1599 1423 requisitione
1625 1386 1759 1424 spreta,
1791 1380 1835 1413 ad
1864 1380 2122 1414 licentiandum

244 1441 436 1487 quemdam
463 1441 581 1475 virum
606 1441 798 1475 nobilem¹²
822 1449 947 1476 contra
972 1442 1119 1476 modum
1145 1443 1219 1488 jam
1247 1443 1382 1477 dictum
1410 1455 1417 1477 :
1450 1445 1566 1478 nostri
1599 1446 1763 1491 magistri
1790 1447 1991 1481 sentientes
2022 1460 2122 1481 suam

243 1507 448 1542 facultatem
474 1507 512 1542 in
534 1507 603 1542 hoc
631 1508 766 1554 injuste
789 1515 826 1542 et
847 1508 1010 1542 indebite
1035 1521 1102 1555 per
1126 1510 1330 1555 predictum
1356 1511 1612 1544 cancellarium
1640 1519 1836 1558 gravatam,
1866 1525 1977 1559 super
2001 1504 2123 1559 hujus-

244 1574 343 1608 modi
367 1575 576 1621 gravamine
598 1575 636 1608 in
659 1575 820 1621 scriptis,
842 1582 943 1621 pater
963 1582 1100 1618 sancte,
1122 1576 1167 1610 ad
1191 1583 1312 1610 vestre
1339 1577 1545 1611 Sanctitatis
1570 1578 1790 1612 audientiam
1812 1579 2051 1625 appellarunt.
2075 1582 2123 1614 Ea

243 1647 394 1687 propter
426 1641 546 1675 eidem
584 1648 706 1676 vestre
742 1642 927 1675 Sanctitati
959 1642 1139 1688 supplico,
1171 1643 1343 1689 quatinus
1373 1644 1578 1690 predictum
1612 1645 1867 1679 cancellarium
1903 1647 2123 1692 compellere

244 1707 429 1754 dignetur,
447 1708 491 1741 ad
513 1707 595 1750 hoc,
620 1715 660 1742 ut
681 1708 760 1754 ipse
782 1708 903 1742 audiat
928 1721 993 1742 seu
1019 1709 1136 1742 audiri
1162 1710 1267 1743 faciat
1288 1722 1354 1756 per
1378 1711 1574 1757 magistros
1599 1718 1679 1745 actu
1704 1719 1889 1758 regentes,
1907 1726 1946 1746 ac
1971 1726 2035 1759 per
2060 1726 2124 1748 eos

244 1774 412 1821 expediat
444 1774 482 1808 in
511 1774 634 1821 rigore
664 1774 881 1809 bacellarios
915 1775 959 1808 ad
993 1774 1062 1809 hoc
1096 1776 1247 1810 meritos
1279 1776 1460 1811 facultatis
1494 1789 1582 1823 sepe
1619 1778 1736 1819 dicte3
1768 1779 1813 1812 ad
1843 1780 1941 1824 quod
1975 1787 2124 1826 propter

243 1841 404 1875 rationes
425 1841 596 1887 superius
617 1841 731 1875 dictas
752 1848 809 1875 est
828 1842 1015 1888 predictus
1025 1842 1276 1886 ,cancellarius
1296 1844 1425 1877 merito
1446 1844 1736 1890 compellendus.

332 1908 511 1954 Expedite
555 1908 599 1941 de
642 1907 814 1942 omnibus
857 1921 928 1954 que
975 1909 1162 1955 predictus
1210 1909 1450 1944 cancellarius
1494 1917 1619 1944 contra
1671 1912 1873 1945 facultatem
1925 1913 2122 1958 predictam

244 1974 421 2021 porrexit,
452 1975 614 2021 exceptis
647 1975 791 2009 statutis
822 1987 892 2021 que
923 1975 1068 2010 (licebat
1096 1988 1179 2010 esse
1209 1983 1339 2010 statuta
1369 1977 1414 2010 de
1445 1989 1540 2011 novo
1576 1990 1619 2011 ex
1653 1985 1752 2024 parte
1788 1979 1992 2012 artistarum
2029 1992 2122 2013 anno

242 2041 492 2087 octuagesimo
517 2042 649 2088 primo.
678 2041 738 2075 die
768 2042 929 2084 veneris,
956 2042 993 2076 in
1018 2043 1112 2076 festo
1145 2043 1261 2077 sancti
1287 2043 1490 2086 Michaelis,
1516 2051 1640 2078 contra
1669 2052 1884 2091 potestatem
1916 2046 2120 2080 cancellarii

242 2114 278 2142 et
301 2107 493 2154 privilegia
521 2108 660 2142 domini
687 2121 778 2155 pape
810 2121 817 2142 :
843 2115 883 2142 ut
906 2109 1039 2143 veritas
1065 2110 1102 2143 in
1127 2109 1299 2144 omnibus
1327 2110 1506 2152 videatur,
1531 2111 1687 2145 dicimus
1710 2112 1776 2154 sic,
1802 2112 1900 2158 quod
1925 2111 1994 2146 hoc
2027 2126 2122 2147 anno

242 2173 397 2220 quedam
427 2181 513 2209 sunt
542 2181 675 2209 statuta
699 2187 743 2209 ex
768 2182 868 2222 parte
893 2176 1140 2218 artistarum'³;
1172 2183 1293 2210 utrum
1319 2183 1438 2211 autem
1464 2177 1599 2211 fuerint
1628 2177 1808 2224 publicata
1839 2178 1898 2212 dic
1928 2191 2000 2224 quo
2035 2179 2124 2213 dicit

242 2240 495 2284 cancellarius,
523 2253 597 2275 uon
622 2241 831 2276 recolimus.
861 2242 918 2276 Ad
946 2242 1015 2276 hoc
1039 2243 1138 2289 quod
1162 2243 1251 2277 dicit
1277 2255 1317 2278 ea
1342 2255 1425 2277 esse
1450 2244 1540 2278 facta
1566 2251 1691 2278 contra
1716 2251 1930 2290 potestatem
1957 2257 2057 2279 suam
2085 2252 2120 2279 et

242 2307 433 2354 privilegia
458 2307 597 2341 domini
621 2320 726 2354 pape,
748 2308 905 2343 dicimus
930 2309 1029 2355 quod
1050 2310 1160 2343 immo
1184 2310 1274 2344 faeta
1295 2317 1381 2344 sunt
1400 2322 1466 2356 per
1485 2311 1653 2345 virtutem
1678 2311 1953 2357 privilegiorum
1981 2312 2117 2346 domini

242 2386 346 2420 pape,
382 2385 447 2420 per
480 2373 577 2408 illam
607 2374 806 2409 clausulam
839 2375 1021 2421 privilegii
1052 2376 1272 2422 Gregoriani
1303 2377 1474 2422 superius
1504 2389 1726 2423 expressam,
1758 2389 1829 2423 que
1864 2378 1916 2411 sic
1950 2378 2078 2424 incipit
2108 2390 2116 2412 ι

242 2455 259 2473 <c
285 2441 456 2476 Ceterum
479 2440 541 2474 ubi
562 2453 636 2475 non
661 2448 717 2475 est
741 2441 832 2475 ordo
860 2455 891 2483 »,
917 2447 1005 2483 etc.;
1028 2454 1099 2488 que
1124 2442 1286 2476 clausula
1311 2443 1482 2489 superius
1508 2444 1544 2476 in
1573 2443 1827 2478 consimilibus
1848 2444 2000 2490 allegata
2025 2452 2082 2479 est
2108 2457 2115 2479 ε

241 2514 277 2542 et
309 2507 394 2542 ideo
428 2506 488 2541 illa
523 2514 653 2542 statuta
688 2519 761 2541 non
791 2514 878 2542 sunt
905 2509 995 2542 facta
1024 2515 1150 2543 contra
1180 2509 1371 2556 privilegia
1401 2509 1539 2543 domini
1569 2522 1674 2556 pape,
1705 2517 1895 2556 postquam
1928 2511 2116 2558 privilegia

240 2574 378 2608 domini
408 2586 499 2620 pape
529 2581 614 2608 sunt
647 2586 713 2621 pro
747 2574 915 2609 facultate
945 2581 981 2609 et
1013 2587 1079 2621 pro
1114 2576 1298 2622 magistris
1333 2576 1524 2610 facultatis.
1556 2578 1629 2610 Nec
1659 2576 1719 2610 illa
1749 2584 1878 2612 statuta
1909 2585 1994 2612 sunt
2027 2579 2116 2613 facta

239 2647 364 2675 contra
385 2647 599 2687 potestatem
620 2641 826 2675 cancellarii
849 2642 1081 2684 parisiensis,
1102 2654 1169 2676 nec
1189 2649 1315 2676 contra
1337 2649 1550 2689 potestatem
1571 2643 1735 2690 episcopi
1757 2644 1922 2690 ejusdem
1943 2645 2027 2687 lori,
2046 2646 2115 2679 nisi

238 2706 327 2742 velit
345 2707 586 2742 cancellarius
605 2707 728 2742 dicere
754 2708 852 2754 quod
874 2714 1035 2754 potestas
1056 2721 1121 2743 sua
1141 2715 1177 2743 et
1198 2715 1359 2755 potestas
1379 2710 1543 2756 episcopi
1569 2710 1788 2744 Parisiensis
1814 2718 1987 2758 superant
2015 2719 2116 2758 pote-

240 2780 368 2808 statem
389 2773 546 2808 ecclesie
570 2775 742 2809 Romane.

328 2841 380 2874 Ne
410 2847 542 2884 tamen,
576 2847 677 2887 pater
709 2847 845 2883 sancte,
875 2848 1024 2888 propter
1051 2841 1111 2876 illa
1141 2854 1212 2888 que
1239 2842 1479 2877 cancellarius
1506 2842 1594 2877 dicit
1621 2855 1704 2877 esse
1732 2851 1862 2878 statuta
1888 2857 1906 2878 a
1933 2844 2114 2886 facultate,

239 2905 390 2941 facultas
409 2918 552 2942 errasse
568 2907 749 2950 credatur,
767 2919 847 2942 cum
869 2908 1023 2954 quedam
1046 2915 1208 2943 truncate
1230 2909 1368 2951 recitet,
1386 2915 1427 2944 ut
1444 2916 1661 2956 apparenter
1681 2922 1724 2944 ex
1745 2910 1818 2944 iltis
1835 2911 1977 2945 statutis
1999 2911 2116 2957 possit

230 2972 358 3007 'facere
384 2973 588 3008 facultatem
622 2973 857 3020 reprehendi,
878 2975 1018 3022 copiam
1045 2975 1090 3009 de
1125 2987 1220 3010 novo
1254 2982 1468 3011 statutorum
1500 2982 1622 3011 vestre
1653 2977 1837 3011 Sanctitati
1867 2977 2112 3023 porrigemus,

365 3031 462 3056 caari.
482 3031 563 3057 Univ.
579 3032 674 3058 Paris.
691 3032 713 3057 1.
1961 3036 1991 3059 78
