2580 3528
253 431 352 473 1284]
590 441 638 464 ΑΒ
671 441 778 464 luno
811 441 889 464 uec
923 441 1056 470 usqua
1091 441 1140 463 An
1174 441 1407 464 rainerum
1441 442 1482 463 iv
1516 442 1608 465 nac..
1645 443 1782 466 rnANc.
2059 435 2126 468 625

246 515 376 551 bamus
409 514 689 561 quomodolibet
721 515 922 557 adversari,
957 515 1023 548 sed
1057 515 1188 548 factum
1225 515 1503 561 predecessoris
1537 516 1654 549 nostri
1690 517 1784 550 circa
1820 529 1965 550 errores
2001 517 2045 550 ab
2081 530 2123 551 eo

247 582 418 617 inventos
445 581 484 616 in
510 581 727 615 liberalibus
757 581 978 628 disciplinis,
1005 593 1045 616 ac
1071 581 1284 627 dampnatos
1314 582 1359 615 de
1389 582 1545 616 consilio
1574 583 1864 628 magistrorum³,
1894 591 1929 617 et
1958 584 1994 616 in
2024 591 2124 629 parte

247 649 445 683 suscitatos
469 648 592 682 denuo
617 649 655 682 in
680 648 891 682 scandalum
918 648 1173 694 plurimorum,
1204 649 1379 694 prosequi
1399 649 1542 694 justitia
1573 649 1766 683 mediante.
1796 651 1838 683 Et
1868 649 2124 694 subjunximus

248 719 347 765 quod
379 720 530 754 fratrum
563 719 836 754 Predicatorum
871 719 1049 754 Ordinem
1083 719 1328 765 diligebamus
1362 720 1501 762 intime,
1537 720 1632 754 sicut
1665 721 1757 766 ipse,
1789 727 1826 753 et
1854 720 1961 753 modo
1997 733 2125 754 secure

247 785 430 828 addimus,
447 786 531 832 plus
550 798 657 832 quam
679 787 776 832 ipse,
799 787 882 832 quia
903 798 985 820 cum
1006 786 1085 832 ipse
1107 787 1143 819 in
1164 793 1326 832 pretacto
1347 786 1533 832 colloquio
1554 786 1662 820 nobis
1683 787 1828 827 dixerit,
1845 799 1965 820 coram
1987 788 2064 820 Deo
2085 799 2124 820 se

248 852 294 886 de
319 852 525 899 pluralitate
549 853 747 887 formarum
773 853 870 887 illam
899 860 1024 886 tenere
1049 853 1202 886 firmiter
1231 853 1461 895 sententiam,
1489 865 1595 899 quam
1622 860 1746 887 nostra
1771 860 1870 887 tenet
1898 853 2125 899 simplicitas,

247 925 284 953 et
312 920 430 953 tenuit
457 918 633 954 hactenus
663 926 760 953 totus
788 919 960 961 mundus,
985 920 1017 953 si
1050 920 1180 953 fratres
1212 931 1300 953 suos
1334 919 1478 965 aliquos
1512 920 1658 954 falsitati
1692 920 1872 953 contrarie
1907 920 2125 954 adherentes

249 985 377 1020 nititur
395 986 434 1019 in
453 985 536 1027 hoc,
553 992 593 1020 ut
612 986 757 1027 dicitur,
779 986 971 1020 defensare
994 998 1001 1019 z
1024 985 1092 1020 hoc
1113 986 1240 1032 procul
1262 985 1374 1019 dubio
1395 998 1468 1019 non
1490 993 1547 1020 est
1565 986 1734 1032 diligere,
1752 986 1818 1020 sed
1839 986 1976 1020 odisse.
1998 987 2126 1020 Proce-

250 1051 423 1086 dentibus
444 1052 589 1086 demum
610 1052 719 1086 uobis
739 1052 917 1086 ambobus
938 1052 1092 1086 ulterius
1118 1053 1155 1086 in
1180 1053 1379 1095 tractando,
1402 1059 1438 1086 et
1462 1065 1624 1086 errorem
1651 1053 1862 1099 ponentium
1881 1067 1898 1086 «
1921 1054 1957 1086 in
1978 1053 2126 1086 homine

250 1119 409 1153 existere
436 1119 684 1153 tantummodo
705 1120 856 1153 formam
882 1119 1008 1153 unam⁴
1031 1133 1048 1151 »
1070 1119 1303 1153 concorditer
1323 1119 1551 1161 detestando,
1575 1119 1832 1165 subjunximus
1858 1132 1926 1153 nos
1949 1120 2125 1165 quosdam

251 1186 358 1220 istius
385 1186 523 1220 erroris
550 1186 763 1220 temerarios
793 1186 1009 1220 defensores
1036 1186 1074 1219 in
1095 1192 1191 1220 tante
1219 1186 1474 1220 subversionis
1503 1187 1645 1220 foveam
1675 1187 1874 1228 corruisse,
1902 1193 1942 1220 ut
1971 1186 2126 1220 dixerint

251 1252 393 1286 scilicet
412 1259 448 1286 et
467 1252 696 1298 scripserint,
718 1253 816 1298 quod
838 1253 869 1286 si
890 1252 999 1286 homo
1020 1252 1171 1286 haberet
1190 1252 1295 1286 aliam
1320 1253 1470 1286 formam
1497 1252 1542 1286 ab
1563 1253 1680 1286 anima
1706 1253 1886 1294 rationali,
1909 1265 1982 1286 non
2003 1260 2130 1299 posset

252 1331 388 1365 corpus
421 1318 582 1353 hominis
615 1326 827 1365 corruptum
863 1319 959 1352 idem
995 1331 1148 1353 numero
1183 1319 1289 1353 etiam
1325 1331 1390 1365 per
1429 1319 1642 1353 miraculum
1683 1320 1855 1365 reparari.
1891 1321 1971 1363 Quo
2005 1320 2128 1354 audito

253 1385 444 1432 respondit
462 1386 564 1431 prior
585 1397 593 1419 ε
616 1400 633 1418 «
656 1387 760 1419 Hunc
781 1397 942 1419 errorem
963 1397 1093 1419 secure
1114 1385 1159 1419 de
1181 1397 1259 1419 mea
1284 1386 1508 1419 couscientia
1533 1387 1786 1420 condemnetis
1809 1401 1838 1419 ».
1861 1387 2015 1420 Causam
2042 1399 2129 1420 vero

253 1452 467 1499 opinionum
503 1452 599 1486 bone
634 1453 809 1486 memorie
842 1452 963 1486 fratris
997 1451 1137 1486 Thome
1176 1452 1221 1485 de
1254 1453 1415 1498 AquinO,
1452 1464 1542 1498 quas
1575 1453 1706 1486 fratres
1740 1453 1811 1498 ipsi
1845 1453 2039 1499 opiniones
2073 1453 2130 1487 sui

252 1519 404 1554 Ordinis
423 1531 508 1553 esse
528 1519 687 1561 dicunt‘,
705 1530 795 1565 quas
816 1526 936 1552 tamen
956 1519 994 1552 in
1014 1525 1138 1552 nostra
1159 1519 1343 1565 presentia
1365 1518 1522 1564 subjecit
1542 1519 1637 1552 idem
1659 1519 1884 1553 reverendus
1905 1520 2014 1553 frater
2035 1519 2131 1553 theo-

252 1585 421 1632 logorum
442 1585 594 1619 arbitrio
616 1586 878 1620 Parisiensium
899 1586 1192 1631 magistrorum⁸,
1212 1585 1373 1631 pendere
1395 1585 1553 1619 diximus
1574 1586 1611 1618 in
1634 1587 1791 1619 Romana
1812 1586 1911 1619 curia
1932 1586 2129 1619 indecisam

252 1664 319 1698 pro
341 1664 385 1686 eo
410 1653 509 1698 quod
534 1664 616 1686 cum
642 1658 792 1686 vacante
818 1652 906 1686 sede
932 1652 1132 1698 apostolica
1158 1664 1224 1698 per
1248 1658 1400 1686 mortem
1427 1659 1551 1686 sancte
1577 1653 1752 1686 memorie
1778 1653 1916 1686 domini
1941 1652 2131 1693 Johannis,

253 1719 322 1753 Dei
341 1719 455 1765 gratia
477 1725 562 1753 tunc
582 1719 758 1765 temporis
780 1719 931 1752 Romani
953 1718 1150 1765 pontificis,
1167 1719 1365 1765 episcopus
1385 1719 1605 1753 Parisiensis
1622 1719 1828 1764 Stephanus
1845 1719 1940 1752 bone
1958 1719 2131 1752 memorie

253 1786 299 1820 ad
333 1786 603 1820 discussionem
633 1785 796 1831 ipsorum
831 1785 1065 1819 articulorum
1102 1785 1147 1819 de
1184 1785 1340 1819 consilio
1371 1785 1629 1831 magistrorum
1660 1786 1860 1831 procedere
1895 1786 2090 1831 cogitarct⁷
2123 1797 2130 1818 :

254 1852 461 1886 mandatum
482 1853 598 1886 fuisse
619 1852 753 1886 dicitur
772 1852 891 1886 eidem
913 1852 1087 1898 episcopo
1114 1863 1178 1898 per
1203 1851 1379 1897 quosdam
1402 1853 1563 1885 Romane
1583 1852 1683 1885 curie
1704 1852 1873 1885 dominos
1894 1852 2130 1893 reverendos,

254 1925 294 1953 ut
319 1919 365 1953 de
390 1920 485 1953 sacto
512 1919 655 1953 illarum
681 1919 896 1965 opinionum
924 1918 1186 1964 supersederet
1211 1918 1372 1964 penitus,
1401 1918 1518 1952 donec
1539 1918 1639 1951 aliud
1669 1918 1851 1964 reciperet
1877 1919 1913 1951 in
1940 1919 2131 1952 mandatis.

254 1985 366 2020 Aliud
391 1986 505 2032 igitur
528 1992 598 2028 est,
620 1986 719 2032 quod
744 1986 790 2019 de
815 1986 964 2031 scriptis
984 1985 1203 2031 theologicis
1224 1991 1280 2019 est
1301 1986 1460 2018 Romane
1486 1980 1698 2019 celsitudini
1724 1992 1947 2019 reservatum
1970 1985 2131 2026 Parisiis,

254 2051 299 2086 ab
320 2064 364 2087 eo
385 2053 484 2098 quod
503 2053 691 2087 inventum
712 2053 854 2087 Oxonie
879 2053 917 2085 in
937 2051 1198 2086 certaminibus
1224 2051 1429 2098 puerilibus
1455 2063 1520 2098 per
1545 2051 1822 2098 predecessoris
1847 2052 1964 2085 nostri
1990 2052 2134 2097 sapien-

255 2119 340 2153 tiam
361 2126 419 2154 est
437 2119 682 2166 dampnatum.
704 2119 811 2163 Quod
833 2119 864 2153 si
885 2119 1065 2165 quispiam
1088 2118 1284 2165 theologus
1305 2119 1476 2152 curiosus
1501 2117 1712 2164 hujusmodi
1733 2118 1991 2164 questionibus
2012 2118 2135 2164 pueri-

255 2185 356 2220 libus
381 2192 555 2220 tractatus
583 2185 815 2232 theologicos
842 2186 1031 2219 miscuerit
1056 2185 1283 2227 indecenter,
1312 2185 1407 2219 sicut
1434 2185 1520 2218 olim
1551 2185 1716 2219 israelite
1746 2197 1812 2231 pro
1839 2185 2013 2218 acuendis
2040 2185 2135 2230 ligo-

257 2251 368 2286 nibus
397 2252 441 2286 ad
471 2251 746 2287 philistinorum
778 2252 931 2286 malleos
959 2252 1243 2294 descenderunt,
1282 2264 1355 2285 non
1383 2251 1547 2285 valemus
1577 2258 1727 2297 propter
1756 2251 1824 2284 hoc
1854 2251 2036 2284 dimittere
2067 2262 2134 2285 nec

257 2318 436 2353 debemus
463 2330 530 2365 pro
557 2318 636 2353 zelo
663 2318 891 2364 quorundam
920 2319 1127 2361 temerario,
1156 2319 1245 2364 quin
1272 2317 1444 2364 parvulos
1472 2324 1620 2351 nostros
1648 2317 1692 2350 ab
1721 2329 1886 2351 errorum
1915 2317 2068 2362 laqueis,
2096 2324 2136 2351 ut

258 2397 469 2431 possumus,
500 2396 683 2419 eruamus.
716 2386 759 2419 Et
787 2385 882 2419 sicut
910 2385 1005 2419 circa
1034 2396 1234 2431 processus
1261 2384 1473 2430 hujusmodi
1502 2383 1560 2417 vel
1589 2395 1830 2429 quoscunque
1858 2383 1950 2417 alios
1984 2384 2132 2418 fratrum

258 2452 529 2486 Predicatorum
564 2451 711 2486 licentia
746 2452 920 2493 nondum,
958 2452 1034 2485 Deo
1068 2451 1217 2497 gratias,
1253 2451 1462 2496 indigemus
1494 2461 1501 2484 ε
1538 2450 1603 2490 sic,
1634 2450 1717 2496 quia
1746 2450 1844 2496 quod
1873 2451 1909 2483 in
1939 2450 2004 2484 hac
2034 2457 2134 2496 parte

257 2519 412 2553 fecimus
440 2517 614 2552 fratribus
643 2517 850 2552 Minoribus
880 2518 1033 2552 fecimus
1062 2518 1209 2564 penitus
1238 2516 1472 2559 inconsultis,
1504 2516 1615 2550 nichil
1645 2516 1755 2550 debet
1785 2517 1820 2550 in
1854 2516 1922 2550 hoc
1956 2528 2133 2563 processu

259 2592 388 2620 nostro
408 2585 500 2631 ipsis
520 2584 694 2619 fratribus
714 2584 922 2619 Minoribus
942 2585 1124 2631 imputari.
1148 2583 1252 2618 Falso
1274 2595 1364 2630 ergo
1390 2583 1526 2617 dictum
1548 2589 1616 2625 est,
1640 2594 1708 2617 nos
1730 2595 1795 2629 per
1819 2582 1887 2617 hoc
1913 2583 2132 2617 discordiam

259 2653 355 2687 inter
374 2651 534 2686 Ordines
559 2651 774 2686 seminasse.
802 2652 846 2685 Et
869 2657 1019 2686 caveant
1042 2650 1113 2685 sibi
1137 2650 1182 2684 ab
1207 2649 1418 2696 hujusmodi
1443 2649 1683 2684 seminatione
1705 2649 1812 2683 nobis
1836 2649 1918 2684 talia
1945 2662 2132 2697 perperam

259 2719 505 2766 imponentes,
532 2719 570 2752 in
595 2730 750 2765 quorum
778 2718 869 2752 ortis
896 2717 940 2752 ad
967 2717 1224 2751 extinctionem
1252 2716 1446 2751 multarum
1474 2715 1685 2750 salutarium
1712 2716 1914 2762 plantarum
1941 2717 1987 2750 de
2013 2717 2135 2762 hujus-

260 2785 358 2820 modi
373 2792 553 2821 venenato
573 2785 713 2820 semine
735 2785 923 2819 retroactis
940 2783 1167 2830 temporibus
1184 2783 1329 2830 publice
1350 2789 1386 2817 et
1405 2782 1560 2825 occulte,
1578 2782 1679 2817 nullo
1696 2783 1898 2817 seminante
1915 2784 2132 2824 extrinseco,

260 2851 428 2887 ultronee
455 2853 565 2887 nimis
591 2852 716 2886 crevit.
742 2851 991 2886 Intelleximus
1016 2851 1168 2897 insuper
1188 2850 1287 2896 quod
1314 2849 1460 2896 quidam
1487 2850 1617 2884 fratres
1643 2850 1807 2895 ejusdem
1835 2850 1985 2884 Ordinis
2012 2850 2136 2883 Predi-

261 2924 423 2954 catorum
447 2918 527 2953 ausi
552 2926 638 2953 sunt
662 2931 702 2953 se
729 2918 873 2965 publice
893 2918 1072 2964 jactitare,
1099 2917 1300 2951 doctrinam
1325 2916 1488 2951 veritatis
1516 2916 1599 2963 plus
1626 2916 1663 2950 in
1690 2928 1758 2950 suo
1785 2916 1936 2957 Ordine,
1964 2928 2068 2961 quam
2099 2915 2135 2949 in

261 2984 334 3020 alio
354 2984 425 3019 sibi
445 2992 752 3032 contemporaneo
772 2985 956 3031 viguisse;
978 2986 1084 3030 cujus
1103 2983 1324 3018 contrarium
1346 2983 1430 3029 quia
1450 2989 1575 3017 tenere
1602 2988 1770 3029 putamus
1796 2982 1894 3017 viros
1919 2983 2075 3027 majores
2100 2988 2137 3015 et

390 3044 487 3069 Chart-
508 3043 589 3069 vnio.
607 3044 704 3070 Pam.
720 3042 743 3069 1.
1983 3039 2014 3063 7⁹
