2580 3528
479 386 542 418 170
1059 395 1378 417 ann'rULAmuu
1413 394 1604 417 umvans.
1641 395 1770 417 rimis.
2258 385 2357 426 [1240

475 469 708 502 discretionis
743 469 936 514 spirituum
968 469 1171 502 secundum
1202 475 1358 502 mentem
1390 469 1570 502 editorum
1604 468 1833 502 auditoribus
1868 469 2061 515 exponitis.
2099 468 2207 503 Omni
2242 469 2354 514 igitur

476 536 805 581 circumspectione
829 535 935 569 vobis
960 535 1160 569 cavendum
1182 542 1250 578 est,
1277 548 1322 569 ne
1348 536 1442 569 inter
1462 535 1752 569 fundamentales
1779 535 1920 581 lapides
1940 536 1998 569 vel
2019 547 2085 581 pro
2105 535 2356 569 fundamenta-

477 602 575 636 libus
602 614 675 635 non
706 602 995 636 fundamentales
1026 609 1221 648 ponantur,
1252 615 1298 636 ne
1327 603 1420 636 forte
1449 603 1569 636 minor
1595 615 1668 636 non
1696 602 2019 636 sundamentalium
2040 602 2207 636 soliditas
2227 614 2356 648 super-

477 669 682 703 edificatum
710 670 812 715 prius
839 670 953 715 pariat
980 670 1168 712 rimosum,
1199 676 1234 702 et
1259 669 1393 702 deinde
1423 670 1626 702 ruinosum.
1654 671 1814 714 Tempus
1839 676 1958 702 autem
1986 669 2139 703 maxime
2166 669 2353 715 proprium

476 737 637 782 ponendi
659 743 694 770 et
714 737 934 782 disponendi
962 737 1148 782 predictos
1174 736 1315 782 lapides
1342 737 1378 768 in
1404 736 1640 769 fundamento
1661 737 1733 780 (cst
1759 736 1853 769 enim
1880 742 2024 781 tempus
2049 736 2239 778 fundandi,
2260 736 2356 770 sicut

476 810 511 837 et
544 810 688 849 tempus
727 791 932 847 edificandi)
966 803 1054 836 hora
1091 810 1145 836 est
1183 803 1369 844 matutina,
1410 814 1479 847 qua
1513 802 1698 835 ordinarie
1736 802 1873 848 legitis.
1915 803 2028 836 Decet
2064 802 2177 848 igitur
2213 809 2354 836 vestras

474 870 652 904 lectiones
673 883 801 904 omnes
822 870 974 903 maxime
1000 870 1060 903 tali
1082 876 1245 915 tempore
1270 869 1447 914 legendas
1468 881 1550 902 esse
1577 869 1622 902 de
1646 869 1751 902 libris
1777 869 1861 902 novi
1881 869 2103 902 Testamenti
2127 869 2186 903 vel
2204 870 2353 911 veteris,

474 950 532 979 ne,
566 938 597 970 si
636 950 743 970 secus
782 937 854 978 fiat,
894 937 988 970 inter
1027 936 1317 969 fundamentales
1355 936 1413 969 vel
1452 948 1518 981 pro
1556 935 1890 969 fundamentalibus
1929 935 2114 981 lapidibus
2150 947 2224 969 non
2262 936 2354 970 tales

473 1011 667 1049 ponantur,
702 1011 846 1049 tempus
881 1015 1028 1048 quoque
1062 1003 1260 1048 unicuique
1300 1003 1449 1048 negotio
1480 1014 1683 1048 congruum
1715 1009 1839 1036 contra
1870 1003 2050 1048 scripture
2083 1002 2284 1036 doctrinam
2319 1009 2354 1036 et

473 1083 592 1104 rerum
616 1070 815 1103 naturalem
837 1070 1002 1103 ordinem
1024 1082 1098 1103 non
1119 1069 1310 1111 tribuatur,
1333 1077 1369 1103 et
1393 1081 1411 1102 a
1432 1076 1573 1115 patrum
1595 1076 1631 1103 et
1655 1071 1830 1115 majorum
1855 1069 2022 1115 vestigiis
2047 1076 2083 1102 et
2102 1069 2354 1103 conformitate

471 1138 676 1183 regentium
708 1137 869 1171 Parisius
903 1137 1159 1182 theologorum
1190 1137 1380 1170 manifeste
1410 1137 1612 1170 recedatur.
1649 1137 1740 1180 Quia
1769 1136 1881 1182 igitur
1908 1136 1994 1170 totis
2025 1136 2233 1170 affectamus
2263 1136 2355 1169 cari-

470 1205 552 1238 tatis
582 1204 787 1238 visceribus
818 1204 916 1249 quod
945 1204 1064 1237 omnia
1088 1204 1125 1236 in
1150 1203 1255 1237 vobis
1281 1203 1435 1237 honeste
1462 1210 1497 1237 et
1522 1204 1724 1236 secundum
1750 1203 1915 1236 ordinem
1943 1203 2041 1245 fiant,
2064 1203 2159 1236 sicut
2178 1203 2354 1248 praecipit

470 1272 671 1317 apostolus,
702 1278 858 1305 vestram
894 1271 1152 1304 discretionem
1185 1271 1282 1304 omni
1318 1283 1387 1316 qua
1422 1282 1619 1316 possumus
1653 1271 1844 1303 affectione
1877 1277 1912 1303 et
1941 1270 2139 1304 devotione
2166 1281 2353 1315 rogamus,

469 1350 673 1380 monemus,
714 1345 750 1371 et
783 1337 1015 1371 exhortamur
1053 1338 1090 1370 in
1129 1338 1285 1370 Domino
1319 1339 1406 1371 Jesu
1440 1337 1600 1378 Christo,
1643 1337 1814 1382 quatinus
1853 1349 1980 1370 omnes
2019 1336 2197 1370 lectiones
2230 1343 2354 1370 vestre

469 1405 652 1439 ordinarie
687 1405 775 1438 hora
810 1405 959 1450 legendi
993 1405 1165 1438 matutina
1201 1405 1246 1437 (le
1280 1416 1375 1438 novo
1411 1404 1483 1437 sint
1512 1406 1744 1437 Testamento
1781 1404 1838 1437 vel
1871 1403 2000 1446 veteri,
2034 1410 2074 1437 ut
2102 1403 2182 1437 sitis
2212 1403 2352 1436 similes

469 1472 802 1518 patribusfamilias,
838 1473 910 1505 imo
946 1472 1067 1517 potius
1102 1472 1172 1517 ipsi
1209 1471 1498 1517 patresfamilias,
1541 1472 1769 1516 proferentes
1800 1471 1845 1504 de
1878 1471 2059 1504 thesauris
2093 1470 2225 1504 vestris
2259 1482 2352 1504 nova

469 1546 504 1573 et
523 1546 657 1581 vetera,
680 1551 753 1572 non
773 1539 840 1572 alia
861 1539 1014 1584 quedam
1041 1538 1140 1572 velut
1160 1538 1289 1571 horum
1312 1538 1441 1580 media,
1464 1545 1525 1571 aut
1544 1538 1588 1571 ab
1607 1537 1868 1584 hagiographis
1889 1537 2053 1583 patribus
2074 1536 2351 1583 superedificata

468 1607 646 1647 doctrine,
669 1619 824 1651 quorum
846 1613 902 1639 est
921 1613 1065 1651 tempus
1086 1605 1184 1638 aliud
1206 1605 1485 1639 convenientius
1505 1605 1865 1638 accommodandum.
1887 1604 2026 1639 Valete.

561 1717 677 1742 Roberti
692 1718 860 1743 Grosseteste
874 1717 994 1749 episcopi
1007 1718 1153 1748 quondam
1170 1717 1377 1742 Lincolniensis
1392 1717 1531 1747 epistolae,
1552 1717 1594 1741 ed.
1615 1717 1711 1745 Luard,
1728 1725 1753 1748 p.
1771 1718 1826 1745 346,
1844 1721 1872 1739 11⁰
1888 1717 1942 1740 123.
1959 1716 2025 1747 Epp.
2047 1716 2080 1739 13⁴
2097 1718 2122 1739 et
2137 1716 2164 1739 51
2181 1715 2351 1739 nominantur

467 1762 588 1794 magistri
604 1762 714 1786 Parisiis
730 1766 851 1794 regentes
864 1763 903 1786 W,
920 1763 952 1786 de
963 1762 1048 1786 Cerda
1063 1766 1088 1786 et
1103 1762 1218 1785 Thomas
1232 1762 1383 1785 Wallensis.

472 1960 579 1997 128.
602 1971 705 1996 Decem
721 1979 831 1996 errores
851 1974 951 1996 contra
972 1970 1160 2005 theologicam
1177 1970 1324 1996 veritatem,
1340 1969 1447 2005 reperti
1467 1970 1495 1995 in
1516 1969 1689 2005 quibusdam
1708 1969 1826 2005 scriptis
1848 1970 1930 2003 (st-at.
1956 1967 2096 2004 Stephani
2104 1966 2126 2002 ¹)
2147 1971 2175 1994 et
2192 1967 2350 2003 proscripti

557 2019 682 2045 Parisiis
699 2028 717 2044 α
741 2018 891 2045 Guillelmo
911 2019 1074 2044 Parisiensi
1094 2019 1227 2055 episcopo
1247 2022 1275 2045 et
1298 2018 1395 2044 Odone
1415 2018 1592 2044 cancellario
1607 2018 1643 2044 de
1663 2017 1782 2044 consilio
1803 2018 1927 2043 omnium
1949 2016 2151 2051 magistrorum
2172 2015 2350 2050 theologicae

555 2068 719 2102 facultatis.

1673 2130 1744 2159 1247.
1761 2129 1880 2155 danum-ii
1894 2129 1931 2158 13,
1948 2128 2061 2154 Parisiis.

555 2219 618 2252 Isti
650 2225 735 2252 sunt
759 2218 900 2251 articuli
930 2217 1113 2263 reprobati
1144 2224 1268 2250 contra
1303 2217 1545 2263 theologicam
1580 2218 1766 2251 veritatem
1799 2224 1831 2249 ct
1866 2216 2050 2262 reprobati
2082 2227 2100 2249 a
2130 2214 2346 2248 cancellario

466 2283 664 2317 Parisiensi
679 2283 809 2317 Odone
827 2290 862 2315 et
875 2282 1060 2328 magistris
1077 2281 1262 2327 theologie
1280 2282 1441 2315 Parisius
1458 2281 1674 2327 regentibus
1690 2294 1785 2314 anuo
1803 2281 1949 2314 Domini
1966 2280 2153 2314 M⁰CC⁰XL
2166 2279 2347 2313 dominica

466 2351 625 2384 secunda
648 2357 731 2395 post
751 2349 896 2383 octabas
918 2349 1052 2382 Natalis
1074 2349 1233 2382 Domini.

553 2418 704 2451 Primus
731 2419 873 2460 [error],
897 2416 995 2461 quod
1017 2416 1138 2450 divina
1167 2416 1327 2449 essentia
1355 2416 1391 2448 in
1418 2428 1457 2449 se
1483 2416 1575 2449 nec²
1594 2415 1638 2449 ab
1663 2415 1812 2449 homine
1839 2427 1905 2448 nec
1930 2414 1975 2448 ab
1995 2414 2127 2459 angelo
2147 2413 2343 2448 videbitur.

555 2485 681 2517 Hunc³
703 2495 863 2516 errorem
885 2482 1124 2528 reprobamus
1146 2489 1182 2516 et
1206 2489 1410 2516 assertores
1433 2489 1468 2516 et
1487 2483 1702 2516 defensores
1729 2482 1941 2515 auctoritate
1961 2480 2159 2517 Wilhermi
2181 2479 2344 2525 episcopi

465 2551 831 2583 excommunicamus.
869 2550 1037 2582 Firmiter
1071 2556 1188 2582 autem
1220 2550 1404 2582 credimus
1434 2556 1470 2582 et
1502 2549 1715 2590 asserimus,
1749 2549 1846 2594 quod
1877 2549 1975 2581 Deus
2006 2547 2042 2580 in
2071 2540 2135 2580 sua
2166 2545 2347 2579 essentia*

464 2617 521 2650 vcl
549 2617 749 2650 substantia
771 2616 956 2650 videbitur
976 2616 1019 2649 ab
1040 2616 1182 2661 angelis
1209 2623 1244 2649 ct
1264 2616 1434 2649 omnibus
1456 2616 1591 2649 sanctis
1616 2623 1652 2649 et
1670 2616 1815 2649 videtur
1836 2614 1879 2648 ab
1900 2608 2090 2647 animabus
2115 2611 2341 2658 glorificatis.

553 2683 744 2724 Secundus,
780 2683 878 2727 quod
912 2683 998 2715 licet
1032 2683 1152 2715 divina
1187 2683 1345 2716 essentia
1379 2683 1468 2715 una‘
1499 2683 1546 2715 sit
1575 2683 1611 2715 in
1642 2684 1745 2715 Patre
1777 2689 1810 2714 et
1842 2681 1932 2714 Filio
1963 2687 1999 2713 et
2030 2679 2166 2724 Spiritu
2198 2679 2394 2752 Sanct0,l<

465 2753 601 2784 tamen⁰
631 2757 670 2782 ut
698 2750 733 2782 in
769 2750 906 2782 ratione
939 2750 1053 2781 forme
1081 2761 1151 2782 una
1182 2756 1238 2782 cst
1266 2750 1302 2781 in
1332 2750 1436 2782 Patre
1467 2756 1502 2782 et
1527 2749 1632 2790 Filio,
1659 2748 1723 2781 sed
1752 2760 1824 2781 non
1851 2759 1920 2780 una
1942 2747 1979 2779 in
2001 2746 2072 2779 hiis
2101 2757 2182 2779 cum
2206 2746 2340 2790 Spiritu

465 2818 609 2858 Sancto,
632 2823 667 2849 ct
687 2816 825 2849 tamen⁷
845 2816 959 2849 forma
980 2815 1046 2848 hec
1067 2815 1162 2848 idem
1185 2816 1232 2848 sit
1252 2815 1349 2860 quod
1371 2815 1492 2848 divina
1514 2815 1685 2848 essentia.

553 2885 671 2916 Hune·
692 2887 872 2915 errorem⁸
906 2881 1157 2927 reprobamus,
1186 2881 1338 2914 firmiter
1372 2882 1468 2914 enim
1503 2881 1699 2923 credimus,
1728 2881 1824 2925 quod
1865 2892 1935 2913 una
1975 2886 2030 2912 est
2068 2879 2226 2912 essentia
2262 2878 2339 2912 sive

463 2950 684 2984 substantia⁹
706 2950 742 2982 in
764 2951 866 2982 Patre
888 2956 921 2982 ct
943 2948 1034 2981 Filio
1056 2955 1091 2981 et
1110 2948 1245 2993 Spiritu
1268 2949 1397 2982 Sancto
1419 2954 1454 2981 et
1475 2948 1599 2981 eadem
1622 2948 1780 2980 essentia
1802 2947 1838 2979 in
1861 2947 2000 2980 ratione
2021 2946 2180 2979 sor-mem.

589 3009 628 3032 2¹2.
