2580 3528
453 374 497 407 88
1038 386 1361 409 οΗΑιιΤυιΑιιιυΜ
1396 387 1589 409 UNIVERS.
1626 387 1757 410 rmus.
2237 378 2337 419 [1219

455 448 612 504 pedibus
639 459 791 505 laqueos
820 459 1206 494 excommunicationis
1234 461 1444 506 expandens
1472 462 1509 494 in
1539 461 1624 495 illos
1654 462 1716 507 qui
1747 462 1916 495 noverint
1943 462 2105 496 scolares
2134 473 2231 495 arma
2257 474 2336 508 por-

454 521 572 559 tantes
602 538 641 559 ac
672 526 717 559 de
747 534 853 560 nocte
884 527 1110 569 incedentes,
1142 528 1213 560 nisi
1244 540 1307 561 eos
1337 528 1430 560 infra
1458 534 1597 561 certum
1628 535 1771 574 tempus
1801 529 1872 574 ipsi
1901 528 1960 562 vel
1990 529 2070 574 ejus
2096 527 2240 562 officiali
2270 540 2337 562 seu

454 592 671 626 cancellario
702 594 922 635 nuntiarent,
955 594 1111 627 similem
1140 595 1356 628 sententiam
1381 594 1598 637 fulminavit,
1621 595 1770 628 eosdem
1793 595 1985 641 multiplici
2012 595 2224 641 hujusmodi
2251 607 2336 629 ana-

454 659 623 693 thematis
651 672 826 693 mucrone
852 661 989 694 seriens
1019 661 1140 694 minus
1168 668 1283 694 caute.
1313 663 1437 706 Nuper
1463 668 1595 703 autem,
1626 674 1707 695 cum
1735 669 1992 707 procuratores
2019 662 2147 708 prefati
2173 662 2337 708 episcopi

454 726 592 759 vellent
611 733 735 760 contra
760 727 878 760 dictos
904 728 1099 773 magistros
1128 734 1163 760 et
1189 727 1351 761 scolares
1377 727 1528 760 eandem
1555 728 1771 761 sententiam
1800 728 1952 761 recitare
1977 728 2014 761 in
2034 729 2152 774 ipsius
2173 726 2337 774 episcopi

455 793 587 826 litteris
609 800 800 835 exaratam,
830 793 939 827 iidem
968 806 1007 827 se
1033 793 1176 839 gravari
1197 794 1367 827 timentes
1389 794 1433 827 ad
1459 793 1584 828 sedem
1613 794 1849 840 apostolicam
1877 802 2132 840 provocarunt.
2163 796 2225 829 Set
2250 795 2338 829 dicti

455 867 723 904 procuratores,
746 860 1006 893 nichilominus
1040 873 1105 906 per
1138 861 1281 894 diversa
1315 861 1481 894 fecerunt
1514 861 1592 894 loca
1627 861 1664 894 in
1697 873 1893 906 gravamen
1926 861 2121 895 scolarium
2156 862 2338 907 predictas

455 926 594 969 litteras
629 927 818 972 publicari.
856 927 961 960 Unde
996 927 1149 972 predicti
1186 927 1350 973 magistri
1385 934 1420 960 et
1454 927 1615 961 scolares
1646 927 1753 961 nobis
1783 928 1970 962 humiliter
1999 929 2263 974 supplicarunt,
2300 935 2340 962 ut

456 1005 566 1038 super
586 993 797 1038 hujusmodi
825 994 1018 1026 sententiis
1044 1000 1079 1026 et
1105 994 1392 1039 gravaminibus,
1422 1006 1492 1039 que
1519 994 1564 1027 ab
1591 994 1766 1040 episcopo
1788 1001 1823 1028 et
1848 995 1925 1028 suis
1951 1007 1991 1028 ac
2018 995 2234 1028 cancellario
2260 1007 2338 1041 pre-

455 1060 581 1093 taxatis
610 1060 749 1093 eisdem
771 1060 919 1105 sepius²
947 1060 1167 1102 inferuntur,
1197 1061 1434 1106 dignaremur
1463 1061 1534 1095 sibi
1564 1061 1853 1095 misericorditer
1879 1062 2085 1107 providere.
2109 1062 2200 1096 Cum
2226 1062 2339 1108 igitur

455 1126 616 1168 scolares
643 1126 745 1171 ipsos
774 1133 941 1172 tanquam
970 1127 1067 1160 filios
1095 1127 1274 1173 speciales
1303 1128 1446 1161 sincere
1474 1128 1633 1161 caritatis
1660 1127 1820 1162 brachiis
1847 1128 2095 1174 amplexemur
2121 1135 2157 1162 et
2182 1128 2338 1162 velimus

454 1192 498 1225 ab
533 1193 696 1238 ipsorum
728 1194 952 1227 conscientia
987 1193 1197 1239 hujusmodi
1234 1195 1489 1228 scandalorum
1524 1195 1709 1228 materiam
1740 1195 1886 1241 penitus
1917 1196 2087 1237 resecari,
2124 1195 2338 1229 discretioni

454 1267 574 1292 vestre
596 1272 661 1305 per
681 1260 879 1305 apostolica
908 1261 1041 1306 scripta
1068 1261 1282 1294 mandamus
1310 1262 1481 1306 quatinus
1509 1262 1691 1307 predictas
1718 1262 1918 1295 sententias
1947 1269 1983 1295 et
2002 1262 2090 1295 alias
2111 1262 2336 1305 consimiles,

454 1326 485 1359 si
512 1338 602 1371 quas
628 1327 843 1360 inveneritis
870 1327 1132 1373 promulgatas,
1162 1334 1376 1362 revocantes
1402 1329 1571 1374 protinus
1599 1329 1643 1361 ad
1670 1328 1845 1362 cautelam
1874 1329 1971 1362 dicto
1997 1329 2172 1374 episcopo
2198 1335 2233 1362 et
2259 1329 2337 1363 suis

453 1393 605 1426 firmiter
626 1393 792 1427 inhibere
814 1395 962 1436 curetis,
991 1406 1036 1428 ne
1057 1395 1127 1440 ipsi
1153 1407 1218 1428 seu
1244 1395 1436 1440 quisquam
1463 1407 1588 1428 eorum
1610 1395 1750 1441 aliquas
1771 1395 1983 1429 consimiles
2004 1396 2204 1429 sententias
2224 1408 2338 1441 gene-

453 1460 548 1493 rales
583 1461 620 1493 in
655 1461 850 1506 magistros
883 1468 945 1494 aut
978 1461 1139 1495 scolares
1178 1462 1405 1496 Parisienses
1440 1462 1597 1496 audeant
1635 1462 1804 1496 decetero
1843 1463 1923 1496 sine
1963 1463 2114 1496 Romani
2153 1462 2337 1508 pontificis

453 1527 676 1560 conscientia
698 1527 944 1574 promulgare.
963 1529 1070 1572 Quod
1090 1529 1121 1561 si
1143 1541 1217 1562 non
1238 1541 1378 1571 omnes,
1397 1536 1435 1562 tu
1455 1529 1565 1562 frater
1582 1528 1857 1575 archiepiscope
1879 1541 1959 1562 cum
1980 1541 2107 1562 eorum
2125 1529 2253 1571 altero,
2270 1534 2335 1564 etc.

453 1595 531 1638 Dat.
556 1594 721 1627 Laterani
743 1594 779 1639 iij
802 1594 871 1627 kal.
894 1594 1046 1640 Aprilis,
1069 1595 1301 1640 pontificatus
1322 1596 1439 1629 nostri
1459 1607 1555 1628 anno
1577 1596 1696 1629 tertio.

547 1692 610 1723 Reg.
627 1692 684 1715 Vnt.
703 1692 799 1715 Honor.
818 1693 862 1720 111,
880 1700 921 1716 an.
939 1693 961 1721 3,
978 1701 1019 1724 ep.
1037 1694 1091 1721 357,
1109 1693 1153 1716 sol.
1171 1694 1208 1716 76.
1225 1707 1256 1711 —
1271 1693 1335 1718 Rec.
1352 1695 1398 1718 des
1413 1693 1519 1718 Histor.
1535 1695 1583 1718 des
1599 1693 1712 1722 Gaules,
1730 1694 1794 1721 xlx,
1811 1694 1865 1717 679.

546 1777 567 1800 1.
585 1777 638 1800 Hoc
654 1777 787 1800 decretum
803 1785 854 1800 non
874 1777 1003 1801 habemus
1019 1780 1044 1801 et
1060 1778 1170 1801 forsitan
1192 1786 1326 1810 nunquam
1347 1778 1455 1805 exstitit,
1472 1778 1541 1801 sicut
1560 1786 1590 1802 ex
1609 1778 1704 1802 litteris
1726 1778 1949 1810 subsequentibus
1969 1778 2091 1801 concludi
2110 1781 2205 1810 potest.
2222 1792 2253 1796 —
2267 1778 2289 1802 2.
2307 1779 2336 1802 ln

453 1821 515 1852 ch.
533 1829 539 1851 ς
556 1825 656 1852 septus.

454 1984 513 2021 31
524 2013 532 2021 .
556 1994 700 2019 Honorius
730 1995 778 2019 III
801 1994 902 2019 scribit
930 1995 1058 2020 Hervaeo
1087 1994 1230 2030 episcopo,
1252 1994 1397 2031 Stephano
1421 1994 1531 2021 decano
1557 1999 1584 2021 et
1608 1995 1720 2021 cantori
1748 1994 1934 2021 Trea-ensibus
1958 1994 2035 2020 circa
2060 1994 2180 2020 eandem
2205 2003 2334 2030 causam,

542 2042 697 2068 declarans
713 2042 827 2069 litteras
853 2043 1003 2069 Octaviani
1018 2043 1146 2080 episcopi
1161 2043 1324 2069 Hostiensis
1340 2043 1378 2069 ab
1394 2043 1527 2080 episcopo
1542 2043 1637 2070 Paris.
1656 2052 1710 2069 non
1723 2044 1855 2080 potuisse
1871 2044 1900 2069 in
1915 2043 2039 2069 medium
2058 2043 2194 2079 proferri.
2213 2043 2338 2070 Mandat

543 2092 661 2128 insuper
676 2095 707 2117 ut
721 2092 865 2118 sententia
881 2095 981 2118 contra
996 2092 1150 2127 magistros
1167 2096 1194 2118 et
1208 2092 1356 2118 scholares
1371 2092 1554 2119 Parisienses
1570 2101 1589 2118 α
1604 2092 1780 2118 cancellario
1796 2092 1859 2118 lata
1875 2092 2019 2118 habeatur
2034 2092 2127 2118 irrita.
2141 2091 2338 2128 Reprehendit

542 2141 663 2175 rigorem
680 2141 817 2176 injustum
832 2140 1010 2176 cancellarii,
1030 2145 1057 2167 et
1072 2141 1195 2177 injungit
1211 2145 1241 2167 ut
1255 2141 1296 2167 ad
1310 2141 1421 2167 curiam
1437 2141 1531 2168 veniat
1545 2150 1576 2168 se
1592 2142 1686 2178 ipsum
1700 2141 1727 2167 si
1739 2141 1835 2178 possit
1850 2145 2050 2167 excusaturus.

1522 2245 1592 2274 1219,
1609 2244 1670 2270 unii
1684 2245 1716 2275 11,
1732 2245 1826 2271 Romae
1842 2252 1882 2277 ap.
1898 2244 1922 2270 S.
1938 2245 2048 2270 Petrum.

547 2359 567 2364 ..
588 2332 783 2377 Episcopo,
805 2359 825 2364 ..
845 2332 984 2365 decano
1006 2339 1041 2365 et
1061 2359 1080 2365 ..
1103 2332 1242 2366 cantori
1263 2333 1524 2366 Trecensibus.
1548 2332 1584 2366 Si
1606 2332 1797 2366 doctorum
1819 2339 1854 2366 et
1874 2332 2138 2378 discipulorum
2161 2330 2336 2366 Parisien-

454 2399 549 2431 sium
571 2399 790 2432 universitas
811 2399 1006 2444 perspicue
1027 2398 1079 2432 sic
1100 2400 1260 2445 graviter
1281 2399 1515 2442 excessisset,
1537 2406 1576 2433 ut
1597 2411 1722 2433 eorum
1745 2399 1850 2445 culpa
1871 2412 1938 2433 nec
1960 2399 2101 2445 palliari
2122 2405 2249 2445 posset
2270 2410 2337 2432 nec

452 2466 630 2510 impunita
661 2466 820 2511 relinqui
852 2478 859 2499 ε
892 2473 989 2499 tante
1020 2473 1139 2499 tamen
1170 2473 1206 2500 et
1233 2473 1303 2500 tam
1332 2466 1535 2500 venerabili
1565 2466 1790 2500 multitudini
1821 2467 2007 2500 decuisset
2036 2466 2074 2499 in
2107 2465 2175 2499 hoc
2210 2465 2337 2499 saltem

456 2532 602 2573 deferri,
633 2539 671 2565 nt
696 2533 739 2565 ad
767 2545 894 2578 penam
924 2546 997 2566 non
1025 2533 1287 2578 procederetur
1307 2534 1470 2579 ipsorum
1497 2534 1569 2567 nisi
1594 2533 1793 2579 apostolice
1821 2533 1921 2567 sedis
1949 2532 2127 2566 sententia
2149 2532 2335 2577 requisita.

456 2599 518 2631 Set
537 2598 661 2631 vicarii
683 2611 748 2631 seu
770 2606 1025 2644 procuratores
1046 2599 1268 2633 venerabilis
1289 2601 1411 2634 fratris
1432 2600 1549 2634 nostri
1567 2626 1589 2633 ..
1607 2598 1826 2633 Parisiensis
1844 2598 2007 2644 episcopi
2027 2611 2067 2631 ac
2088 2598 2296 2643 specialiter
2314 2624 2334 2631 ..

456 2664 695 2706 cancellarius
724 2665 954 2706 parisiensis,
986 2666 1048 2710 qui
1076 2678 1171 2699 unus
1202 2666 1348 2699 illorum
1379 2667 1513 2708 existit,
1544 2666 1613 2699 hoc
1640 2677 1867 2711 nequaquam
1895 2671 1935 2698 ut
1961 2665 2082 2698 decuit
2108 2665 2337 2698 attendentes

458 2742 524 2764 nec
545 2732 714 2764 verentes
742 2731 902 2764 studium
929 2731 1148 2773 Parisiense,
1178 2732 1276 2776 quod
1298 2732 1462 2765 doctrine
1488 2744 1554 2766 sue
1582 2732 1717 2765 ssuenta
1738 2743 2001 2777 usquequaque
2027 2730 2236 2764 diffundens
2258 2730 2338 2764 uni-

457 2797 610 2830 versalis
632 2797 787 2830 ecclesie
808 2804 937 2830 terram
960 2797 1088 2842 irrigat
1114 2804 1149 2830 et
1175 2798 1356 2839 secundat,
1386 2798 1423 2830 in
1451 2805 1593 2831 montes
1621 2797 1776 2840 Gelboe,
1805 2809 1916 2843 super
1942 2809 2035 2842 quos
2063 2809 2129 2829 nec
2158 2808 2218 2829 ros
2243 2796 2339 2829 cadit

459 2875 525 2897 nec
552 2863 693 2908 pluvia,
723 2870 957 2905 commutare„
990 2863 1164 2908 impetum
1195 2864 1369 2906 ssuminis,
1397 2865 1459 2909 qui
1489 2864 1668 2898 civitatem
1703 2864 1771 2897 Dei
1804 2863 1963 2905 letificat,
1995 2875 2141 2897 cursum
2173 2862 2337 2896 doctrine

458 2929 640 2975 videlicet,
664 2930 795 2964 sistere
816 2937 1131 2976 presumpserunt.
1155 2930 1255 2964 Sicut
1282 2931 1378 2964 enim
1399 2931 1521 2976 gravis
1546 2930 1653 2964 nobis
1678 2930 1877 2964 eorundem
1900 2930 2089 2963 doctorum
2111 2929 2337 2975 querimonia
