2580 3528
473 390 539 422 440
1058 385 1378 422 οΗΑιιΤυιΑῃιυΜ
1414 400 1604 423 uxlvans.
1642 399 1771 421 rmus.
2255 389 2357 434 [1264

474 473 675 507 litterarum
695 474 906 507 auctoritate
928 474 1035 507 dictis
1057 474 1195 507 decano
1217 481 1252 507 et
1271 474 1430 519 capitulo
1447 474 1668 518 injunxisset
1688 480 1727 506 ut
1747 473 1903 506 eundem
1925 475 2072 507 Petrum
2093 473 2300 519 reciperent
2318 474 2356 507 in

473 541 688 574 canonicum
718 547 754 574 et
779 541 816 574 in
843 541 989 574 fratrem
1015 541 1199 586 iidemque
1230 541 1389 574 decanus
1420 547 1455 573 et
1484 540 1680 585 capitulum
1710 539 1913 574 litterarum
1943 540 2186 586 predictarum
2215 541 2355 587 copiam

474 607 546 640 sibi
579 607 659 640 fieri
692 607 877 641 humiliter
912 608 1119 653 petiverunt
1154 619 1160 640 ε
1198 607 1263 640 sed
1298 607 1381 652 quia
1411 607 1507 639 idem
1538 607 1638 652 prior
1673 618 1784 652 super
1817 606 1886 640 hoc
1920 614 2045 641 contra
2069 608 2248 653 justitiam
2282 619 2356 641 non

473 673 644 707 audiebat
669 675 831 716 eosdem,
854 674 925 719 ipsi
951 674 1152 707 sentientes
1174 686 1217 706 ex
1237 673 1305 706 hoc
1326 673 1488 706 indebite
1511 685 1550 706 se
1571 673 1714 718 gravari
1733 673 1779 707 ad
1799 680 1960 707 nostram
1985 674 2206 708 audientiam
2231 674 2357 720 appel-

474 740 605 774 larunt.
640 741 688 774 At
720 741 815 774 idem
851 741 952 786 prior
985 740 1195 785 hujusmodi
1230 739 1473 785 appellatione
1508 746 1715 786 contempta
1743 740 1781 773 in
1813 740 2101 775 contradictores
2131 747 2168 775 et
2195 741 2356 776 rebelles

474 808 605 852 primo,
633 814 668 840 et
693 807 835 840 tandem
859 808 895 839 in
917 794 1093 840 decanum
1115 813 1150 840 et
1169 806 1312 851 aliquos
1333 806 1377 839 de
1400 806 1496 840 dicto
1523 806 1681 852 capitulo
1707 807 1944 854 singulariter
1969 808 2356 842 excommunicationis

473 874 673 907 sententias
714 873 955 919 promulgavit
996 885 1132 918 eosque
1168 873 1500 906 excommunicatos
1534 873 1762 908 denuntiavit
1799 881 1836 907 et
1871 874 1958 908 fecit
1996 874 2142 920 publice
2182 875 2355 918 nuntiari,

474 947 623 985 propter
647 940 744 985 quod
767 940 852 973 dicti
874 940 1034 972 decanus
1056 946 1091 972 et
1111 939 1307 985 capitulum
1329 940 1373 972 ad
1395 946 1556 973 nostram
1578 940 1761 974 duxerunt
1785 941 2051 986 providentiam
2077 941 2354 976 recurrendum.

473 1008 547 1039 Nos
581 1006 693 1051 igitur
726 1006 956 1039 attendentes
990 1006 1088 1051 quod
1122 1006 1342 1039 Parisiensis
1384 1006 1552 1049 ecclesia,
1587 1007 1633 1040 ad
1666 1019 1773 1052 quam
1808 999 1948 1041 ratione
1982 1008 2202 1042 Parisiensis
2243 1008 2356 1043 studii

472 1072 698 1105 diversarum
720 1073 905 1105 nationum
927 1079 1058 1118 gentes
1079 1072 1281 1114 confluunt,
1305 1085 1375 1118 que
1397 1085 1568 1119 magnum
1589 1073 1725 1107 habent
1744 1073 1861 1107 zelum
1882 1074 2090 1108 devotionis
2110 1074 2155 1108 ad
2176 1074 2289 1118 illam,
2316 1075 2355 1109 in

471 1139 656 1184 generalis
682 1138 837 1172 ecclesie
862 1139 1089 1172 firmamento
1116 1146 1283 1184 tanquam
1310 1139 1423 1185 sydus
1451 1140 1617 1185 prelucet
1636 1140 1815 1174 irradians
1841 1147 1877 1174 et
1895 1140 1938 1174 ab
1959 1141 2040 1175 aliis
2064 1132 2161 1175 sicut
2184 1153 2356 1191 magnum

472 1206 694 1239 discernitur
727 1205 919 1247 luminare,
947 1218 986 1239 ac
1017 1206 1200 1239 sustinere
1231 1206 1399 1240 nolentes
1430 1207 1529 1252 quod
1558 1214 1655 1241 tanta
1685 1207 1941 1254 ecclesia-que
1976 1220 1995 1242 a
2027 1214 2082 1242 tot
2113 1208 2287 1254 gentibus
2321 1214 2359 1243 et

472 1272 598 1305 mundi
619 1273 765 1318 populis
787 1273 896 1306 multa
917 1273 1153 1307 veneratione
1174 1274 1368 1319 prefertur,
1392 1274 1585 1308 occasione
1606 1274 1817 1320 hujusmodi
1837 1275 1876 1308 in
1896 1275 2031 1309 divinis
2052 1275 2181 1310 officiis
2202 1275 2358 1322 patiatur

471 1340 666 1381 defectum,
693 1340 885 1385 presertim
908 1352 988 1374 cum
1010 1353 1181 1386 magnum
1203 1353 1247 1374 ex
1266 1341 1335 1374 hoc
1357 1341 1567 1374 scandalum
1589 1342 1626 1375 in
1647 1341 1844 1375 multorum
1870 1342 2056 1376 mentibus
2082 1350 2247 1376 exortum
2272 1354 2356 1378 esse

471 1407 625 1448 dicatur,
647 1407 861 1440 discretioni
881 1414 1002 1440 vestre
1024 1407 1237 1442 mandamus
1258 1409 1429 1454 quatinus
1449 1420 1516 1442 vos
1541 1409 1600 1443 vel
1621 1409 1711 1442 alter
1737 1416 1898 1443 vestrum
1928 1421 1994 1455 per
2012 1422 2078 1444 vos
2098 1409 2158 1444 vel
2176 1398 2268 1444 alios
2289 1421 2362 1445 seu

471 1473 580 1506 alium
608 1474 745 1507 vocatis
771 1474 832 1519 qui
857 1474 993 1507 suerint
1017 1475 1207 1517 evocandi,
1229 1474 1440 1520 hujusmodi
1466 1476 1853 1510 excommunicationis
1879 1477 2080 1510 sententias
2107 1477 2152 1510 ad
2178 1477 2355 1511 cautelam

466 1541 568 1585 juxta
592 1541 742 1573 formam
769 1541 924 1574 ecclesie
945 1541 1158 1574 auctoritate
1179 1548 1303 1575 nostra
1324 1542 1494 1576 relaxetis
1515 1536 1555 1576 ac
1575 1549 1701 1588 postea
1727 1543 1874 1576 easdem
1900 1543 2124 1578 denuntietis
2152 1550 2188 1577 et
2213 1544 2357 1578 denun-

471 1607 550 1640 tiari
590 1607 728 1640 faciatis
769 1607 915 1653 publice
956 1607 1144 1642 relaxatas.
1186 1609 1484 1643 Contradictores
1524 1621 1679 1643 censura
1714 1609 1825 1643 simili
1866 1610 2110 1656 appellatione
2150 1611 2355 1659 postposita

469 1674 774 1719 compescendo‘.
799 1676 876 1708 Dat.
899 1674 996 1721 apud
1017 1675 1153 1708 Urbem
1173 1677 1343 1710 Veterem
1366 1688 1387 1709 x
1408 1676 1476 1709 kal.
1499 1676 1599 1718 Julii‚
1621 1689 1716 1710 anno
1742 1676 1861 1710 tertio.

564 1772 626 1803 aeg.
643 1773 700 1795 Vnt.
717 1767 818 1796 Urbani
832 1773 864 1797 ιν
880 1781 921 1797 un.
939 1774 953 1796 3
970 1775 1008 1803 (no
1022 1772 1070 1804 29),
1087 1781 1128 1805 ep.
1146 1775 1191 1797 704
1206 1774 1280 1806 (884),
1295 1774 1341 1798 rol.
1355 1774 1426 1798 18811.

564 1858 586 1881 1.
603 1857 667 1881 Vide
688 1866 769 1889 supra
785 1858 818 1881 nl·
832 1859 886 1886 340,
905 1859 959 1882 359.
979 1872 1010 1876 —-
1030 1859 1052 1882 2.
1071 1859 1126 1882 Hoc
1141 1859 1327 1883 documentum
1343 1859 1557 1883 extensissimum
1572 1867 1632 1882 eum
1648 1859 1738 1883 multis
1762 1859 1869 1883 insertis
1892 1863 1979 1884 exstat
1999 1860 2026 1883 in
2046 1860 2109 1892 Reg.
2128 1860 2186 1884 Vat.
2202 1859 2305 1884 Urbani
2320 1859 2355 1884 IV

443 1909 446 1911 ’
469 1910 511 1925 un.
527 1903 540 1925 3
557 1904 595 1931 (n0
610 1903 659 1932 29),
676 1911 718 1934 ep.
734 1904 773 1930 118,
790 1903 834 1926 fol.
852 1904 882 1926 ‘25
897 1903 960 1934 (dat.
978 1903 1005 1935 iij
1022 1903 1058 1927 id.
1075 1904 1172 1934 Mart.)‚
1188 1907 1214 1927 et
1228 1904 1301 1927 aliud
1317 1903 1462 1932 diversum,
1478 1904 1524 1927 sed
1543 1904 1643 1927 tenoris
1659 1904 1755 1928 similis
1770 1904 1798 1928 in
1815 1905 1979 1930 Colleclione
2001 1904 2095 1928 Marini
2116 1905 2148 1928 de
2163 1905 2256 1933 Ebolo,
2274 1904 2352 1929 Atell.

469 1947 525 1970 Vnt.
538 1955 604 1970 nrm.
621 1948 660 1975 31,
672 1955 712 1978 ep.
730 1948 800 1975 3270,
817 1955 847 1970 ex
862 1955 913 1979 quo
929 1956 1011 1979 supra
1027 1952 1056 1971 n⁰
1070 1949 1116 1971 330
1131 1948 1222 1980 aliqua
1240 1949 1399 1972 referuntur.
1416 1949 1509 1972 Petrus
1525 1949 1594 1972 inter
1613 1948 1666 1972 alia
1681 1949 1858 1972 accusabatur
1873 1949 1982 1981 publica
1996 1949 2119 1973 laborm-e
2141 1949 2252 1973 infamia
2271 1957 2354 1982 super

469 1991 642 2014 abominabili
658 1992 731 2021 viti0,
747 1995 773 2015 et
787 1992 896 2015 Parisiis
911 2001 1014 2016 errores
1030 1993 1136 2024 publice
1151 1993 1328 2024 praedicasse.
1347 1994 1379 2017 Se
1394 1993 1564 2022 defendebam
1580 2001 1652 2025 papa
1666 2001 1730 2017 vero
1745 2001 1794 2025 per
1809 1993 1953 2026 magistros
1968 1993 2118 2025 Remigium
2135 1997 2160 2018 et
2174 1993 2354 2018 Raimundum

468 2037 620 2067 capellanos
636 2038 662 2060 et
676 2037 800 2068 physicos
817 2045 879 2060 suos
901 2037 961 2060 fecit
980 2037 1088 2069 inquiri,
1106 2046 1117 2061 α
1133 2038 1178 2069 qui
1194 2038 1312 2070 ejusdem
1332 2038 1455 2070 magistri
1478 2038 1506 2062 P.
1523 2046 1634 2070 corpore
1649 2038 1790 2070 diligenter
1810 2038 1929 2070 inspecto
1944 2038 2033 2070 ipsum
2048 2039 2196 2062 retulerunt
2210 2039 2244 2062 ab
2257 2038 2353 2071 huju·—

470 2080 540 2103 modi
557 2081 648 2104 morbo
664 2090 774 2112 prorsus
793 2081 935 2105 immunem
952 2090 975 2106 n.
990 2095 1022 2100 —
1036 2083 1059 2106 3.
1076 2083 1138 2114 Reg.
1156 2083 1224 2111 Vnt„
1241 2083 1258 2106 l.
1275 2091 1307 2110 c.,
1324 2091 1364 2114 ep.
1385 2084 1424 2111 49,
1441 2083 1560 2114 ejusdem
1574 2082 1714 2114 temporis.
1729 2096 1761 2101 —
1774 2084 1797 2106 4.
1814 2083 1973 2107 Nominutur
1987 2084 2081 2107 Petrus
2095 2092 2107 2107 (ι
2123 2083 2222 2108 Roselli
2237 2092 2249 2107 n
2265 2083 2353 2111 adhue

469 2125 487 2156 ij
505 2134 564 2148 non.
581 2126 645 2155 Jul.y
662 2125 737 2159 ihid.‚
753 2135 794 2157 ep.
811 2127 865 2150 848.

470 2266 582 2303 399.
612 2275 742 2301 Urbanus
759 2277 803 2303 IV
812 2276 921 2302 decano
943 2276 1083 2303 ecclesiae
1102 2276 1138 2303 de
1159 2276 1353 2303 Abbatisvilla
1377 2277 1591 2313 inquisitionem
1614 2277 1750 2314 querelae
1773 2278 1975 2313 magistrorum
1997 2278 2175 2313 theologicae
2196 2277 2352 2312 facultatie

558 2325 653 2351 Paris.
672 2326 829 2359 committit,
847 2326 923 2361 quod
939 2325 1102 2362 Stephanus
1118 2326 1312 2353 cancellarius
1327 2326 1385 2353 sibi
1399 2335 1499 2353 nomen
1516 2330 1543 2353 et
1558 2327 1687 2362 officium
1703 2327 1808 2354 decani
1822 2328 2038 2364 assumpsisset.

1512 2417 1587 2446 7264,
1605 2417 1675 2443 danii
1684 2417 1729 2447 26,
1745 2417 1816 2450 apud
1828 2416 1916 2443 Urbem
1933 2417 2062 2443 Veterem.

560 2489 703 2521 Decano
733 2488 887 2522 ecclesie
918 2489 962 2522 de
990 2489 1230 2524 Abbatisvilla
1255 2490 1515 2524 Ambianensis
1537 2491 1708 2524 diocesis.
1739 2492 1791 2524 Ex
1817 2488 1918 2537 parte
1946 2491 2162 2524 dilectorum
2184 2486 2348 2524 'filiorum

471 2554 726 2598 magistrorum
752 2556 955 2600 regentium
984 2557 1145 2590 Parisius
1166 2557 1203 2590 in
1224 2557 1430 2603 theologica
1449 2557 1618 2591 facultate
1638 2558 1706 2591 fuit
1725 2558 1954 2603 propositum
1975 2569 2095 2591 coram
2116 2556 2224 2590 nobis
2249 2557 2349 2603 quod

471 2619 557 2652 licet
577 2620 713 2665 singuli
735 2622 898 2667 magistri
919 2623 1099 2657 facultatis
1121 2623 1286 2668 ejusdem
1307 2636 1387 2657 cum
1410 2624 1447 2657 in
1467 2636 1507 2657 ea
1528 2625 1690 2658 Parisius
1711 2636 1840 2670 regere
1861 2620 2041 2670 incipiunt
2061 2636 2104 2657 ex
2124 2624 2257 2658 statuto
2283 2634 2350 2670 per

471 2685 595 2718 sedem
622 2687 855 2731 apostolicam
879 2689 1090 2722 confirmato
1111 2696 1303 2723 teneantur
1324 2697 1486 2736 prestare
1508 2691 1747 2736 corporaliter
1769 2695 2015 2736 Juramentum
2046 2690 2091 2724 de
2119 2681 2348 2736 perhibendo

470 2751 570 2784 fideli
600 2753 807 2786 testimonio
836 2755 880 2787 dc
908 2754 978 2788 hiis
1006 2746 1067 2801 qui
1095 2757 1345 2790 examinantur
1372 2757 1508 2791 ibidem
1534 2758 1571 2790 in
1598 2757 1810 2803 hujusmodi
1837 2757 2017 2800 facultate,
2045 2753 2349 2791 tamen'dilectus

472 2818 568 2851 filius
604 2819 776 2864 magister
811 2821 1015 2865 Stephanus
1050 2823 1288 2858 cancellarius
1323 2824 1543 2858 parisiensis
1573 2825 1635 2870 qui
1666 2823 1710 2858 de
1740 2836 1836 2858 novo
1870 2824 1908 2857 in
1941 2823 2109 2857 facultate
2143 2824 2221 2870 ipsa
2256 2823 2347 2857 inibi

471 2896 600 2930 regere
635 2885 771 2930 incepit
802 2894 964 2931 prestare
993 2888 1203 2933 hujusmodi
1229 2891 1475 2935 juramentum
1506 2890 1669 2924 indebite
1699 2891 1948 2933 contradiciff,
1984 2897 2020 2924 et
2050 2891 2148 2936 quod
2182 2890 2268 2924 licet
2301 2890 2346 2924 de

469 2951 615 2996 antiqua
641 2958 676 2985 et
699 2952 894 2997 approbata
915 2960 950 2986 et
970 2953 1144 2988 hactenus
1166 2957 1314 3001 pacifice
1335 2957 1526 2991 observata
1546 2957 1813 2991 consuetudine
1834 2957 1996 2992 Parisius
2021 2958 2068 2991 sit
2093 2957 2282 2991 obtentum
2307 2963 2349 2991 ut
