2580 3528
251 863 298 886 276
410 878 438 882 —

251 1014 297 1038 277
409 1029 438 1034 .-

251 1114 298 1145 2'78
408 1136 440 1140 -

251 1272 298 1296 279
407 1288 439 1292 —

249 1664 294 1688 2⁸¹
406 1679 438 1684 -

249 1860 296 1887 2⁸2
406 1874 438 1879 —

249 2359 296 2383 285
406 2371 438 2377 —·

248 2617 295 2642 2⁸7
406 2631 437 2636 —

590 867 653 892 unii
667 870 682 891 5

597 1127 677 1152 sunio

575 1384 647 1409 Junii
665 1384 695 1408 17

586 2210 600 2235 J
604 2210 651 2234 ulii
671 2211 683 2235 1

598 2362 686 2386 —22

526 2618 582 2644 Jul.
595 2619 709 2651 at-Aug.
725 2620 740 2643 fi

558 2814 680 2839 octobri·
695 2816 709 2839 ⁵

1111 453 1280 476 TABULA.

772 571 919 596 Alexander
932 572 966 596 lv
980 571 1099 604 disponit
1113 572 1146 596 de
1161 572 1221 604 jure
1235 575 1392 604 patronatus
1408 580 1423 596 a
1437 573 1557 596 Johanne
1572 573 1604 596 de
1620 574 1776 606 Lessington
1792 574 1959 598 studentibus
1976 575 2040 598 Ord.

803 615 912 640 Cisterc.
929 616 1013 640 Paris.
1027 616 1124 640 collato
1126 633 2041 643 ....................................

772 674 918 698 Alexander
933 674 966 698 lv
981 673 1142 698 Ludovicum
1155 682 1246 706 regem
1260 674 1421 698 Francorum
1432 675 1554 698 hortatur
1565 678 1594 699 ut
1606 675 1751 707 Reginaldo
1763 675 1888 708 episcopo
1901 675 2043 699 parisiensi

803 718 838 742 ad
860 718 1035 742 cohibendam
1059 718 1228 743 insolentiam
1245 718 1403 743 clericorum
1422 720 1598 751 quorumdum
1618 720 1728 744 Parisiis
1747 720 1975 748 commorantium,
1998 720 2043 752 qui

803 763 942 795 sacrilegis
957 763 1080 787 manibus
1096 765 1191 787 fratres
1206 763 1270 787 Ord.
1287 763 1380 787 Praed.
1397 764 1559 788 Parisienses
1574 764 1730 788 verberibus
1745 764 1895 793 affecerant,
1908 764 2044 796 impendat

803 807 932 831 auxilium
945 825 2042 834 ...........................................

773 865 886 890 Litterae
909 865 1049 889 Alexandri
1072 866 1105 890 1v
1123 865 1214 890 abbati
1233 866 1348 890 Johanni
1367 866 1518 890 Fossuteusi
1540 866 1572 890 dc
1593 866 1767 891 observandis
1787 866 1947 899 quibusdam
1971 866 2044 890 ordi-

803 909 955 934 nationibus
983 909 1060 934 suetis
1085 910 1154 934 inter
1182 911 1277 934 fratres
1301 910 1500 934 Praedicatores
1526 914 1552 934 et
1577 911 1776 935 universitatem
1805 911 1994 943 magistrorum
2019 914 2044 934 et

804 954 966 978 scholarium
978 954 1053 979 Paris
1057 971 2042 980 .......................................

773 1016 919 1041 Alexander
940 1017 974 1040 lv
995 1016 1140 1048 chinaldo
1162 1017 1288 1049 episcopo
1305 1017 1448 1041 Parisiensi
1463 1017 1595 1041 dubitanti
1616 1017 1711 1041 iterum
1730 1017 1839 1041 mandat
1858 1020 1886 1041 ut
1906 1017 2044 1041 introduc-

803 1061 902 1085 torium
918 1060 945 1085 in
963 1061 1137 1093 Evangelium
1152 1065 1288 1085 aeternum
1302 1065 1328 1085 et
1342 1061 1483 1085 schedulas
1498 1062 1628 1094 quasdam
1642 1065 1717 1086 curet
1734 1062 1877 1086 abolendas
1881 1079 2041 1088 .......

773 1124 906 1147 Stotutum
919 1123 1030 1156 capituli
1045 1123 1177 1155 generalis
1188 1123 1252 1148 Ord.
1267 1123 1359 1148 Praed.
1374 1123 1424 1147 sub
1436 1124 1581 1148 Humberto
1591 1124 1716 1148 celebrati
1730 1124 1763 1148 de
1775 1124 1893 1148 delendis
1908 1124 2043 1148 erroribus

803 1176 872 1191 anno
892 1168 952 1192 1241
977 1168 1167 1192 condemnatis.
1189 1168 1294 1200 Scripta
1314 1169 1427 1192 fratrum
1447 1176 1551 1192 errores
1575 1169 1736 1192 continentia
1757 1169 1896 1193 mittantur
1915 1169 2043 1201 magistro

803 1212 921 1236 Ordinis.
938 1212 1105 1244 chrobatur
1119 1212 1247 1236 correctio
1262 1212 1365 1236 Bibliae
1384 1213 1542 1237 Senonensis
1545 1230 2041 1239 ....................

772 1274 933 1298 llumbertus
957 1275 1086 1306 magister
1109 1274 1172 1299 Ord.
1196 1275 1289 1299 Praed.
1313 1275 1442 1299 fratribus
1464 1275 1505 1298 sui
1529 1274 1636 1299 Ordinis
1659 1275 1691 1299 de
1714 1275 1851 1304 fratribus,
1873 1275 1918 1307 qui
1937 1275 2043 1307 linguas

803 1319 945 1343 orientales
959 1319 1110 1347 addiscant,
1126 1322 1152 1343 et
1166 1319 1198 1343 de
1212 1319 1395 1351 persecutione
1410 1319 1564 1352 ParisiQ,
1577 1319 1633 1352 jam
1648 1319 1816 1352 aliquatenus
1834 1323 1990 1352 temperata.
2011 1339 2017 1345 .
2036 1338 2043 1345 .

772 1381 918 1405 Alexander
932 1381 966 1405 lv
980 1381 1006 1405 in
1021 1381 1116 1405 litteris
1127 1381 1160 1404 ad
1172 1381 1347 1413 Reginaldum
1357 1381 1511 1414 episcopum
1522 1381 1698 1406 Parisiensem
1709 1382 1816 1406 directis
1826 1382 2043 1414 compositionem

802 1425 871 1449 inter
891 1427 986 1450 fratres
1006 1425 1204 1449 Praedicatores
1224 1429 1250 1449 ct
1269 1425 1412 1457 magistros
1427 1426 1590 1450 Parisienses
1609 1426 1702 1450 initam
1723 1426 1857 1458 reprobat,
1873 1426 2043 1451 Guillelmum

803 1470 835 1494 de
850 1471 876 1494 S.
893 1470 997 1499 Amore,
1013 1469 1131 1494 Odonem
1146 1470 1178 1494 de
1192 1470 1289 1499 nunno,
1306 1469 1443 1494 Nicolaum
1458 1471 1490 1494 de
1502 1470 1586 1494 Barro
1599 1478 1679 1502 super
1694 1471 1796 1499 Albam,
1811 1470 2044 1503 Christianumque

802 1517 928 1547 tanquam
954 1514 1135 1538 contumaciae
1160 1515 1276 1539 fautores
1299 1514 1423 1538 omnibus
1448 1514 1624 1546 dignitatibus
1651 1518 1677 1538 et
1700 1515 1834 1539 beneficiis
1858 1515 2044 1539 ecclesiasticis

802 1559 900 1592 privat,
917 1567 983 1591 quos
998 1559 1031 1582 de
1045 1567 1127 1591 regno
1146 1558 1273 1583 Franciae
1287 1559 1413 1587 amoveri,
1429 1562 1583 1591 ceterosque
1602 1559 1745 1591 magistros
1761 1559 1786 1583 ni
1802 1562 1914 1592 parcant
1927 1563 1953 1583 et
1966 1560 2044 1584 dictis

803 1603 931 1628 fratribus
948 1603 1069 1635 ipsorum
1084 1603 1217 1627 consortio
1234 1603 1401 1632 interdicant,
1419 1603 1640 1627 excommunicari
1652 1603 1727 1635 jubet
1730 1621 2043 1628 .............

771 1666 918 1690 Alexander
930 1666 963 1690 lV
976 1665 1121 1698 Reginaldo
1136 1665 1262 1698 episcopo
1277 1665 1421 1690 Pariaiensi
1436 1666 1552 1694 mandat,
1570 1667 1665 1690 fratres
1678 1666 1877 1690 Praedicatorcs
1891 1669 1917 1690 et
1931 1666 2044 1690 Minores

803 1710 830 1734 ia
853 1709 995 1742 collegium
1017 1710 1131 1734 aliorum
1154 1710 1343 1742 magistrorum
1365 1710 1542 1734 admittendos
1564 1718 1631 1739 esse,
1654 1710 1771 1734 studium
1791 1710 1843 1734 alio
1863 1719 1914 1734 non
1935 1712 2046 1734 transre—

803 1754 923 1783 rendum,
939 1763 1083 1786 omnesque
1098 1754 1287 1783 ordinationes,
1304 1763 1371 1787 quac
1386 1758 1478 1779 contra
1491 1755 1692 1779 constitutiones
1707 1755 1867 1787 apostoliens
1884 1756 1967 1779 factae
1982 1755 2043 1784 sint,

802 1799 894 1823 irritas
914 1800 970 1823 sore
972 1815 2043 1825 ..........................................

771 1861 917 1886 Alexander
930 1861 963 1885 lv
976 1861 1108 1885 Ludovico
1122 1861 1179 1893 regi
1195 1861 1356 1885 Francorum
1370 1861 1479 1885 mandat
1494 1865 1523 1885 ut
1535 1861 1705 1886 Guillelmum
1720 1862 1752 1885 de
1768 1863 1794 1886 S.
1811 1863 1913 1890 Amore,
1926 1861 2043 1886 Odonem

801 1906 834 1930 de
855 1905 953 1934 Duaco,
968 1905 1106 1930 Nicolaum
1121 1906 1153 1930 de
1167 1905 1250 1929 Burro
1265 1914 1346 1938 super
1361 1905 1463 1934 Albam,
1479 1905 1721 1938 Christianumqne,
1741 1906 1793 1930 nisi
1814 1906 1947 1938 pontificis
1968 1914 2043 1930 man-

802 1950 872 1975 datis
892 1950 1039 1983 paruerint,
1064 1950 1096 1974 de
1118 1958 1199 1982 regno
1223 1949 1349 1974 Franciae
1372 1950 1495 1982 expellat,
1520 1950 1691 1974 Guillelmum
1714 1950 1794 1974 etiam
1815 1954 1840 1974 et
1863 1950 2042 1974 Christianum

801 1995 902 2019 carceri
916 1995 1050 2027 mancipet
1051 2011 2043 2020 .......................................

771 2057 917 2082 Alexander
936 2057 969 2082 ΠΙ
989 2060 1067 2089 rogat
1087 2057 1216 2080 decanum
1240 2060 1266 2081 et
1289 2057 1435 2089 capitulum
1456 2057 1605 2081 Pari-ienae
1621 2060 1649 2081 ut
1663 2057 1810 2080 Johannem
1824 2060 1850 2081 et
1867 2057 1998 2090 Rogcrum
2018 2060 2044 2081 et

802 2101 920 2126 Blasium
935 2105 1044 2134 nepotes
1059 2109 1130 2130 suos,
1145 2101 1295 2134 disciplinis
1310 2101 1476 2125 scholasticis
1493 2101 1602 2125 Parisiis
1618 2105 1767 2130 vacaturos,
1782 2101 1807 2125 in
1822 2101 1945 2126 domibus
1960 2102 2044 2126 claus—

801 2146 915 2171 tralibus
929 2146 1056 2170 ecclesiae
1069 2146 1227 2170 Parisiensis
1240 2146 1338 2170 morari
1351 2146 1487 2178 patiantur
1489 2162 2042 2172 ......................

770 2209 917 2233 Alexander
935 2208 969 2232 1v
987 2208 1071 2241 priori
1089 2211 1116 2232 et
1135 2208 1263 2233 tratribu-
1283 2207 1348 2232 Ord.
1371 2208 1464 2232 Praed.
1484 2207 1567 2232 Paris.
1589 2207 1806 2240 compositionem
1830 2207 1897 2232 inter
1921 2208 1994 2240 ipsos
2018 2211 2044 2232 et

802 2253 945 2286 magistros
960 2252 1044 2277 Paris.
1062 2253 1154 2277 initam
1169 2252 1302 2284 significat
1315 2252 1419 2277 irritam
1434 2253 1490 2276 sore
1504 2260 1600 2284 eosque
1615 2252 1648 2276 ad
1664 2252 1769 2276 scholas
1784 2252 1926 2284 praecipue
1940 2252 2042 2276 theolo—

801 2297 876 2330 gicas
894 2300 921 2322 et
934 2297 1122 2321 scholasticam
1141 2296 1294 2321 societatem
1312 2305 1371 2321 ease
1388 2297 1566 2321 admittendos
1568 2313 2042 2323 ...................

770 2359 909 2384 Ordinatio
929 2360 998 2383 facta
1016 2359 1043 2383 in
1062 2358 1179 2391 capitulo
1198 2358 1356 2391 provinciali
1376 2358 1528 2391 provinciae
1546 2358 1700 2383 Provinciae
1719 2357 1782 2382 Ord.
1804 2358 1897 2382 Praed.
1917 2358 1950 2382 de
1967 2366 2042 2382 erro-

801 2403 876 2429 ribus
891 2403 1001 2428 Parisiis
1016 2411 1085 2427 anno
1101 2403 1159 2428 1241
1176 2403 1309 2428 damnatis
1312 2419 2041 2430 .............................

770 2466 916 2491 Alexander
932 2465 966 2490 lv
978 2449 1120 2498 praecipit,
1135 2450 1326 2490 commendata.
1334 2473 1494 2498 magnopere
1509 2465 1618 2489 Summa
1633 2464 1781 2497 theologica
1796 2464 1886 2489 fratris
1902 2464 2042 2489 Alexandri

801 2510 833 2535 de
848 2510 936 2540 Hales,
952 2509 1074 2535 ministro
1091 2509 1154 2534 Ord.
1172 2509 1303 2534 mnarum
1320 2509 1346 2534 in
1362 2509 1481 2538 Francia,
1497 2511 1526 2533 ut
1540 2509 1573 2533 ad
1589 2517 1646 2534 eam
1666 2509 1854 2541 perficiendam
1869 2509 1993 2534 mandato
2008 2510 2040 2534 fr.

800 2554 943 2580 Guillelmo
957 2555 989 2579 de
1004 2554 1127 2579 Melitona
1143 2555 1238 2579 tratre·
1253 2553 1340 2579 idonei
1355 2553 1490 2586 adjutores
1502 2553 1612 2578 Parisiis
1627 2553 1797 2586 assignentur
1799 2570 2040 2578 ..........

769 2617 895 2650 Episcopi
913 2617 1111 2650 provinciarum
1127 2616 1286 2641 Senonensis
1301 2624 1332 2640 ac
1347 2615 1484 2641 Remensis
1503 2619 1594 2640 notum
1615 2615 1714 2640 t-ciunt
1733 2623 1760 2639 se
1780 2615 1880 2640 vocatis
1899 2615 2041 2640 Guillelmo

799 2662 832 2686 de
847 2663 875 2686 S.
890 2662 984 2686 Amore
997 2665 1024 2686 et
1037 2661 1198 2694 quibusdam
1211 2661 1276 2685 viris
1291 2660 1458 2685 scholasticis
1474 2659 1654 2693 fratribusque
1669 2659 1898 2685 Praedicatoribna
1912 2659 2041 2685 obtulisse

800 2709 830 2731 ut
843 2706 877 2730 ad
891 2706 964 2731 litem
979 2706 1155 2730 dirimendam
1170 2705 1317 2730 Concilium
1332 2705 1511 2729 celebraretur
1517 2713 1523 2734 ς
1539 2704 1709 2730 Guillelmum
1724 2707 1885 2737 acceptasse.
1901 2704 2040 2729 Praedica-

800 2754 871 2776 tores
889 2758 952 2775 vero
970 2750 1091 2775 renuisse
1093 2766 2039 2775 .....................................

770 2813 915 2838 Alexander
936 2813 969 2838 lv
990 2813 1148 2837 condemnat
1166 2812 1286 2837 libellum
1307 2811 1442 2837 Guillelmi
1461 2811 1494 2836 de
1516 2812 1543 2836 S.
1565 2812 1669 2840 Amore,
1688 2811 1730 2835 cui
1750 2811 1843 2836 titulus
1863 2819 1869 2835 z
1892 2811 2040 2837 Tractmuae

800 2858 886 2884 brevis
897 2858 933 2883 do
940 2857 1079 2890 periculis
1089 2857 1311 2883 novissimorum
1323 2860 1482 2889 temporum
1486 2872 2039 2881 ......................

769 2919 915 2945 Alexander
934 2919 967 2944 lv
986 2918 1118 2944 Ludovico
1140 2919 1196 2952 regi
1217 2918 1342 2943 Franciae
1363 2919 1459 2943 fratres
1480 2917 1678 2943 Praedicatores
1697 2921 1723 2942 et
1741 2918 1854 2942 ninom·
1875 2917 2040 2941 commendat

800 2969 879 2998 atque
892 2964 916 2989 ei
930 2964 1069 2989 denuntiat
1082 2963 1180 2988 librum
1195 2972 1244 2996 per
1258 2963 1364 2988 nuntios
1379 2971 1442 2988 suos
1457 2963 1654 2991 transmissum,
1667 2962 1709 2987 cui
1722 2962 1815 2987 titulus
1829 2970 1834 2986 :
1851 2962 1893 2987 De
1903 2961 2040 2993 periculis

800 3009 1019 3036 novissimorum
1041 3013 1211 3040 temporum,
1232 3016 1247 3033 a
1267 3016 1295 3033 se
1315 3007 1486 3041 reprobatum
1502 3015 1516 3032 e
1541 3007 1742 3031 condemnatum
1763 3015 1821 3031 esar
1824 3022 2039 3031 .........

2065 447 2131 480 669

2087 619 2133 642 ³1¹·

2087 809 2133 832 ³14

2087 955 2133 978 315

2087 1061 2134 1085 315

2087 1212 2134 1236 3¹6

2087 1318 2133 1342 317

2088 1604 2135 1627 319

2088 1798 2134 1822 323

2087 1993 2133 2016 :32⁸

2087 2145 2134 2168 320

2086 2295 2132 2319 ³27

2086 2402 2132 2425 ³28

2085 2552 2131 2576 828

2084 2749 2131 2772 32⁹

2083 2854 2127 2878 ³³1
