2580 3528
444 381 507 415 106
1026 391 1344 414 οιιΑῃτυιΑιυυΜ
1379 391 1568 413 umvmxs.
1604 391 1733 413 ranis.
2222 380 2322 422 [1224

440 510 523 547 49.
546 518 691 545 Jordanus
716 519 855 554 magister
876 527 939 553 gen.
961 519 1087 552 fratrum
1109 517 1350 544 Praedicatorum
1374 518 1475 544 scribit
1498 518 1612 544 Dianae
1636 517 1739 544 multos
1759 517 1935 544 scholarium
1953 518 2165 544 Par-isiensium
2188 517 2322 544 Ordinem

533 569 666 594 intrasse.

1608 616 1682 647 1224,
1695 618 1762 649 post
1774 616 1848 649 April.
1867 617 1904 646 u.
1920 617 2034 643 Patiens.

535 694 659 726 Frater
677 692 847 726 Jordanis
868 692 947 725 ord.
975 692 1246 725 Predicatorum
1269 703 1398 725 servus
1418 691 1559 724 inutilis
1580 691 1711 724 dilecte
1733 691 1806 724 filie
1827 692 1864 724 iu
1884 691 2031 726 Christo
2057 692 2177 725 sorori
2197 692 2320 737 Dyane

444 760 539 805 apud
566 766 724 793 sanctam
750 759 929 805 Agnetem
959 758 1111 792 salutem
1140 765 1312 791 eternam.
1336 758 1428 801 Quia
1461 757 1570 791 michi
1598 758 1707 791 modo
1734 758 1852 791 nuntii
1877 758 2027 792 facultas
2053 758 2213 792 occurrit
2232 765 2268 792 et
2287 765 2321 792 te

444 839 542 860 meas
573 833 660 872 puto
687 826 897 859 desiderare
927 810 1080 867 litteras,
1111 825 1194 858 ideo
1223 825 1370 857 differre
1399 824 1514 866 nolui,
1543 825 1631 870 quin
1657 825 1700 857 ad
1727 837 1883 870 presens
1909 825 2108 858 scriberem
2128 815 2196 858 tibi
2217 825 2323 870 quid-

444 905 562 939 quam.
596 894 695 927 Scias
724 893 850 938 igitur,
882 892 980 937 quod
1014 898 1205 937 postquam
1235 891 1318 925 veni
1348 891 1510 924 Parisius
1541 892 1628 925 satis
1658 892 1831 925 continue
1862 903 1973 925 sanus
2006 892 2057 925 fui
2088 892 2125 925 in
2154 904 2322 938 corpore,

444 967 594 1006 excepto
626 960 723 1005 quod
748 960 786 992 in
811 959 1097 1004 Quadragesima
1127 958 1246 991 media
1275 957 1385 991 habui
1413 958 1616 1004 simplicem
1647 959 1848 992 tertianam.
1880 959 1985 992 Circa
2013 965 2132 992 autem
2163 958 2323 992 scolares

444 1027 531 1060 satis
552 1038 729 1072 prospere
756 1038 821 1071 per
849 1026 916 1058 Dei
941 1026 1091 1071 gratiam
1113 1025 1222 1058 michi
1244 1025 1437 1067 successit,
1460 1025 1542 1070 quia
1570 1025 1614 1058 ab
1634 1026 1803 1059 Adventu
1830 1026 1975 1058 Domini
2001 1037 2119 1071 usque
2146 1026 2190 1059 ad
2214 1027 2324 1059 Pasca
2351 1068 2361 1074 .

443 1094 588 1126 circiter
608 1104 652 1126 XL
681 1093 815 1126 novicii
845 1093 1011 1125 ordinem
1039 1092 1298 1134 intraverunt¹,
1330 1104 1484 1137 quorum
1513 1092 1638 1138 plures
1667 1093 1817 1126 suerunt
1841 1093 2019 1138 magistri,
2048 1099 2083 1126 et
2107 1092 2168 1126 alii
2191 1104 2325 1126 conve-

443 1161 587 1193 nienter
620 1160 782 1202 litterati,
818 1166 853 1192 et
887 1159 932 1192 de
971 1159 1096 1192 multis
1130 1159 1211 1192 aliis
1254 1171 1355 1204 spem
1394 1159 1526 1192 bonam
1561 1159 1768 1192 habemus'.
1811 1159 1936 1193 Redde
1971 1161 2047 1193 Deo
2089 1159 2223 1205 gratias
2258 1171 2324 1205 pro

443 1227 614 1272 receptis,
647 1234 683 1260 et
716 1239 778 1260 ora
808 1228 923 1259 Deum
955 1238 1020 1272 pro
1056 1226 1291 1272 recipiendis,
1323 1233 1363 1259 ut
1395 1226 1433 1259 in
1463 1227 1517 1260 eis
1550 1226 1645 1260 velle
1676 1233 1711 1260 et
1740 1226 1918 1272 proficere
1949 1239 2014 1272 per
2044 1238 2145 1260 suam
2172 1227 2323 1272 gratiam

443 1301 627 1339 operetur.
660 1293 741 1327 Tibi
769 1294 840 1339 ipsi
868 1300 903 1327 et
933 1293 1038 1326 etiam
1066 1293 1212 1326 filiabus
1237 1293 1329 1326 meis
1357 1300 1392 1326 et
1418 1293 1490 1326 tuis
1518 1293 1611 1327 sicut
1640 1305 1763 1339 spero,
1786 1294 1884 1339 quod
1910 1294 2012 1334 facis,
2039 1293 2198 1336 attende,
2223 1300 2264 1327 ut
2286 1293 2324 1327 in

443 1362 613 1407 patientia
640 1361 863 1402 solidemini,
885 1361 922 1393 in
947 1360 1149 1393 humilitate
1175 1360 1402 1402 radicemini,
1423 1361 1461 1393 in
1489 1361 1639 1394 karitate
1660 1361 1874 1403 dilatemini,
1897 1368 1932 1394 et
1961 1361 2138 1394 studeatis
2164 1373 2322 1406 semper,

442 1436 482 1462 ut
506 1429 543 1461 in
571 1428 670 1461 omni
696 1428 829 1462 virtute
857 1427 1030 1461 crescatis
1057 1434 1187 1460 euntes
1213 1427 1257 1460 de
1278 1428 1411 1461 virtute
1434 1428 1471 1460 in
1502 1428 1685 1470 virtutem,
1714 1428 1830 1461 donec
1855 1428 2021 1461 videatur
2046 1429 2145 1461 Deus
2170 1428 2322 1461 deorum

442 1496 480 1528 in
502 1496 612 1541 Syon,
639 1495 676 1528 id
696 1501 752 1528 est
775 1495 813 1528 in
834 1507 992 1540 superna
1014 1501 1049 1528 et
1068 1501 1192 1528 eterna
1216 1494 1433 1536 Jerusalem,
1455 1494 1517 1528 ubi
1537 1494 1745 1528 videbimus
1771 1507 1853 1528 eum
1877 1495 1984 1528 sicuti
2011 1501 2079 1537 est,
2101 1502 2137 1528 et
2155 1495 2323 1528 videntes

442 1562 636 1596 letabimur
664 1562 785 1595 leticia
815 1561 1063 1603 inenarrabili,
1095 1568 1130 1595 et
1154 1561 1327 1607 gaudium
1357 1561 1449 1594 illud
1474 1568 1639 1595 nostrum
1665 1574 1771 1594 nemo
1802 1561 1903 1595 tollet
1933 1574 1952 1595 a
1981 1561 2102 1595 nobis.
2133 1561 2260 1596 Valete
2283 1562 2322 1595 in

443 1629 603 1663 Christe.
626 1628 746 1662 Saluta
767 1640 894 1661 omnes
915 1628 1020 1661 filias.
1045 1628 1180 1662 Salutat.
1200 1635 1234 1661 te
1254 1628 1364 1661 frater
1383 1628 1581 1662 Johannes.

537 1714 599 1737 eod.
617 1713 722 1745 epistol.
740 1722 810 1745 mag.
826 1713 936 1737 Jordani
951 1713 984 1736 ad
1000 1713 1063 1737 Ord.
1081 1713 1173 1737 Praed.
1190 1713 1334 1744 pertinens,
1350 1717 1380 1736 n0
1394 1714 1432 1736 [20.
1454 1727 1485 1731 —-
1504 1713 1573 1737 Bibl.
1596 1713 1718 1737 Casanat.
1740 1714 1769 1737 D.
1792 1714 1834 1737 IV.
1854 1714 1892 1742 24,
1915 1717 1945 1737 n0
1967 1714 2006 1737 40.
2027 1713 2073 1737 Ed.
2090 1713 2224 1745 Bnyonne,
2239 1721 2266 1745 p.
2282 1714 2321 1744 26,

442 1763 472 1782 110
486 1760 508 1782 8.

539 1830 561 1853 1.
578 1830 631 1853 Isto
647 1837 715 1852 anno
730 1829 757 1852 in
772 1829 850 1852 domo
866 1829 892 1852 S.
909 1829 1001 1852 Jacohi
1014 1829 1069 1860 jam
1083 1829 1145 1860 plus
1165 1837 1244 1861 quam
1259 1832 1363 1852 centum
1380 1829 1475 1861 viginti
1496 1831 1590 1853 fratres
1611 1830 1792 1858 morabantur,
1813 1833 1842 1853 ut
1861 1829 1993 1853 Honorius
2013 1830 2050 1853 111
2070 1829 2100 1853 15
2115 1830 2187 1861 Sept.
2204 1829 2322 1861 ejusdem

442 1874 504 1897 anni
519 1876 608 1898 refert.
628 1875 691 1905 Reg.
714 1874 770 1897 Vat.
792 1882 833 1897 an.
855 1875 878 1902 8,
899 1882 940 1905 ep.
956 1875 995 1902 48,
1013 1874 1057 1897 fol.
1074 1874 1128 1897 103.
1147 1873 1211 1897 Vide
1227 1875 1311 1899 Arch,
1331 1873 1384 1904 fiir
1396 1874 1568 1899 Litteratur-
1587 1876 1650 1899 und
1664 1874 1947 1905 Kirchenyeschichte
1963 1875 2010 1899 des
2025 1874 2213 1903 Mittelalters,
2229 1874 2249 1903 1,
2266 1874 2320 1903 189,

442 1921 504 1942 nota
525 1920 548 1942 4.
571 1932 603 1936 -—
625 1919 647 1942 2.
663 1918 719 1942 Non
734 1921 806 1941 caret
819 1918 1016 1949 probabilitate,
1032 1918 1179 1942 Jordanum
1193 1918 1284 1950 elapso
1299 1918 1388 1950 aliquo
1403 1922 1522 1950 tempore
1543 1919 1641 1942 Dianae
1663 1919 1737 1942 illam
1759 1918 1900 1950 epistolam
1921 1918 2070 1950 scripsisse,
2088 1926 2167 1950 quam
2187 1918 2320 1950 Bayonne,

442 1972 468 1995 p.
487 1964 541 1992 180,
557 1965 638 1987 refert
653 1963 686 1986 ad
701 1971 743 1986 an.
760 1963 830 1991 1235,
847 1966 872 1986 ct
886 1962 913 1986 in
936 1971 988 1994 qua
1009 1962 1073 1986 dicit
1088 1971 1093 1986 :
1112 1971 1123 1986 «
1139 1963 1188 1986 Per
1209 1963 1287 1986 istam
1302 1963 1415 1987 hiemem
1437 1963 1470 1986 ab
1485 1964 1605 1987 Adventu
1620 1963 1726 1987 Domini
1747 1963 1785 1987 sui
1807 1963 1925 1987 Parisius
1945 1966 1971 1986 et
1989 1971 2037 1994 per
2052 1962 2099 1986 Dei
2114 1962 2230 1994 gratiam
2244 1962 2322 1987 multi

443 2008 505 2031 boni
524 2011 549 2031 et
564 2008 654 2039 magni
674 2007 793 2036 litterati,
815 2007 916 2031 nobiles
936 2011 962 2031 et
977 2007 1099 2039 magistri
1119 2008 1288 2039 postmodum
1308 2007 1482 2031 intraverunt.
1505 2008 1553 2031 1110
1572 2008 1622 2037 die,
1646 2008 1751 2040 quando
1766 2008 1869 2031 litteras
1885 2008 1934 2031 tibi
1955 2007 2060 2039 scripsi,
2077 2007 2200 2031 dicebant
2215 2009 2320 2036 fratres,

444 2053 514 2084 quod
536 2052 591 2084 jam
615 2052 729 2076 fuissent
750 2052 848 2084 recepti
872 2052 1041 2084 septuaginta
1063 2053 1153 2075 duo».
1171 2052 1235 2076 Cod.
1251 2052 1366 2083 epistol.,
1382 2057 1411 2075 n⁰
1425 2053 1463 2076 43,
1481 2053 1518 2076 Ad
1540 2061 1657 2076 mensem
1680 2053 1802 2076 Dcccmb.
1826 2052 1887 2076 anni
1910 2053 1971 2076 1227
1993 2052 2118 2083 Bayonne
2138 2053 2220 2076 refert
2240 2052 2326 2079 aliam

442 2097 591 2128 epistolam,
608 2097 634 2120 in
654 2105 706 2128 qua
725 2097 858 2120 Jordanus
879 2096 990 2120 Dianam
1006 2097 1137 2125 admonet,
1153 2096 1188 2120 sit
1208 2097 1234 2119 in
1254 2097 1372 2120 oratione
1392 2097 1511 2126 assidua,
1529 2106 1541 2120 «
1557 2100 1586 2120 ut
1605 2105 1745 2120 numerum
1765 2100 1885 2120 nostrum
1906 2097 1974 2120 Deus
1994 2096 2126 2128 benignus
2146 2097 2278 2128 adaugeat
2296 2099 2322 2120 et

442 2141 635 2165 Parisiensium
653 2141 795 2165 scolarium
810 2141 853 2173 pie
869 2144 894 2164 et
908 2141 1051 2165 efficaciter
1065 2141 1145 2164 corda
1160 2144 1284 2173 tangat».
1297 2141 1374 2170 ibid„
1390 2150 1416 2173 p.
1430 2143 1468 2170 82,
1480 2142 1543 2165 Cod.
1559 2142 1675 2173 epistol.,
1687 2146 1716 2164 11⁰
1731 2142 1768 2165 39.
1787 2142 1837 2165 Sed
1853 2141 1951 2173 optime
1966 2141 2108 2164 concordat
2123 2149 2183 2164 cum
2198 2141 2320 2173 superius

442 2186 532 2210 allata.

443 2313 521 2351 50.
545 2323 690 2349 Honorius
706 2324 752 2348 III
764 2331 836 2359 opus
850 2322 904 2354 περὶ
918 2321 1011 2354 φύσεως
1024 2322 1163 2349 Iohannis
1181 2323 1258 2348 Scoti
1272 2323 1414 2356 referente
1428 2322 1651 2349 Bartholomaeo
1667 2323 1801 2359 episcopo
1820 2323 1984 2349 Parisiensi
1998 2331 2089 2359 nuper
2103 2325 2245 2359 repertum
2259 2325 2288 2348 et
2301 2329 2321 2348 a

530 2371 675 2398 nonnullis
691 2371 899 2398 claustralibus
915 2375 942 2398 et
958 2372 1023 2398 viris
1039 2371 1222 2398 scholasticis
1238 2371 1340 2398 lectum
1356 2371 1477 2398 damnat
1492 2375 1520 2399 et
1534 2371 1680 2398 describit.

1630 2462 1704 2492 1225,
1719 2462 1838 2488 danum-1¹1·
1847 2462 1892 2492 23,
1908 2462 2034 2488 Later-am:

529 2535 827 2581 Archiepiscopis
855 2543 890 2569 et
919 2536 1103 2582 episcopis
1134 2543 1169 2569 et
1198 2536 1279 2569 aliis
1305 2536 1541 2570 ecclesiarum
1569 2536 1717 2582 prelatis
1747 2536 1791 2570 ad
1822 2549 1914 2582 quos
1944 2536 2063 2570 littere
2093 2536 2161 2568 iste
2192 2546 2320 2580 perve-

441 2602 573 2635 nerint.
597 2603 770 2635 Inimicus
791 2602 899 2635 homo
926 2603 1059 2636 zizania
1083 2594 1180 2636 bono
1207 2603 1338 2636 semini
1366 2604 1661 2649 superseminare
1682 2615 1756 2636 non
1777 2609 1897 2637 cessat
1916 2602 2070 2636 studens
2092 2601 2317 2635 salutiferum

442 2680 568 2702 semen
589 2669 619 2701 si
640 2668 757 2702 valeat
777 2669 968 2702 suffocare.
991 2670 1110 2712 Quare
1140 2669 1248 2702 nobis
1277 2676 1313 2702 et
1338 2669 1457 2712 vobis,
1479 2670 1540 2715 qui
1567 2670 1677 2715 positi
1703 2682 1830 2703 sumus
1849 2669 2010 2702 cultores
2036 2668 2073 2701 in
2094 2680 2181 2714 agro
2203 2667 2320 2701 domi-

440 2735 537 2777 nico,
558 2741 630 2768 tota
655 2742 711 2768 est
735 2735 925 2781 diligentia
951 2735 1202 2781 satagendum,
1225 2743 1263 2769 ut
1287 2735 1498 2781 hujusmodi
1523 2736 1655 2769 zizania
1681 2748 1699 2769 a
1721 2736 1841 2769 radice
1862 2736 2044 2769 intereant
2064 2741 2099 2768 et
2118 2734 2319 2768 moriantur

441 2802 478 2835 in
509 2801 609 2844 erba,
645 2814 704 2844 ne,
738 2802 769 2834 si
798 2808 922 2835 nostra
954 2802 1180 2847 negligentia
1209 2802 1422 2844 coaluerint,
1456 2815 1581 2836 eorum
1608 2803 1783 2848 pestifero
1816 2803 1935 2836 fructu
1966 2802 2125 2835 triticum
2156 2801 2316 2835 vitietur.

440 2870 565 2915 Nuper
586 2868 781 2914 siquidem,
804 2869 898 2901 sicut
922 2868 1030 2901 nobis
1055 2868 1274 2914 significavit
1294 2869 1515 2903 venerabilis
1536 2870 1646 2902 frater
1670 2876 1796 2903 noster
1820 2895 1840 2902 ..
1867 2869 2085 2902 Parisiensis
2107 2868 2316 2914 episcopus,

442 2943 499 2969 est
519 2935 664 2981 quidam
684 2935 799 2981 ther,
826 2935 887 2980 qui
907 2935 1074 2981 pergfisis
1101 2934 1277 2978 titulatur,
1303 2936 1473 2969 inventus
1501 2943 1598 2969 totus
1625 2927 1770 2970 scatens
1799 2935 1986 2970 vermibus
2013 2935 2173 2969 heretice
2199 2934 2316 2980 pravi-

564 2994 603 3018 14.

2574 1560 2580 1650 ἓ

2576 1651 2580 1690 2
