<?xml version="1.0" encoding="UTF-8"?>
<!DOCTYPE html PUBLIC "-//W3C//DTD XHTML 1.0 Transitional//EN"
    "http://www.w3.org/TR/xhtml1/DTD/xhtml1-transitional.dtd">
<html xmlns="http://www.w3.org/1999/xhtml" xml:lang="en" lang="en">
 <head>
  <title>
</title>
<meta http-equiv="Content-Type" content="text/html;charset=utf-8" />
  <meta name='ocr-system' content='tesseract 3.04.00' />
  <meta name='ocr-capabilities' content='ocr_page ocr_carea ocr_par ocr_line ocrx_word'/>
</head>
<body>
  <div class='ocr_page' id='page_1' title='image "./chartulariumuniv01univuoft_0036.png"; bbox 0 0 2618 3640; ppageno 0'>
   <div class='ocr_carea' id='block_1_1' title="bbox 283 687 506 712">
    <p class='ocr_par' dir='ltr' id='par_1_1' title="bbox 283 687 506 712">
     <span class='ocr_line' id='line_1_1' title="bbox 283 687 506 712; baseline -0.004 0"><span class='ocrx_word' id='word_1_1' title='bbox 283 688 361 712; x_wconf 73' lang='lat' dir='ltr'>Ratio</span> <span class='ocrx_word' id='word_1_2' title='bbox 376 687 506 712; x_wconf 72' lang='lat' dir='ltr'>editionis.</span> 
     </span>
    </p>
   </div>
   <div class='ocr_carea' id='block_1_2' title="bbox 555 427 1847 453">
    <p class='ocr_par' dir='ltr' id='par_1_2' title="bbox 555 427 1847 453">
     <span class='ocr_line' id='line_1_2' title="bbox 555 427 1847 453; baseline -0.004 0"><span class='ocrx_word' id='word_1_3' title='bbox 555 432 622 453; x_wconf 76' lang='lat' dir='ltr'>XXX</span> <span class='ocrx_word' id='word_1_4' title='bbox 1134 429 1454 451; x_wconf 69' lang='lat' dir='ltr'><strong>CHARTULAMUM</strong></span> <span class='ocrx_word' id='word_1_5' title='bbox 1489 428 1679 450; x_wconf 75' lang='lat' dir='ltr'>UNIVERS.</span> <span class='ocrx_word' id='word_1_6' title='bbox 1718 427 1847 449; x_wconf 75' lang='lat' dir='ltr'>PAms.</span> 
     </span>
    </p>
   </div>
   <div class='ocr_carea' id='block_1_3' title="bbox 1451 557 1533 596">
    <p class='ocr_par' dir='ltr' id='par_1_3' title="bbox 1451 557 1533 596">
     <span class='ocr_line' id='line_1_3' title="bbox 1451 557 1533 596; baseline -0.012 0"><span class='ocrx_word' id='word_1_7' title='bbox 1451 557 1533 596; x_wconf 90' lang='grc' dir='ltr'>ΙΙΙ</span> 
     </span>
    </p>
   </div>
   <div class='ocr_carea' id='block_1_4' title="bbox 554 682 2438 1019">
    <p class='ocr_par' dir='ltr' id='par_1_4' title="bbox 554 682 2438 1019">
     <span class='ocr_line' id='line_1_4' title="bbox 651 682 2434 735; baseline -0.002 -11"><span class='ocrx_word' id='word_1_8' title='bbox 651 690 754 724; x_wconf 90' lang='lat' dir='ltr'>Nunc</span> <span class='ocrx_word' id='word_1_9' title='bbox 768 699 873 735; x_wconf 88' lang='lat' dir='ltr'>quam</span> <span class='ocrx_word' id='word_1_10' title='bbox 887 686 1059 722; x_wconf 86' lang='lat' dir='ltr'>rationem</span> <span class='ocrx_word' id='word_1_11' title='bbox 1077 685 1112 720; x_wconf 91' lang='lat' dir='ltr'>in</span> <span class='ocrx_word' id='word_1_12' title='bbox 1129 684 1339 732; x_wconf 81' lang='lat' dir='ltr'>colligendis</span> <span class='ocrx_word' id='word_1_13' title='bbox 1353 683 1578 720; x_wconf 81' lang='lat' dir='ltr'>documentis</span> <span class='ocrx_word' id='word_1_14' title='bbox 1594 683 1638 719; x_wconf 91' lang='lat' dir='ltr'>ab</span> <span class='ocrx_word' id='word_1_15' title='bbox 1659 682 1795 730; x_wconf 82' lang='lat' dir='ltr'>origine</span> <span class='ocrx_word' id='word_1_16' title='bbox 1812 682 2055 719; x_wconf 86' lang='lat' dir='ltr'>Universitatis</span> <span class='ocrx_word' id='word_1_17' title='bbox 2071 694 2186 730; x_wconf 88' lang='lat' dir='ltr'>usque</span> <span class='ocrx_word' id='word_1_18' title='bbox 2201 683 2247 719; x_wconf 86' lang='lat' dir='ltr'>ad</span> <span class='ocrx_word' id='word_1_19' title='bbox 2262 684 2434 732; x_wconf 87' lang='lat' dir='ltr'>magnum</span> 
     </span>
     <span class='ocr_line' id='line_1_5' title="bbox 554 753 2437 804; baseline -0.003 -8"><span class='ocrx_word' id='word_1_20' title='bbox 554 760 709 796; x_wconf 80' lang='lat' dir='ltr'><strong>schisma</strong></span> <span class='ocrx_word' id='word_1_21' title='bbox 722 758 941 795; x_wconf 76' lang='lat' dir='ltr'>occidentale</span> <span class='ocrx_word' id='word_1_22' title='bbox 957 756 1067 792; x_wconf 85' lang='lat' dir='ltr'>secuti</span> <span class='ocrx_word' id='word_1_23' title='bbox 1085 756 1194 791; x_wconf 91' lang='lat' dir='ltr'>simus</span> <span class='ocrx_word' id='word_1_24' title='bbox 1209 755 1333 803; x_wconf 83' lang='lat' dir='ltr'>paucis</span> <span class='ocrx_word' id='word_1_25' title='bbox 1353 755 1528 790; x_wconf 85' lang='lat' dir='ltr'>dicemus.</span> <span class='ocrx_word' id='word_1_26' title='bbox 1549 756 1638 790; x_wconf 84' lang='lat' dir='ltr'>Cum</span> <span class='ocrx_word' id='word_1_27' title='bbox 1659 754 1693 789; x_wconf 88' lang='lat' dir='ltr'>in</span> <span class='ocrx_word' id='word_1_28' title='bbox 1718 754 1786 790; x_wconf 81' lang='lat' dir='ltr'>isto</span> <span class='ocrx_word' id='word_1_29' title='bbox 1806 753 1987 790; x_wconf 91' lang='lat' dir='ltr'>volumine</span> <span class='ocrx_word' id='word_1_30' title='bbox 2007 753 2052 790; x_wconf 91' lang='lat' dir='ltr'>de</span> <span class='ocrx_word' id='word_1_31' title='bbox 2074 754 2266 804; x_wconf 86' lang='lat' dir='ltr'>principali</span> <span class='ocrx_word' id='word_1_32' title='bbox 2289 753 2437 791; x_wconf 77' lang='lat' dir='ltr'>Univer-</span> 
     </span>
     <span class='ocr_line' id='line_1_6' title="bbox 554 825 2436 876; baseline -0.003 -9"><span class='ocrx_word' id='word_1_33' title='bbox 554 832 664 867; x_wconf 88' lang='lat' dir='ltr'>sitatis</span> <span class='ocrx_word' id='word_1_34' title='bbox 682 829 824 866; x_wconf 87' lang='lat' dir='ltr'>saeculo</span> <span class='ocrx_word' id='word_1_35' title='bbox 841 832 1014 876; x_wconf 87' lang='lat' dir='ltr'>ageretur,</span> <span class='ocrx_word' id='word_1_36' title='bbox 1032 827 1267 862; x_wconf 86' lang='lat' dir='ltr'>instrumenta</span> <span class='ocrx_word' id='word_1_37' title='bbox 1285 827 1322 862; x_wconf 91' lang='lat' dir='ltr'>in</span> <span class='ocrx_word' id='word_1_38' title='bbox 1338 830 1484 862; x_wconf 88' lang='lat' dir='ltr'>extenso</span> <span class='ocrx_word' id='word_1_39' title='bbox 1506 825 1612 862; x_wconf 89' lang='lat' dir='ltr'>edere</span> <span class='ocrx_word' id='word_1_40' title='bbox 1629 825 1863 870; x_wconf 79' lang='lat' dir='ltr'>decrevimus,</span> <span class='ocrx_word' id='word_1_41' title='bbox 1883 825 1982 873; x_wconf 89' lang='lat' dir='ltr'>quod</span> <span class='ocrx_word' id='word_1_42' title='bbox 2002 825 2231 873; x_wconf 89' lang='lat' dir='ltr'>sequentium</span> <span class='ocrx_word' id='word_1_43' title='bbox 2254 830 2436 862; x_wconf 89' lang='lat' dir='ltr'>tomorum</span> 
     </span>
     <span class='ocr_line' id='line_1_7' title="bbox 554 896 2436 945; baseline -0.002 -7"><span class='ocrx_word' id='word_1_44' title='bbox 554 903 700 939; x_wconf 87' lang='lat' dir='ltr'>modum</span> <span class='ocrx_word' id='word_1_45' title='bbox 718 900 915 943; x_wconf 77' lang='lat' dir='ltr'>excederet,</span> <span class='ocrx_word' id='word_1_46' title='bbox 933 911 1013 934; x_wconf 90' lang='lat' dir='ltr'>nam</span> <span class='ocrx_word' id='word_1_47' title='bbox 1029 899 1076 934; x_wconf 88' lang='lat' dir='ltr'>ibi</span> <span class='ocrx_word' id='word_1_48' title='bbox 1095 897 1373 934; x_wconf 88' lang='lat' dir='ltr'>innumerabiles</span> <span class='ocrx_word' id='word_1_49' title='bbox 1389 897 1532 933; x_wconf 88' lang='lat' dir='ltr'>chartae</span> <span class='ocrx_word' id='word_1_50' title='bbox 1547 897 1760 944; x_wconf 83' lang='lat' dir='ltr'>codicesque</span> <span class='ocrx_word' id='word_1_51' title='bbox 1771 897 1846 945; x_wconf 87' lang='lat' dir='ltr'>jam</span> <span class='ocrx_word' id='word_1_52' title='bbox 1862 900 2065 941; x_wconf 85' lang='lat' dir='ltr'>occurrent,</span> <span class='ocrx_word' id='word_1_53' title='bbox 2084 896 2270 944; x_wconf 87' lang='lat' dir='ltr'>multaque</span> <span class='ocrx_word' id='word_1_54' title='bbox 2285 896 2436 935; x_wconf 83' lang='lat' dir='ltr'>minoris</span> 
     </span>
     <span class='ocr_line' id='line_1_8' title="bbox 554 967 2438 1019; baseline -0.003 -10"><span class='ocrx_word' id='word_1_55' title='bbox 554 973 727 1009; x_wconf 77' lang='lat' dir='ltr'>momenti</span> <span class='ocrx_word' id='word_1_56' title='bbox 748 970 895 1019; x_wconf 78' lang='lat' dir='ltr'>regestis</span> <span class='ocrx_word' id='word_1_57' title='bbox 911 974 1049 1006; x_wconf 87' lang='lat' dir='ltr'>tantum</span> <span class='ocrx_word' id='word_1_58' title='bbox 1070 968 1365 1004; x_wconf 86' lang='lat' dir='ltr'>memorabimus.</span> <span class='ocrx_word' id='word_1_59' title='bbox 1391 968 1503 1004; x_wconf 90' lang='lat' dir='ltr'>Aliam</span> <span class='ocrx_word' id='word_1_60' title='bbox 1525 971 1647 1003; x_wconf 84' lang='lat' dir='ltr'>tamen</span> <span class='ocrx_word' id='word_1_61' title='bbox 1669 968 1800 1003; x_wconf 77' lang='lat' dir='ltr'>seriem</span> <span class='ocrx_word' id='word_1_62' title='bbox 1819 967 2013 1015; x_wconf 87' lang='lat' dir='ltr'>explebunt</span> <span class='ocrx_word' id='word_1_63' title='bbox 2031 969 2120 1004; x_wconf 85' lang='lat' dir='ltr'>Acta</span> <span class='ocrx_word' id='word_1_64' title='bbox 2135 968 2296 1004; x_wconf 88' lang='lat' dir='ltr'>Nationis</span> <span class='ocrx_word' id='word_1_65' title='bbox 2314 968 2438 1017; x_wconf 83' lang='lat' dir='ltr'>Angli-</span> 
     </span>
    </p>
   </div>
   <div class='ocr_carea' id='block_1_5' title="bbox 557 1039 2474 1087">
    <p class='ocr_par' dir='ltr' id='par_1_5' title="bbox 557 1039 2474 1087">
     <span class='ocr_line' id='line_1_9' title="bbox 557 1039 2474 1087; baseline -0.002 -7"><span class='ocrx_word' id='word_1_66' title='bbox 557 1056 666 1080; x_wconf 85' lang='lat' dir='ltr'>canae</span> <span class='ocrx_word' id='word_1_67' title='bbox 683 1042 815 1078; x_wconf 87' lang='lat' dir='ltr'>saeculi</span> <span class='ocrx_word' id='word_1_68' title='bbox 834 1043 913 1077; x_wconf 89' lang='lat' dir='ltr'>XIV</span> <span class='ocrx_word' id='word_1_69' title='bbox 931 1052 1002 1076; x_wconf 90' lang='lat' dir='ltr'>una</span> <span class='ocrx_word' id='word_1_70' title='bbox 1019 1052 1100 1075; x_wconf 89' lang='lat' dir='ltr'>cum</span> <span class='ocrx_word' id='word_1_71' title='bbox 1118 1039 1260 1075; x_wconf 72' lang='lat' dir='ltr'>Belalis</span> <span class='ocrx_word' id='word_1_72' title='bbox 1275 1039 1309 1074; x_wconf 91' lang='lat' dir='ltr'>in</span> <span class='ocrx_word' id='word_1_73' title='bbox 1328 1039 1435 1075; x_wconf 77' lang='lat' dir='ltr'>Areh.</span> <span class='ocrx_word' id='word_1_74' title='bbox 1460 1040 1539 1075; x_wconf 83' lang='lat' dir='ltr'>Vat.</span> <span class='ocrx_word' id='word_1_75' title='bbox 1557 1039 1785 1083; x_wconf 87' lang='lat' dir='ltr'>conservatis,</span> <span class='ocrx_word' id='word_1_76' title='bbox 1804 1050 1895 1086; x_wconf 89' lang='lat' dir='ltr'>quae</span> <span class='ocrx_word' id='word_1_77' title='bbox 1904 1039 1978 1087; x_wconf 89' lang='lat' dir='ltr'>jam</span> <span class='ocrx_word' id='word_1_78' title='bbox 1994 1039 2118 1086; x_wconf 87' lang='lat' dir='ltr'>praelo</span> <span class='ocrx_word' id='word_1_79' title='bbox 2131 1039 2433 1087; x_wconf 82' lang='lat' dir='ltr'>praeparavimus,</span> <span class='ocrx_word' id='word_1_80' title='bbox 2470 1076 2474 1080; x_wconf 81' lang='grc'>,</span> 
     </span>
    </p>
   </div>
   <div class='ocr_carea' id='block_1_6' title="bbox 553 1109 2441 2867">
    <p class='ocr_par' dir='ltr' id='par_1_6' title="bbox 554 1109 2433 1234">
     <span class='ocr_line' id='line_1_10' title="bbox 555 1109 2433 1162; baseline -0.002 -11"><span class='ocrx_word' id='word_1_81' title='bbox 555 1126 679 1162; x_wconf 88' lang='lat' dir='ltr'>eaque,</span> <span class='ocrx_word' id='word_1_82' title='bbox 698 1125 779 1149; x_wconf 88' lang='lat' dir='ltr'>cum</span> <span class='ocrx_word' id='word_1_83' title='bbox 798 1112 892 1148; x_wconf 86' lang='lat' dir='ltr'>Actis</span> <span class='ocrx_word' id='word_1_84' title='bbox 909 1111 1065 1147; x_wconf 83' lang='lat' dir='ltr'>Natiouis</span> <span class='ocrx_word' id='word_1_85' title='bbox 1083 1110 1314 1146; x_wconf 85' lang='lat' dir='ltr'>Germanicae</span> <span class='ocrx_word' id='word_1_86' title='bbox 1328 1110 1364 1145; x_wconf 92' lang='lat' dir='ltr'>in</span> <span class='ocrx_word' id='word_1_87' title='bbox 1379 1110 1613 1146; x_wconf 88' lang='lat' dir='ltr'>Universitate</span> <span class='ocrx_word' id='word_1_88' title='bbox 1629 1109 1843 1147; x_wconf 86' lang='lat' dir='ltr'>Bononiensi</span> <span class='ocrx_word' id='word_1_89' title='bbox 1859 1109 2043 1157; x_wconf 82' lang='lat' dir='ltr'>(Berolini,</span> <span class='ocrx_word' id='word_1_90' title='bbox 2061 1110 2165 1157; x_wconf 87' lang='lat'>1887)</span> <span class='ocrx_word' id='word_1_91' title='bbox 2180 1111 2433 1159; x_wconf 79' lang='lat' dir='ltr'>congruentia,</span> 
     </span>
     <span class='ocr_line' id='line_1_11' title="bbox 554 1181 1203 1234; baseline -0.009 -12"><span class='ocrx_word' id='word_1_92' title='bbox 554 1186 702 1234; x_wconf 79' lang='lat' dir='ltr'>perutile</span> <span class='ocrx_word' id='word_1_93' title='bbox 715 1184 1017 1231; x_wconf 87' lang='lat' dir='ltr'>complementum</span> <span class='ocrx_word' id='word_1_94' title='bbox 1033 1181 1203 1217; x_wconf 83' lang='lat' dir='ltr'>efficient.</span> 
     </span>
    </p>

    <p class='ocr_par' dir='ltr' id='par_1_7' title="bbox 553 1252 2438 1584">
     <span class='ocr_line' id='line_1_12' title="bbox 653 1252 2437 1302; baseline 0 -12"><span class='ocrx_word' id='word_1_95' title='bbox 653 1257 692 1290; x_wconf 88' lang='lat' dir='ltr'>In</span> <span class='ocrx_word' id='word_1_96' title='bbox 720 1254 895 1302; x_wconf 80' lang='lat' dir='ltr'>praesenti</span> <span class='ocrx_word' id='word_1_97' title='bbox 925 1258 1021 1290; x_wconf 91' lang='lat' dir='ltr'>tomo</span> <span class='ocrx_word' id='word_1_98' title='bbox 1047 1264 1117 1288; x_wconf 89' lang='lat' dir='ltr'>non</span> <span class='ocrx_word' id='word_1_99' title='bbox 1145 1252 1267 1288; x_wconf 89' lang='lat' dir='ltr'>omnia</span> <span class='ocrx_word' id='word_1_100' title='bbox 1293 1252 1420 1288; x_wconf 84' lang='lat' dir='ltr'>afferre</span> <span class='ocrx_word' id='word_1_101' title='bbox 1450 1252 1582 1299; x_wconf 89' lang='lat' dir='ltr'>scripta</span> <span class='ocrx_word' id='word_1_102' title='bbox 1610 1252 1744 1297; x_wconf 89' lang='lat' dir='ltr'>decuit,</span> <span class='ocrx_word' id='word_1_103' title='bbox 1775 1253 1812 1288; x_wconf 93' lang='lat' dir='ltr'>in</span> <span class='ocrx_word' id='word_1_104' title='bbox 1839 1252 1971 1301; x_wconf 89' lang='lat' dir='ltr'>quibus</span> <span class='ocrx_word' id='word_1_105' title='bbox 1998 1252 2109 1300; x_wconf 87' lang='lat' dir='ltr'>aliqui</span> <span class='ocrx_word' id='word_1_106' title='bbox 2146 1253 2307 1301; x_wconf 85' lang='lat' dir='ltr'>magistri</span> <span class='ocrx_word' id='word_1_107' title='bbox 2337 1252 2437 1290; x_wconf 84' lang='lat' dir='ltr'>Pari—</span> 
     </span>
     <span class='ocr_line' id='line_1_13' title="bbox 553 1323 2437 1373; baseline -0.001 -10"><span class='ocrx_word' id='word_1_108' title='bbox 553 1328 682 1364; x_wconf 81' lang='lat' dir='ltr'>sienses</span> <span class='ocrx_word' id='word_1_109' title='bbox 700 1326 947 1368; x_wconf 80' lang='lat' dir='ltr'>nominantur3</span> <span class='ocrx_word' id='word_1_110' title='bbox 965 1325 1027 1360; x_wconf 92' lang='lat' dir='ltr'>sed</span> <span class='ocrx_word' id='word_1_111' title='bbox 1046 1325 1088 1360; x_wconf 89' lang='lat' dir='ltr'>de</span> <span class='ocrx_word' id='word_1_112' title='bbox 1102 1323 1207 1360; x_wconf 89' lang='lat' dir='ltr'>rebus</span> <span class='ocrx_word' id='word_1_113' title='bbox 1223 1323 1267 1359; x_wconf 88' lang='lat' dir='ltr'>ab</span> <span class='ocrx_word' id='word_1_114' title='bbox 1283 1323 1515 1359; x_wconf 90' lang='lat' dir='ltr'>Universitate</span> <span class='ocrx_word' id='word_1_115' title='bbox 1530 1323 1656 1359; x_wconf 89' lang='lat' dir='ltr'>alienis</span> <span class='ocrx_word' id='word_1_116' title='bbox 1673 1324 1800 1373; x_wconf 82' lang='lat' dir='ltr'>agitur.</span> <span class='ocrx_word' id='word_1_117' title='bbox 1822 1325 1860 1359; x_wconf 93' lang='lat' dir='ltr'>In</span> <span class='ocrx_word' id='word_1_118' title='bbox 1877 1336 1948 1372; x_wconf 92' lang='lat' dir='ltr'>quo</span> <span class='ocrx_word' id='word_1_119' title='bbox 1965 1324 2113 1360; x_wconf 87' lang='lat' dir='ltr'>forsitan</span> <span class='ocrx_word' id='word_1_120' title='bbox 2136 1325 2312 1373; x_wconf 87' lang='lat' dir='ltr'>majorem</span> <span class='ocrx_word' id='word_1_121' title='bbox 2329 1324 2437 1361; x_wconf 82' lang='lat' dir='ltr'>etiam</span> 
     </span>
     <span class='ocr_line' id='line_1_14' title="bbox 553 1391 2438 1444; baseline -0.002 -12"><span class='ocrx_word' id='word_1_122' title='bbox 553 1408 659 1444; x_wconf 90' lang='lat' dir='ltr'>quam</span> <span class='ocrx_word' id='word_1_123' title='bbox 686 1395 930 1442; x_wconf 85' lang='lat' dir='ltr'>requirebatur</span> <span class='ocrx_word' id='word_1_124' title='bbox 951 1393 1135 1429; x_wconf 85' lang='lat' dir='ltr'>materiam</span> <span class='ocrx_word' id='word_1_125' title='bbox 1163 1391 1486 1440; x_wconf 82' lang='lat' dir='ltr'>congesserimus⁴,</span> <span class='ocrx_word' id='word_1_126' title='bbox 1515 1404 1724 1441; x_wconf 86' lang='lat' dir='ltr'>quanquam</span> <span class='ocrx_word' id='word_1_127' title='bbox 1752 1405 1852 1429; x_wconf 89' lang='lat' dir='ltr'>mera</span> <span class='ocrx_word' id='word_1_128' title='bbox 1874 1393 2047 1430; x_wconf 87' lang='lat' dir='ltr'>chronica</span> <span class='ocrx_word' id='word_1_129' title='bbox 2073 1397 2108 1430; x_wconf 86' lang='lat' dir='ltr'>et</span> <span class='ocrx_word' id='word_1_130' title='bbox 2141 1393 2270 1429; x_wconf 89' lang='lat' dir='ltr'>similis</span> <span class='ocrx_word' id='word_1_131' title='bbox 2294 1393 2438 1442; x_wconf 90' lang='lat' dir='ltr'>generis</span> 
     </span>
     <span class='ocr_line' id='line_1_15' title="bbox 554 1463 2435 1513; baseline -0.002 -9"><span class='ocrx_word' id='word_1_132' title='bbox 554 1468 684 1504; x_wconf 85' lang='lat' dir='ltr'>auxilia</span> <span class='ocrx_word' id='word_1_133' title='bbox 713 1466 905 1502; x_wconf 89' lang='lat' dir='ltr'>mediocris</span> <span class='ocrx_word' id='word_1_134' title='bbox 929 1464 1160 1507; x_wconf 76' lang='lat' dir='ltr'>auctoritatis,</span> <span class='ocrx_word' id='word_1_135' title='bbox 1189 1475 1279 1511; x_wconf 87' lang='lat' dir='ltr'>quae</span> <span class='ocrx_word' id='word_1_136' title='bbox 1303 1476 1375 1500; x_wconf 90' lang='lat' dir='ltr'>non</span> <span class='ocrx_word' id='word_1_137' title='bbox 1404 1463 1705 1502; x_wconf 86' lang='lat' dir='ltr'>documentorum</span> <span class='ocrx_word' id='word_1_138' title='bbox 1731 1464 1919 1513; x_wconf 86' lang='lat' dir='ltr'>ingenium</span> <span class='ocrx_word' id='word_1_139' title='bbox 1946 1464 2094 1508; x_wconf 86' lang='lat' dir='ltr'>habent,</span> <span class='ocrx_word' id='word_1_140' title='bbox 2124 1465 2204 1512; x_wconf 89' lang='lat' dir='ltr'>jure</span> <span class='ocrx_word' id='word_1_141' title='bbox 2230 1464 2435 1501; x_wconf 90' lang='lat' dir='ltr'>omisimus.</span> 
     </span>
     <span class='ocr_line' id='line_1_16' title="bbox 557 1535 2244 1584; baseline -0.002 -9"><span class='ocrx_word' id='word_1_142' title='bbox 557 1542 648 1575; x_wconf 87' lang='lat' dir='ltr'>Raro</span> <span class='ocrx_word' id='word_1_143' title='bbox 675 1539 769 1574; x_wconf 90' lang='lat' dir='ltr'>hane</span> <span class='ocrx_word' id='word_1_144' title='bbox 789 1549 950 1573; x_wconf 89' lang='lat' dir='ltr'>normam</span> <span class='ocrx_word' id='word_1_145' title='bbox 966 1535 1212 1584; x_wconf 66' lang='lat' dir='ltr'>perti-egimus,</span> <span class='ocrx_word' id='word_1_146' title='bbox 1235 1535 1272 1571; x_wconf 91' lang='lat' dir='ltr'>id</span> <span class='ocrx_word' id='word_1_147' title='bbox 1287 1539 1339 1571; x_wconf 88' lang='lat' dir='ltr'>est</span> <span class='ocrx_word' id='word_1_148' title='bbox 1359 1536 1504 1582; x_wconf 89' lang='lat' dir='ltr'>quando</span> <span class='ocrx_word' id='word_1_149' title='bbox 1520 1547 1560 1571; x_wconf 88' lang='lat' dir='ltr'>ea</span> <span class='ocrx_word' id='word_1_150' title='bbox 1576 1535 1708 1573; x_wconf 81' lang='lat' dir='ltr'>auxilia</span> <span class='ocrx_word' id='word_1_151' title='bbox 1727 1535 1872 1584; x_wconf 88' lang='lat' dir='ltr'>proprie</span> <span class='ocrx_word' id='word_1_152' title='bbox 1892 1536 1938 1572; x_wconf 88' lang='lat' dir='ltr'>ad</span> <span class='ocrx_word' id='word_1_153' title='bbox 1958 1547 2033 1572; x_wconf 89' lang='lat' dir='ltr'>rem</span> <span class='ocrx_word' id='word_1_154' title='bbox 2055 1535 2244 1572; x_wconf 87' lang='lat' dir='ltr'>faciebant.</span> 
     </span>
    </p>

    <p class='ocr_par' dir='ltr' id='par_1_8' title="bbox 556 1607 2440 2072">
     <span class='ocr_line' id='line_1_17' title="bbox 654 1607 2437 1655; baseline -0.001 -10"><span class='ocrx_word' id='word_1_155' title='bbox 654 1612 704 1646; x_wconf 87' lang='lat' dir='ltr'>De</span> <span class='ocrx_word' id='word_1_156' title='bbox 717 1608 909 1646; x_wconf 89' lang='lat' dir='ltr'>Ordinibus</span> <span class='ocrx_word' id='word_1_157' title='bbox 925 1607 1098 1655; x_wconf 86' lang='lat' dir='ltr'>religiosis</span> <span class='ocrx_word' id='word_1_158' title='bbox 1115 1607 1174 1654; x_wconf 91' lang='lat' dir='ltr'>qui</span> <span class='ocrx_word' id='word_1_159' title='bbox 1189 1619 1270 1643; x_wconf 88' lang='lat' dir='ltr'>eum</span> <span class='ocrx_word' id='word_1_160' title='bbox 1283 1607 1515 1643; x_wconf 87' lang='lat' dir='ltr'>Universitate</span> <span class='ocrx_word' id='word_1_161' title='bbox 1527 1607 1787 1643; x_wconf 85' lang='lat' dir='ltr'>commercium</span> <span class='ocrx_word' id='word_1_162' title='bbox 1798 1607 1994 1652; x_wconf 88' lang='lat' dir='ltr'>habebant,</span> <span class='ocrx_word' id='word_1_163' title='bbox 2010 1607 2248 1643; x_wconf 87' lang='lat' dir='ltr'>instrumenta</span> <span class='ocrx_word' id='word_1_164' title='bbox 2256 1608 2302 1644; x_wconf 89' lang='lat' dir='ltr'>ad</span> <span class='ocrx_word' id='word_1_165' title='bbox 2312 1618 2437 1644; x_wconf 88' lang='lat' dir='ltr'>eorum</span> 
     </span>
     <span class='ocr_line' id='line_1_18' title="bbox 557 1678 2439 1726; baseline -0.002 -9"><span class='ocrx_word' id='word_1_166' title='bbox 557 1681 802 1717; x_wconf 84' lang='lat' dir='ltr'>fundationem</span> <span class='ocrx_word' id='word_1_167' title='bbox 817 1679 958 1715; x_wconf 87' lang='lat' dir='ltr'>Parisiis</span> <span class='ocrx_word' id='word_1_168' title='bbox 976 1678 1188 1726; x_wconf 86' lang='lat' dir='ltr'>pertinentia</span> <span class='ocrx_word' id='word_1_169' title='bbox 1207 1689 1349 1725; x_wconf 85' lang='lat' dir='ltr'>semper</span> <span class='ocrx_word' id='word_1_170' title='bbox 1367 1678 1599 1723; x_wconf 88' lang='lat' dir='ltr'>inseruimus,</span> <span class='ocrx_word' id='word_1_171' title='bbox 1629 1682 1751 1726; x_wconf 88' lang='lat' dir='ltr'>postea</span> <span class='ocrx_word' id='word_1_172' title='bbox 1771 1682 1909 1726; x_wconf 89' lang='lat' dir='ltr'>partem</span> <span class='ocrx_word' id='word_1_173' title='bbox 1931 1690 2056 1715; x_wconf 89' lang='lat' dir='ltr'>eorum</span> <span class='ocrx_word' id='word_1_174' title='bbox 2081 1690 2174 1726; x_wconf 85' lang='lat' dir='ltr'>quae</span> <span class='ocrx_word' id='word_1_175' title='bbox 2195 1678 2240 1714; x_wconf 91' lang='lat' dir='ltr'>ad</span> <span class='ocrx_word' id='word_1_176' title='bbox 2255 1678 2439 1715; x_wconf 91' lang='lat' dir='ltr'>Universi-</span> 
     </span>
     <span class='ocr_line' id='line_1_19' title="bbox 556 1749 2428 1798; baseline -0.001 -10"><span class='ocrx_word' id='word_1_177' title='bbox 556 1757 665 1789; x_wconf 89' lang='lat' dir='ltr'>tatem</span> <span class='ocrx_word' id='word_1_178' title='bbox 691 1753 761 1788; x_wconf 89' lang='lat' dir='ltr'>sive</span> <span class='ocrx_word' id='word_1_179' title='bbox 786 1751 902 1787; x_wconf 89' lang='lat' dir='ltr'>studia</span> <span class='ocrx_word' id='word_1_180' title='bbox 923 1750 1130 1786; x_wconf 86' lang='lat' dir='ltr'>Parisiensia</span> <span class='ocrx_word' id='word_1_181' title='bbox 1147 1753 1318 1798; x_wconf 84' lang='lat' dir='ltr'>spectant.</span> <span class='ocrx_word' id='word_1_182' title='bbox 1348 1749 1480 1785; x_wconf 87' lang='lat' dir='ltr'>Eadem</span> <span class='ocrx_word' id='word_1_183' title='bbox 1505 1749 1596 1786; x_wconf 92' lang='lat' dir='ltr'>ratio</span> <span class='ocrx_word' id='word_1_184' title='bbox 1617 1749 1654 1785; x_wconf 91' lang='lat' dir='ltr'>in</span> <span class='ocrx_word' id='word_1_185' title='bbox 1676 1749 1836 1798; x_wconf 89' lang='lat' dir='ltr'>collegiis</span> <span class='ocrx_word' id='word_1_186' title='bbox 1857 1749 2100 1786; x_wconf 86' lang='lat' dir='ltr'>saecularibus</span> <span class='ocrx_word' id='word_1_187' title='bbox 2125 1749 2335 1786; x_wconf 86' lang='lat' dir='ltr'>adhibenda</span> <span class='ocrx_word' id='word_1_188' title='bbox 2349 1761 2428 1786; x_wconf 89' lang='lat' dir='ltr'>esse</span> 
     </span>
     <span class='ocr_line' id='line_1_20' title="bbox 556 1821 2440 1869; baseline -0.001 -10"><span class='ocrx_word' id='word_1_189' title='bbox 556 1824 660 1859; x_wconf 90' lang='lat' dir='ltr'>nobis</span> <span class='ocrx_word' id='word_1_190' title='bbox 676 1823 748 1859; x_wconf 88' lang='lat' dir='ltr'>visa</span> <span class='ocrx_word' id='word_1_191' title='bbox 768 1826 830 1858; x_wconf 91' lang='lat' dir='ltr'>est.</span> <span class='ocrx_word' id='word_1_192' title='bbox 852 1822 917 1858; x_wconf 88' lang='lat' dir='ltr'>Hic</span> <span class='ocrx_word' id='word_1_193' title='bbox 936 1822 1097 1857; x_wconf 86' lang='lat' dir='ltr'>delectus</span> <span class='ocrx_word' id='word_1_194' title='bbox 1114 1822 1261 1857; x_wconf 92' lang='lat' dir='ltr'>omnino</span> <span class='ocrx_word' id='word_1_195' title='bbox 1281 1821 1503 1857; x_wconf 87' lang='lat' dir='ltr'>necessarius</span> <span class='ocrx_word' id='word_1_196' title='bbox 1522 1821 1601 1865; x_wconf 84' lang='lat' dir='ltr'>suit,</span> <span class='ocrx_word' id='word_1_197' title='bbox 1622 1833 1704 1857; x_wconf 89' lang='lat' dir='ltr'>cum</span> <span class='ocrx_word' id='word_1_198' title='bbox 1719 1833 1775 1857; x_wconf 82' lang='lat' dir='ltr'>ex.</span> <span class='ocrx_word' id='word_1_199' title='bbox 1791 1833 1844 1869; x_wconf 82' lang='lat' dir='ltr'>gr.</span> <span class='ocrx_word' id='word_1_200' title='bbox 1861 1822 1905 1857; x_wconf 88' lang='lat' dir='ltr'>de</span> <span class='ocrx_word' id='word_1_201' title='bbox 1923 1821 2085 1857; x_wconf 90' lang='lat' dir='ltr'>Sorbona</span> <span class='ocrx_word' id='word_1_202' title='bbox 2099 1824 2174 1857; x_wconf 87' lang='lat' dir='ltr'>tam</span> <span class='ocrx_word' id='word_1_203' title='bbox 2191 1821 2303 1857; x_wconf 85' lang='lat' dir='ltr'>multa</span> <span class='ocrx_word' id='word_1_204' title='bbox 2315 1833 2440 1869; x_wconf 89' lang='lat' dir='ltr'>super-</span> 
     </span>
     <span class='ocr_line' id='line_1_21' title="bbox 557 1891 2438 1940; baseline -0.001 -10"><span class='ocrx_word' id='word_1_205' title='bbox 557 1895 626 1930; x_wconf 86' lang='lat' dir='ltr'>sint</span> <span class='ocrx_word' id='word_1_206' title='bbox 650 1895 863 1930; x_wconf 80' lang='lat' dir='ltr'>documenta</span> <span class='ocrx_word' id='word_1_207' title='bbox 883 1897 920 1928; x_wconf 91' lang='lat' dir='ltr'>ut</span> <span class='ocrx_word' id='word_1_208' title='bbox 935 1893 1039 1940; x_wconf 89' lang='lat' dir='ltr'>plura</span> <span class='ocrx_word' id='word_1_209' title='bbox 1059 1892 1240 1928; x_wconf 85' lang='lat' dir='ltr'>volumina</span> <span class='ocrx_word' id='word_1_210' title='bbox 1254 1893 1298 1928; x_wconf 88' lang='lat' dir='ltr'>de</span> <span class='ocrx_word' id='word_1_211' title='bbox 1315 1892 1391 1928; x_wconf 86' lang='lat' dir='ltr'>solo</span> <span class='ocrx_word' id='word_1_212' title='bbox 1409 1892 1562 1940; x_wconf 89' lang='lat' dir='ltr'>collegio</span> <span class='ocrx_word' id='word_1_213' title='bbox 1577 1892 1795 1928; x_wconf 88' lang='lat' dir='ltr'>Sorbonensi</span> <span class='ocrx_word' id='word_1_214' title='bbox 1811 1892 1915 1928; x_wconf 84' lang='lat' dir='ltr'>facile</span> <span class='ocrx_word' id='word_1_215' title='bbox 1928 1892 2062 1940; x_wconf 88' lang='lat' dir='ltr'>vulgari</span> <span class='ocrx_word' id='word_1_216' title='bbox 2077 1891 2226 1940; x_wconf 87' lang='lat' dir='ltr'>possint.</span> <span class='ocrx_word' id='word_1_217' title='bbox 2241 1891 2338 1928; x_wconf 91' lang='lat' dir='ltr'>Nihil</span> <span class='ocrx_word' id='word_1_218' title='bbox 2353 1903 2438 1928; x_wconf 88' lang='lat' dir='ltr'>vero</span> 
     </span>
     <span class='ocr_line' id='line_1_22' title="bbox 557 1963 2440 2012; baseline -0.001 -11"><span class='ocrx_word' id='word_1_219' title='bbox 557 1966 721 2002; x_wconf 90' lang='lat' dir='ltr'>omittere</span> <span class='ocrx_word' id='word_1_220' title='bbox 746 1965 921 2000; x_wconf 91' lang='lat' dir='ltr'>voluimus</span> <span class='ocrx_word' id='word_1_221' title='bbox 950 1964 993 1999; x_wconf 88' lang='lat' dir='ltr'>de</span> <span class='ocrx_word' id='word_1_222' title='bbox 1020 1963 1251 2012; x_wconf 86' lang='lat' dir='ltr'>collegiorum</span> <span class='ocrx_word' id='word_1_223' title='bbox 1274 1976 1357 2000; x_wconf 90' lang='lat' dir='ltr'>cum</span> <span class='ocrx_word' id='word_1_224' title='bbox 1378 1963 1614 1999; x_wconf 89' lang='lat' dir='ltr'>Universitate</span> <span class='ocrx_word' id='word_1_225' title='bbox 1637 1963 1908 2007; x_wconf 89' lang='lat' dir='ltr'>consuetudine,</span> <span class='ocrx_word' id='word_1_226' title='bbox 1940 1963 2065 1999; x_wconf 90' lang='lat' dir='ltr'>multis</span> <span class='ocrx_word' id='word_1_227' title='bbox 2089 1963 2220 1999; x_wconf 87' lang='lat' dir='ltr'>saltem</span> <span class='ocrx_word' id='word_1_228' title='bbox 2250 1975 2313 2011; x_wconf 88' lang='lat' dir='ltr'>per</span> <span class='ocrx_word' id='word_1_229' title='bbox 2338 1966 2440 2000; x_wconf 81' lang='lat' dir='ltr'>notas</span> 
     </span>
     <span class='ocr_line' id='line_1_23' title="bbox 558 2036 774 2072; baseline -0.005 0"><span class='ocrx_word' id='word_1_230' title='bbox 558 2036 774 2072; x_wconf 88' lang='lat' dir='ltr'>memoratis.</span> 
     </span>
    </p>

    <p class='ocr_par' dir='ltr' id='par_1_9' title="bbox 560 2105 2441 2214">
     <span class='ocr_line' id='line_1_24' title="bbox 657 2105 2441 2154; baseline 0 -12"><span class='ocrx_word' id='word_1_231' title='bbox 657 2107 862 2143; x_wconf 90' lang='lat' dir='ltr'>Studiorum</span> <span class='ocrx_word' id='word_1_232' title='bbox 875 2106 1097 2154; x_wconf 87' lang='lat' dir='ltr'>generalium</span> <span class='ocrx_word' id='word_1_233' title='bbox 1114 2119 1176 2142; x_wconf 90' lang='lat' dir='ltr'>seu</span> <span class='ocrx_word' id='word_1_234' title='bbox 1196 2106 1467 2142; x_wconf 86' lang='lat' dir='ltr'>Universitatum</span> <span class='ocrx_word' id='word_1_235' title='bbox 1484 2106 1635 2142; x_wconf 85' lang='lat' dir='ltr'>aliarum</span> <span class='ocrx_word' id='word_1_236' title='bbox 1657 2110 1797 2142; x_wconf 90' lang='lat' dir='ltr'>tantum</span> <span class='ocrx_word' id='word_1_237' title='bbox 1812 2106 1937 2142; x_wconf 78' lang='lat' dir='ltr'>afferre</span> <span class='ocrx_word' id='word_1_238' title='bbox 1950 2106 2172 2142; x_wconf 85' lang='lat' dir='ltr'>documenta</span> <span class='ocrx_word' id='word_1_239' title='bbox 2187 2105 2309 2142; x_wconf 87' lang='lat' dir='ltr'>decuit</span> <span class='ocrx_word' id='word_1_240' title='bbox 2323 2117 2441 2153; x_wconf 89' lang='lat' dir='ltr'>quan-</span> 
     </span>
     <span class='ocr_line' id='line_1_25' title="bbox 560 2177 1603 2214; baseline -0.001 0"><span class='ocrx_word' id='word_1_241' title='bbox 560 2183 634 2214; x_wconf 90' lang='lat' dir='ltr'>tum</span> <span class='ocrx_word' id='word_1_242' title='bbox 652 2191 693 2214; x_wconf 88' lang='lat' dir='ltr'>ea</span> <span class='ocrx_word' id='word_1_243' title='bbox 709 2178 950 2214; x_wconf 87' lang='lat' dir='ltr'>Universitatis</span> <span class='ocrx_word' id='word_1_244' title='bbox 966 2178 1173 2214; x_wconf 88' lang='lat' dir='ltr'>Parisiensis</span> <span class='ocrx_word' id='word_1_245' title='bbox 1188 2178 1359 2214; x_wconf 88' lang='lat' dir='ltr'>interesse</span> <span class='ocrx_word' id='word_1_246' title='bbox 1376 2177 1603 2214; x_wconf 87' lang='lat' dir='ltr'>videbantur.</span> 
     </span>
    </p>

    <p class='ocr_par' dir='ltr' id='par_1_10' title="bbox 560 2248 2440 2867">
     <span class='ocr_line' id='line_1_26' title="bbox 658 2248 2439 2297; baseline 0 -12"><span class='ocrx_word' id='word_1_247' title='bbox 658 2251 880 2285; x_wconf 87' lang='lat' dir='ltr'>Documenta</span> <span class='ocrx_word' id='word_1_248' title='bbox 901 2250 1083 2297; x_wconf 60' lang='lat' dir='ltr'>orzyinalzh</span> <span class='ocrx_word' id='word_1_249' title='bbox 1105 2249 1244 2297; x_wconf 89' lang='lat' dir='ltr'>quoties</span> <span class='ocrx_word' id='word_1_250' title='bbox 1268 2249 1416 2285; x_wconf 84' lang='lat' dir='ltr'>feliciter</span> <span class='ocrx_word' id='word_1_251' title='bbox 1438 2248 1593 2296; x_wconf 87' lang='lat' dir='ltr'>reperire</span> <span class='ocrx_word' id='word_1_252' title='bbox 1615 2248 1809 2296; x_wconf 90' lang='lat' dir='ltr'>potuimus,</span> <span class='ocrx_word' id='word_1_253' title='bbox 1837 2252 1971 2284; x_wconf 89' lang='lat' dir='ltr'>textum</span> <span class='ocrx_word' id='word_1_254' title='bbox 1994 2260 2119 2284; x_wconf 90' lang='lat' dir='ltr'>eorum</span> <span class='ocrx_word' id='word_1_255' title='bbox 2145 2248 2308 2285; x_wconf 88' lang='lat' dir='ltr'>absolute</span> <span class='ocrx_word' id='word_1_256' title='bbox 2333 2248 2439 2285; x_wconf 89' lang='lat' dir='ltr'>nobis</span> 
     </span>
     <span class='ocr_line' id='line_1_27' title="bbox 560 2320 2440 2368; baseline 0 -11"><span class='ocrx_word' id='word_1_257' title='bbox 560 2321 782 2368; x_wconf 87' lang='lat' dir='ltr'>sequendum</span> <span class='ocrx_word' id='word_1_258' title='bbox 797 2333 872 2356; x_wconf 87' lang='lat' dir='ltr'>esse</span> <span class='ocrx_word' id='word_1_259' title='bbox 890 2321 1067 2364; x_wconf 88' lang='lat' dir='ltr'>duximus,</span> <span class='ocrx_word' id='word_1_260' title='bbox 1084 2321 1181 2356; x_wconf 89' lang='lat' dir='ltr'>omni</span> <span class='ocrx_word' id='word_1_261' title='bbox 1198 2321 1410 2357; x_wconf 86' lang='lat' dir='ltr'>variantium</span> <span class='ocrx_word' id='word_1_262' title='bbox 1426 2320 1620 2356; x_wconf 88' lang='lat' dir='ltr'>lectionum</span> <span class='ocrx_word' id='word_1_263' title='bbox 1638 2331 1723 2356; x_wconf 86' lang='lat' dir='ltr'>cura</span> <span class='ocrx_word' id='word_1_264' title='bbox 1742 2320 1896 2363; x_wconf 88' lang='lat' dir='ltr'>omissa;</span> <span class='ocrx_word' id='word_1_265' title='bbox 1919 2332 2000 2356; x_wconf 89' lang='lat' dir='ltr'>cum</span> <span class='ocrx_word' id='word_1_266' title='bbox 2024 2325 2140 2356; x_wconf 85' lang='lat' dir='ltr'>tamen</span> <span class='ocrx_word' id='word_1_267' title='bbox 2164 2322 2316 2368; x_wconf 86' lang='lat' dir='ltr'>Regesta</span> <span class='ocrx_word' id='word_1_268' title='bbox 2336 2320 2440 2357; x_wconf 82' lang='lat' dir='ltr'>Vati-</span> 
     </span>
     <span class='ocr_line' id='line_1_28' title="bbox 561 2391 2439 2439; baseline -0.001 -11"><span class='ocrx_word' id='word_1_269' title='bbox 561 2404 648 2428; x_wconf 88' lang='lat' dir='ltr'>cana</span> <span class='ocrx_word' id='word_1_270' title='bbox 673 2392 828 2428; x_wconf 91' lang='lat' dir='ltr'>eundem</span> <span class='ocrx_word' id='word_1_271' title='bbox 844 2395 978 2428; x_wconf 86' lang='lat' dir='ltr'>textum</span> <span class='ocrx_word' id='word_1_272' title='bbox 995 2395 1230 2439; x_wconf 84' lang='lat' dir='ltr'>praestarent,</span> <span class='ocrx_word' id='word_1_273' title='bbox 1251 2395 1384 2427; x_wconf 85' lang='lat' dir='ltr'>textum</span> <span class='ocrx_word' id='word_1_274' title='bbox 1407 2391 1708 2427; x_wconf 87' lang='lat' dir='ltr'>documentorum</span> <span class='ocrx_word' id='word_1_275' title='bbox 1730 2391 1959 2439; x_wconf 88' lang='lat' dir='ltr'>originalium</span> <span class='ocrx_word' id='word_1_276' title='bbox 1982 2395 2184 2439; x_wconf 79' lang='lat' dir='ltr'>sequenteS,</span> <span class='ocrx_word' id='word_1_277' title='bbox 2205 2393 2439 2439; x_wconf 88' lang='lat' dir='ltr'>Regestorum</span> 
     </span>
     <span class='ocr_line' id='line_1_29' title="bbox 560 2462 2440 2511; baseline 0 -13"><span class='ocrx_word' id='word_1_278' title='bbox 560 2463 654 2498; x_wconf 86' lang='lat' dir='ltr'>varia</span> <span class='ocrx_word' id='word_1_279' title='bbox 670 2463 773 2499; x_wconf 87' lang='lat' dir='ltr'>verba</span> <span class='ocrx_word' id='word_1_280' title='bbox 787 2464 998 2499; x_wconf 88' lang='lat' dir='ltr'>notavimus.</span> <span class='ocrx_word' id='word_1_281' title='bbox 1024 2465 1134 2499; x_wconf 82' lang='lat' dir='ltr'>Fonte</span> <span class='ocrx_word' id='word_1_282' title='bbox 1148 2463 1265 2510; x_wconf 90' lang='lat' dir='ltr'>priore</span> <span class='ocrx_word' id='word_1_283' title='bbox 1280 2463 1482 2506; x_wconf 84' lang='lat' dir='ltr'>deficiente,</span> <span class='ocrx_word' id='word_1_284' title='bbox 1506 2462 1550 2498; x_wconf 88' lang='lat' dir='ltr'>ad</span> <span class='ocrx_word' id='word_1_285' title='bbox 1569 2462 1658 2498; x_wconf 86' lang='lat' dir='ltr'>alios</span> <span class='ocrx_word' id='word_1_286' title='bbox 1677 2463 1818 2499; x_wconf 89' lang='lat' dir='ltr'>codices</span> <span class='ocrx_word' id='word_1_287' title='bbox 1839 2463 2133 2510; x_wconf 86' lang='lat' dir='ltr'>chartulariaque</span> <span class='ocrx_word' id='word_1_288' title='bbox 2150 2462 2299 2511; x_wconf 88' lang='lat' dir='ltr'>antiqua</span> <span class='ocrx_word' id='word_1_289' title='bbox 2313 2474 2440 2499; x_wconf 88' lang='lat' dir='ltr'>recur-</span> 
     </span>
     <span class='ocr_line' id='line_1_30' title="bbox 564 2533 2436 2582; baseline 0.001 -14"><span class='ocrx_word' id='word_1_290' title='bbox 564 2546 637 2569; x_wconf 87' lang='lat' dir='ltr'>rere</span> <span class='ocrx_word' id='word_1_291' title='bbox 661 2534 889 2582; x_wconf 87' lang='lat' dir='ltr'>cogebamur,</span> <span class='ocrx_word' id='word_1_292' title='bbox 922 2538 955 2570; x_wconf 91' lang='lat' dir='ltr'>et</span> <span class='ocrx_word' id='word_1_293' title='bbox 985 2538 1070 2570; x_wconf 88' lang='lat' dir='ltr'>tune</span> <span class='ocrx_word' id='word_1_294' title='bbox 1098 2534 1190 2570; x_wconf 92' lang='lat' dir='ltr'>varia</span> <span class='ocrx_word' id='word_1_295' title='bbox 1217 2534 1323 2570; x_wconf 87' lang='lat' dir='ltr'>verba</span> <span class='ocrx_word' id='word_1_296' title='bbox 1353 2534 1568 2570; x_wconf 89' lang='lat' dir='ltr'>rettulimus.</span> <span class='ocrx_word' id='word_1_297' title='bbox 1597 2534 1748 2576; x_wconf 85' lang='lat' dir='ltr'>Quando</span> <span class='ocrx_word' id='word_1_298' title='bbox 1773 2534 2040 2570; x_wconf 79' lang='lat' dir='ltr'>Ghartularium</span> <span class='ocrx_word' id='word_1_299' title='bbox 2067 2534 2281 2571; x_wconf 87' lang='lat' dir='ltr'>Vaticanum</span> <span class='ocrx_word' id='word_1_300' title='bbox 2314 2533 2436 2582; x_wconf 81' lang='lat' dir='ltr'>Regin.</span> 
     </span>
     <span class='ocr_line' id='line_1_31' title="bbox 562 2604 2438 2653; baseline 0.001 -14"><span class='ocrx_word' id='word_1_301' title='bbox 562 2608 595 2640; x_wconf 89' lang='lat' dir='ltr'>et</span> <span class='ocrx_word' id='word_1_302' title='bbox 609 2605 927 2640; x_wconf 75' lang='lat' dir='ltr'>Clieltenhamense</span> <span class='ocrx_word' id='word_1_303' title='bbox 943 2605 1158 2652; x_wconf 88' lang='lat' dir='ltr'>praebebant</span> <span class='ocrx_word' id='word_1_304' title='bbox 1174 2605 1409 2641; x_wconf 89' lang='lat' dir='ltr'>instrumenta</span> <span class='ocrx_word' id='word_1_305' title='bbox 1424 2605 1461 2640; x_wconf 92' lang='lat' dir='ltr'>in</span> <span class='ocrx_word' id='word_1_306' title='bbox 1475 2604 1697 2652; x_wconf 86' lang='lat' dir='ltr'>principibus</span> <span class='ocrx_word' id='word_1_307' title='bbox 1715 2605 1871 2641; x_wconf 80' lang='lat' dir='ltr'>fontibus</span> <span class='ocrx_word' id='word_1_308' title='bbox 1887 2617 1958 2642; x_wconf 92' lang='lat' dir='ltr'>non</span> <span class='ocrx_word' id='word_1_309' title='bbox 1975 2608 2158 2649; x_wconf 89' lang='lat' dir='ltr'>contenta,</span> <span class='ocrx_word' id='word_1_310' title='bbox 2178 2616 2438 2653; x_wconf 87' lang='lat' dir='ltr'>supervacuum</span> 
     </span>
     <span class='ocr_line' id='line_1_32' title="bbox 562 2675 2438 2724; baseline 0.002 -15"><span class='ocrx_word' id='word_1_311' title='bbox 562 2675 761 2722; x_wconf 87' lang='lat' dir='ltr'>putavimus</span> <span class='ocrx_word' id='word_1_312' title='bbox 779 2675 847 2710; x_wconf 91' lang='lat' dir='ltr'>alia</span> <span class='ocrx_word' id='word_1_313' title='bbox 869 2676 1082 2712; x_wconf 86' lang='lat' dir='ltr'>chartularia</span> <span class='ocrx_word' id='word_1_314' title='bbox 1110 2676 1321 2723; x_wconf 86' lang='lat' dir='ltr'>generaliter</span> <span class='ocrx_word' id='word_1_315' title='bbox 1351 2680 1534 2720; x_wconf 87' lang='lat' dir='ltr'>annotare,</span> <span class='ocrx_word' id='word_1_316' title='bbox 1563 2679 1685 2723; x_wconf 88' lang='lat' dir='ltr'>utpote</span> <span class='ocrx_word' id='word_1_317' title='bbox 1709 2676 1823 2712; x_wconf 89' lang='lat' dir='ltr'>multo</span> <span class='ocrx_word' id='word_1_318' title='bbox 1853 2675 2053 2723; x_wconf 89' lang='lat' dir='ltr'>posteriora</span> <span class='ocrx_word' id='word_1_319' title='bbox 2079 2675 2312 2724; x_wconf 87' lang='lat' dir='ltr'>vitiatumque</span> <span class='ocrx_word' id='word_1_320' title='bbox 2334 2687 2438 2724; x_wconf 84' lang='lat' dir='ltr'>saepe</span> 
     </span>
     <span class='ocr_line' id='line_1_33' title="bbox 563 2746 2436 2795; baseline 0.002 -15"><span class='ocrx_word' id='word_1_321' title='bbox 563 2749 696 2781; x_wconf 80' lang='lat' dir='ltr'>textum</span> <span class='ocrx_word' id='word_1_322' title='bbox 717 2746 911 2789; x_wconf 81' lang='lat' dir='ltr'>offerentia,</span> <span class='ocrx_word' id='word_1_323' title='bbox 929 2747 1113 2793; x_wconf 83' lang='lat' dir='ltr'>quibusC.</span> <span class='ocrx_word' id='word_1_324' title='bbox 1129 2747 1300 2783; x_wconf 82' lang='lat' dir='ltr'>Jourdain</span> <span class='ocrx_word' id='word_1_325' title='bbox 1316 2747 1492 2791; x_wconf 87' lang='lat' dir='ltr'>utebatur,</span> <span class='ocrx_word' id='word_1_326' title='bbox 1507 2747 1677 2784; x_wconf 83' lang='lat' dir='ltr'>Vaticano</span> <span class='ocrx_word' id='word_1_327' title='bbox 1702 2748 1785 2794; x_wconf 87' lang='lat' dir='ltr'>Reg.</span> <span class='ocrx_word' id='word_1_328' title='bbox 1805 2750 1839 2782; x_wconf 84' lang='lat' dir='ltr'>et</span> <span class='ocrx_word' id='word_1_329' title='bbox 1855 2747 2169 2783; x_wconf 87' lang='lat' dir='ltr'>Cheltenhamensi</span> <span class='ocrx_word' id='word_1_330' title='bbox 2189 2750 2274 2784; x_wconf 92' lang='lat' dir='ltr'>tunc</span> <span class='ocrx_word' id='word_1_331' title='bbox 2294 2747 2436 2795; x_wconf 87' lang='lat' dir='ltr'>ignotis.</span> 
     </span>
     <span class='ocr_line' id='line_1_34' title="bbox 565 2817 2439 2867; baseline 0.003 -17"><span class='ocrx_word' id='word_1_332' title='bbox 565 2817 726 2851; x_wconf 88' lang='lat' dir='ltr'>Ceterum</span> <span class='ocrx_word' id='word_1_333' title='bbox 741 2820 853 2852; x_wconf 84' lang='lat' dir='ltr'>textus</span> <span class='ocrx_word' id='word_1_334' title='bbox 873 2817 982 2852; x_wconf 87' lang='lat' dir='ltr'>nostri</span> <span class='ocrx_word' id='word_1_335' title='bbox 1007 2818 1280 2854; x_wconf 78' lang='lat' dir='ltr'>fundamentum</span> <span class='ocrx_word' id='word_1_336' title='bbox 1297 2830 1357 2854; x_wconf 91' lang='lat' dir='ltr'>seu</span> <span class='ocrx_word' id='word_1_337' title='bbox 1376 2818 1606 2866; x_wconf 88' lang='lat' dir='ltr'>praecipuum</span> <span class='ocrx_word' id='word_1_338' title='bbox 1624 2818 1755 2853; x_wconf 86' lang='lat' dir='ltr'>sontem</span> <span class='ocrx_word' id='word_1_339' title='bbox 1777 2817 1941 2865; x_wconf 83' lang='lat' dir='ltr'>designat</span> <span class='ocrx_word' id='word_1_340' title='bbox 1954 2829 2096 2866; x_wconf 89' lang='lat' dir='ltr'>semper</span> <span class='ocrx_word' id='word_1_341' title='bbox 2116 2818 2379 2867; x_wconf 88' lang='lat' dir='ltr'>manuscriptus</span> <span class='ocrx_word' id='word_1_342' title='bbox 2402 2818 2439 2855; x_wconf 92' lang='lat' dir='ltr'>in</span> 
     </span>
    </p>
   </div>
   <div class='ocr_carea' id='block_1_7' title="bbox 661 2917 2439 2952">
    <p class='ocr_par' dir='ltr' id='par_1_11' title="bbox 661 2917 2439 2952">
     <span class='ocr_line' id='line_1_35' title="bbox 661 2917 2439 2952; baseline 0.003 -13"><span class='ocrx_word' id='word_1_343' title='bbox 661 2917 681 2940; x_wconf 88' lang='lat'>1.</span> <span class='ocrx_word' id='word_1_344' title='bbox 700 2917 848 2948; x_wconf 85' lang='lat' dir='ltr'>Adjungere</span> <span class='ocrx_word' id='word_1_345' title='bbox 864 2919 1013 2948; x_wconf 80' lang='lat' dir='ltr'>poteramus</span> <span class='ocrx_word' id='word_1_346' title='bbox 1032 2918 1164 2949; x_wconf 84' lang='lat' dir='ltr'>epistolam</span> <span class='ocrx_word' id='word_1_347' title='bbox 1177 2919 1279 2943; x_wconf 77' lang='lat' dir='ltr'>abbatis</span> <span class='ocrx_word' id='word_1_348' title='bbox 1293 2919 1410 2944; x_wconf 83' lang='lat' dir='ltr'>Gervasii</span> <span class='ocrx_word' id='word_1_349' title='bbox 1428 2920 1615 2947; x_wconf 69' lang='lat' dir='ltr'>Praernoustr.v</span> <span class='ocrx_word' id='word_1_350' title='bbox 1628 2927 1679 2951; x_wconf 84' lang='lat' dir='ltr'>qua</span> <span class='ocrx_word' id='word_1_351' title='bbox 1696 2918 1798 2943; x_wconf 78' lang='lat' dir='ltr'>saeculo</span> <span class='ocrx_word' id='word_1_352' title='bbox 1808 2919 1870 2943; x_wconf 88' lang='lat' dir='ltr'>XIII</span> <span class='ocrx_word' id='word_1_353' title='bbox 1885 2919 1991 2943; x_wconf 79' lang='lat' dir='ltr'>ineunte</span> <span class='ocrx_word' id='word_1_354' title='bbox 2002 2919 2156 2944; x_wconf 76' lang='lat' dir='ltr'>scholastico</span> <span class='ocrx_word' id='word_1_355' title='bbox 2170 2920 2293 2944; x_wconf 81' lang='lat' dir='ltr'>Remensi</span> <span class='ocrx_word' id='word_1_356' title='bbox 2310 2919 2439 2952; x_wconf 77' lang='lat' dir='ltr'>quendam</span> 
     </span>
    </p>
   </div>
   <div class='ocr_carea' id='block_1_8' title="bbox 567 2961 2439 3036">
    <p class='ocr_par' dir='ltr' id='par_1_12' title="bbox 567 2961 2439 3036">
     <span class='ocr_line' id='line_1_36' title="bbox 567 2961 2439 2995; baseline 0.003 -12"><span class='ocrx_word' id='word_1_357' title='bbox 567 2961 722 2991; x_wconf 81' lang='lat' dir='ltr'>magistrum</span> <span class='ocrx_word' id='word_1_358' title='bbox 734 2961 774 2988; x_wconf 87' lang='lat' dir='ltr'>G.,</span> <span class='ocrx_word' id='word_1_359' title='bbox 794 2961 838 2992; x_wconf 89' lang='lat' dir='ltr'>qui</span> <span class='ocrx_word' id='word_1_360' title='bbox 852 2961 960 2985; x_wconf 85' lang='lat' dir='ltr'>Parisiis</span> <span class='ocrx_word' id='word_1_361' title='bbox 970 2962 1131 2993; x_wconf 77' lang='lat' dir='ltr'>aliquantum</span> <span class='ocrx_word' id='word_1_362' title='bbox 1144 2964 1268 2995; x_wconf 81' lang='lat' dir='ltr'>temporis</span> <span class='ocrx_word' id='word_1_363' title='bbox 1278 2964 1304 2987; x_wconf 90' lang='lat' dir='ltr'>in</span> <span class='ocrx_word' id='word_1_364' title='bbox 1315 2963 1424 2988; x_wconf 81' lang='lat' dir='ltr'>decretis</span> <span class='ocrx_word' id='word_1_365' title='bbox 1441 2965 1550 2995; x_wconf 78' lang='lat' dir='ltr'>regerat,</span> <span class='ocrx_word' id='word_1_366' title='bbox 1564 2963 1738 2988; x_wconf 77' lang='lat' dir='ltr'>oommendat.</span> <span class='ocrx_word' id='word_1_367' title='bbox 1752 2963 1857 2988; x_wconf 83' lang='lat' dir='ltr'>Sacrae</span> <span class='ocrx_word' id='word_1_368' title='bbox 1867 2963 2047 2995; x_wconf 75' lang='lat' dir='ltr'>antiquitatis</span> <span class='ocrx_word' id='word_1_369' title='bbox 2062 2969 2259 2993; x_wconf 76' lang='lat' dir='ltr'>monumenta,</span> <span class='ocrx_word' id='word_1_370' title='bbox 2273 2966 2326 2989; x_wconf 75' lang='lat' dir='ltr'>not.</span> <span class='ocrx_word' id='word_1_371' title='bbox 2341 2964 2439 2989; x_wconf 76' lang='lat' dir='ltr'>illustr.</span> 
     </span>
     <span class='ocr_line' id='line_1_37' title="bbox 567 3005 962 3036; baseline 0.003 -8"><span class='ocrx_word' id='word_1_372' title='bbox 567 3005 595 3029; x_wconf 88' lang='lat' dir='ltr'>C.</span> <span class='ocrx_word' id='word_1_373' title='bbox 613 3005 642 3028; x_wconf 92' lang='lat' dir='ltr'>L.</span> <span class='ocrx_word' id='word_1_374' title='bbox 660 3005 748 3034; x_wconf 71' lang='lat' dir='ltr'>liceo,</span> <span class='ocrx_word' id='word_1_375' title='bbox 766 3013 790 3036; x_wconf 84' lang='lat' dir='ltr'>p.</span> <span class='ocrx_word' id='word_1_376' title='bbox 808 3005 847 3033; x_wconf 68' lang='lat'>54,</span> <span class='ocrx_word' id='word_1_377' title='bbox 866 3013 905 3036; x_wconf 88' lang='lat' dir='ltr'>ep.</span> <span class='ocrx_word' id='word_1_378' title='bbox 923 3006 962 3029; x_wconf 74' lang='lat'>57.</span> 
     </span>
    </p>
   </div>
   <div class='ocr_carea' id='block_1_9' title="bbox 2608 447 2618 1141">
    <p class='ocr_par' dir='ltr' id='par_1_13' title="bbox 2608 447 2618 1141">
     <span class='ocr_line' id='line_1_38' title="bbox 2608 447 2618 1141; textangle 90"><span class='ocrx_word' id='word_1_379' title='bbox 2615 1124 2618 1141; x_wconf 87' lang='lat'>..</span> <span class='ocrx_word' id='word_1_380' title='bbox 2614 1102 2618 1116; x_wconf 86' lang='lat'>..</span> <span class='ocrx_word' id='word_1_381' title='bbox 2608 612 2618 1090; x_wconf 26' lang='lat' dir='ltr'>“amena-...Quemnam</span> <span class='ocrx_word' id='word_1_382' title='bbox 2609 447 2618 603; x_wconf 39' lang='lat' dir='ltr'>*effla—unba—</span> 
     </span>
    </p>
   </div>
  </div>
 </body>
</html>
