2618 3640
531 425 575 458 26
1115 434 1437 456 cltAn'rULARlUM
1473 434 1664 456 cmvsns
1701 434 1831 456 rmus.

531 508 660 541 Adhuc
687 508 791 541 etiam
822 508 1037 554 promissam
1065 514 1215 553 expecto
1241 508 1406 553 gratiam,
1428 508 1583 541 sortasse
1607 508 1702 540 sicut
1726 507 1924 541 Arthurmn
1951 507 2149 550 Britannia,
2177 509 2273 542 sicut
2299 510 2413 544 Judea

532 576 723 620 Messyam.
765 575 919 608 Donatio
954 575 1100 620 quidem
1135 575 1290 620 gratuita
1325 575 1427 619 prius
1466 575 1532 607 fuit
1574 581 1609 607 et
1645 574 1832 615 liberalis;
1874 574 1939 607 scd
1978 574 2061 619 quia
2095 575 2133 607 in
2167 576 2413 620 promissione

531 642 710 687 scripture
744 641 928 675 vinculum
964 641 1184 682 intercessit,
1220 648 1260 674 ut
1292 653 1450 674 annuum
1486 641 1590 674 fieret
1630 640 1862 682 beneficium,
1903 641 2054 686 gratiam
2089 648 2125 674 et
2157 643 2411 676 necessitatem

530 708 643 741 debiti
664 708 908 742 convertistis.
932 708 1074 741 Utinam
1096 720 1280 753 nunquam
1301 708 1432 740 fuisset
1450 707 1516 740 hec
1538 708 1704 752 pecunia,
1726 709 1831 753 cujus
1853 708 2074 753 exspectatio
2096 709 2232 742 tamdiu
2252 709 2410 743 animum

530 787 649 807 meum
675 775 799 815 torsit,
827 775 864 807 in
885 775 989 819 cujus
1016 787 1080 820 spe
1107 787 1176 819 ego
1202 775 1413 807 diffusiores
1439 786 1617 819 expensas
1642 775 1779 807 faciens
1805 787 1861 807 me
1886 774 2020 808 debitis
2045 776 2224 809 usurariis
2250 777 2410 811 oneravi.

531 841 566 874 Si
597 841 751 886 simplex
775 841 971 887 promissio
1001 841 1255 886 precessisset,
1287 841 1588 886 circumspectius
1615 841 1885 886 expendissem,
1918 848 1953 874 et
1981 853 2071 875 usus
2101 842 2253 876 fuissem
2283 842 2412 878 leviter

529 907 599 941 levi
625 908 718 941 cibo.
747 909 849 940 Nunc
878 908 914 940 in
944 907 1038 940 libro
1068 907 1291 952 experientie
1322 907 1406 953 lego
1438 920 1543 952 quam
1575 915 1697 941 sancta
1723 915 1759 941 et
1786 907 1910 941 efficax
1941 909 1988 942 sit
2015 909 2173 942 eruditio
2200 910 2410 956 evangelice

527 974 689 1007 veritatis
708 986 714 1007 :
735 989 751 1006 «
775 975 839 1016 Sit,
857 974 986 1019 inquit,
1010 986 1130 1006 sermo
1151 980 1285 1015 vester,
1309 981 1448 1016 estest,
1468 987 1541 1007 non
1558 987 1653 1015 non;
1673 987 1752 1008 nam
1775 975 1873 1020 quod
1890 975 2046 1021 amplius
2063 982 2130 1018 est,
2148 988 2167 1010 a
2187 976 2282 1010 malo
2303 983 2360 1011 est
2377 989 2407 1011 ».

528 1042 603 1073 Hoc
633 1041 763 1073 malum
795 1053 891 1073 nunc
922 1041 1052 1081 sentio,
1085 1040 1143 1072 cui
1170 1047 1264 1073 carta
1295 1041 1459 1086 episcopi
1491 1048 1527 1074 et
1554 1041 1754 1074 vehemens
1784 1042 1902 1087 ipsius
1932 1043 2094 1076 assercio
2122 1055 2266 1076 causam
2295 1043 2407 1078 dedit.

525 1107 645 1141 Verba
675 1114 792 1140 tamen
828 1107 1097 1151 episcoporum,
1129 1107 1190 1151 qui
1221 1107 1469 1152 apostolorum
1501 1107 1565 1140 filii
1591 1115 1677 1141 sunt
1706 1115 1741 1142 et
1770 1108 1939 1151 heredes,
1966 1109 2036 1143 vim
2059 1110 2272 1154 juratoriam
2302 1111 2340 1144 in
2369 1120 2409 1144 se

526 1173 669 1214 habent,
695 1173 789 1206 utin
812 1173 865 1205 eis
886 1173 1144 1218 jusjurandum
1167 1173 1226 1213 sit,
1254 1174 1352 1218 quod
1378 1181 1434 1207 est
1458 1174 1609 1208 verbum
1635 1175 1789 1221 simplex
1815 1176 1852 1208 in
1875 1176 1975 1217 aliis3
2003 1183 2039 1209 et
2061 1177 2159 1221 quod
2184 1177 2222 1209 in
2246 1177 2328 1211 aliis
2353 1180 2410 1212 est

525 1239 678 1284 simplex
710 1239 951 1281 mendacium,
984 1240 1184 1284 perjurium
1221 1247 1257 1273 et
1290 1241 1523 1286 sacrilegium
1554 1242 1602 1274 sit
1631 1242 1669 1274 in
1704 1242 1790 1275 illis.
1823 1242 2009 1276 Attendite
2040 1243 2128 1289 quid
2154 1243 2250 1277 dicat
2280 1244 2409 1278 doctor

523 1306 697 1339 ecclesie¹
717 1318 724 1338 :
745 1321 760 1337 «
784 1307 981 1351 Numquid,
1005 1307 1136 1352 inquit,
1154 1307 1298 1340 levitate
1320 1320 1410 1340 usus
1432 1320 1526 1350 sum,
1548 1315 1609 1342 aut
1629 1321 1699 1354 que
1722 1309 1858 1355 cogito,
1882 1310 2084 1343 secundum
2107 1322 2253 1344 carnem
2270 1311 2406 1357 cogito,

524 1379 560 1405 ut
587 1373 661 1406 sint
687 1373 781 1418 apud
804 1385 859 1405 me
888 1380 944 1406 est
969 1380 1005 1406 et
1034 1375 1133 1406 non?
1150 1387 1165 1404 n
1192 1374 1494 1408 Promittentibus
1517 1382 1553 1408 et
1579 1388 1653 1408 non
1679 1375 1909 1409 solventibus
1934 1377 2107 1411 convenit
2125 1389 2196 1411 vox
2215 1377 2276 1411 illa
2295 1378 2406 1412 Ysaie

523 1439 699 1484 prophete
728 1440 884 1472 dicentis
907 1452 913 1472 :
939 1454 955 1471 «
978 1441 1070 1473 Ecce
1095 1453 1161 1473 vos
1187 1453 1231 1473 ex
1251 1441 1401 1483 nichilo,
1424 1448 1459 1474 et
1482 1454 1574 1487 opus
1600 1449 1761 1476 vestrum
1786 1455 1829 1476 ex
1857 1455 1899 1476 co
1926 1444 2023 1488 quod
2046 1456 2119 1477 non
2140 1450 2197 1477 est
2217 1458 2247 1477 ».
2275 1446 2406 1490 Magna

523 1506 632 1539 debet
658 1518 741 1539 esse
771 1506 808 1538 in
836 1507 1080 1551 promissione
1116 1507 1308 1549 discretio;
1338 1509 1457 1541 inanis
1489 1509 1584 1541 enim
1615 1510 1812 1555 promissio
1847 1510 2059 1544 multotiens
2089 1511 2133 1544 de
2165 1511 2406 1545 familiaribus

523 1573 648 1605 amicis
674 1572 744 1605 sibi
771 1580 954 1618 comparat
974 1573 1154 1606 inimicos
1183 1575 1296 1607 Porro
1322 1575 1353 1607 si
1378 1575 1547 1620 cogitatis
1572 1576 1705 1609 vestris
1731 1577 2041 1622 promissionibus
2068 1584 2175 1620 stare,
2203 1590 2270 1611 nec
2297 1578 2406 1612 michi

522 1646 666 1684 accepta
683 1651 749 1671 nec
766 1639 870 1672 vobis
887 1639 1038 1673 honesta
1061 1647 1117 1673 est
1137 1641 1203 1673 ista
1225 1641 1362 1683 dilatio,
1385 1642 1594 1675 testimonio
1617 1650 1723 1688 poete
1747 1655 1754 1676 ε

1272 1721 1368 1744 Dilntio
1384 1730 1479 1753 magna
1496 1722 1572 1745 ruina
1588 1726 1629 1746 est
1645 1731 1650 1746 z

1085 1765 1116 1788 Et
1131 1774 1204 1788 mora
1220 1766 1335 1789 donandi
1351 1775 1402 1790 non
1417 1767 1474 1790 leve
1489 1767 1588 1791 crimen
1603 1768 1691 1792 habet.

612 1853 627 1870 (t
650 1840 702 1871 Ne
728 1839 827 1872 dicas
848 1839 962 1872 amico
980 1846 1054 1881 tuO,
1080 1841 1167 1874 dicit
1188 1841 1371 1884 Salomon,
1393 1843 1483 1875 vade
1510 1850 1545 1876 et
1567 1856 1646 1877 cras
1670 1851 1869 1886 revertere,
1893 1851 1929 1877 et
1953 1844 2046 1877 dabo
2068 1844 2148 1886 tibi,
2175 1857 2257 1878 cum
2284 1845 2403 1879 statim

521 1906 643 1950 possis
664 1906 749 1939 dare
769 1919 798 1938 ».
818 1907 920 1947 Cras,
939 1919 1031 1948 cras,
1054 1919 1123 1940 vox
1139 1908 1285 1942 corvina
1302 1915 1374 1949 est;
1402 1922 1468 1942 nec
1495 1910 1576 1949 deo,
1605 1923 1671 1943 nec
1697 1911 1910 1944 hominibus
1936 1918 2036 1957 grata
2063 1918 2119 1945 est
2143 1912 2403 1957 promissionis

520 1972 661 2005 iteratio
687 1973 873 2017 frequens.
898 1974 941 2006 Et
969 1973 1037 2006 hoc
1068 1974 1186 2019 ipsum
1209 1975 1319 2008 credo
1342 1976 1571 2010 Salomonem
1599 1978 1777 2020 sensisse,
1808 1990 1888 2011 cum
1921 1978 2009 2012 dicit
2032 1990 2038 2011 :
2063 1993 2079 2010 «
2103 1978 2184 2020 Fili,
2215 1991 2261 2012 ne
2291 1979 2403 2013 iteres

519 2038 670 2071 verbum
699 2039 735 2071 in
762 2052 824 2072 ore
846 2046 906 2072 tuo
930 2054 959 2072 ».
983 2041 1070 2073 Date
1096 2041 1220 2086 igitur,
1244 2043 1446 2076 reverende
1468 2051 1580 2089 pater,
1610 2045 1691 2078 voci
1716 2051 1838 2078 vestre
1862 2057 1989 2078 vocem
2014 2045 2172 2087 virtutis,
2195 2052 2231 2078 et
2251 2046 2402 2079 affectus

520 2105 690 2138 liberales
718 2106 869 2139 effectus
896 2106 1102 2152 adimpleat,
1132 2120 1177 2141 ne
1203 2108 1296 2142 labia
1322 2110 1512 2155 evangelio
1538 2118 1748 2145 consecrata
1778 2112 1896 2158 possit
1922 2124 2076 2158 arguere
2102 2112 2282 2146 mendacii
2307 2119 2402 2147 carta

519 2179 692 2217 concepta
714 2173 750 2205 in
767 2173 1014 2206 testimonium
1036 2174 1210 2208 veritatis.

610 2239 704 2271 Illud
735 2246 851 2272 autem
883 2240 1203 2274 vehementissime
1239 2243 1482 2288 reprehende,
1518 2245 1616 2290 quod
1652 2252 1804 2291 nepotes
1839 2252 1995 2288 vestros,
2030 2246 2092 2291 qui
2127 2258 2166 2279 se
2201 2246 2239 2279 in
2272 2246 2401 2280 castris

519 2305 722 2338 scolaribus
748 2318 918 2339 exercere
954 2307 1168 2350 debuerant,
1199 2309 1330 2342 fovetis
1360 2310 1397 2342 in
1429 2311 1585 2354 deliciis,
1617 2312 1770 2358 palpatis
1803 2312 2013 2354 blanditiis3
2050 2313 2173 2346 sciatis
2208 2313 2307 2358 quod
2333 2312 2400 2347 hee

519 2372 637 2404 omnia
663 2372 859 2406 exinanitio
886 2380 971 2406 sunt
995 2373 1168 2407 virtutum
1190 2382 1226 2408 et
1250 2375 1444 2410 subversio
1465 2377 1679 2412 honestatis.
1706 2379 1836 2413 Adhuc
1857 2379 1928 2413 vita
1954 2391 2080 2412 eorum
2106 2379 2144 2412 in
2169 2379 2309 2413 incerto
2330 2386 2398 2422 est,

518 2439 600 2483 quia
629 2439 788 2471 nondum
817 2439 952 2473 bivium
982 2441 1184 2486 Pitagorice
1215 2442 1334 2476 littere
1361 2445 1604 2486 transierunt;
1632 2446 1789 2491 ideoque
1820 2447 1936 2492 magis
1967 2446 2156 2492 expediret
2180 2446 2234 2479 eis
2264 2446 2400 2492 corripi

518 2517 622 2549 quam
641 2505 788 2550 palpari.
814 2506 993 2552 Scriptum
1011 2514 1067 2541 est
1089 2520 1095 2541 :
1121 2523 1136 2540 α
1161 2509 1231 2552 Qui
1248 2511 1362 2554 parcit
1377 2511 1493 2556 virge,
1512 2512 1589 2545 odit
1609 2513 1723 2546 filium
1747 2527 1776 2546 ».
1796 2513 1888 2559 11er
1907 2526 1988 2547 cum
2011 2513 2097 2546 filiis
2120 2525 2320 2558 percussus
2342 2519 2398 2547 est

518 2583 535 2603 a
553 2572 720 2613 Domino,
743 2584 786 2604 eo
808 2573 905 2617 quod
927 2573 1022 2606 filios
1040 2587 1127 2607 suos
1149 2576 1296 2609 minime
1318 2578 1540 2612 correxisset
1558 2590 1564 2612 :
1588 2579 1769 2621 Dilexisti,
1793 2580 1881 2613 dicit
1902 2580 1935 2613 ei
1952 2580 2143 2622 Dominus,
2162 2579 2278 2624 magis
2300 2578 2397 2613 filios

519 2644 600 2670 tuos
627 2650 729 2683 quam
757 2651 825 2671 mc.
858 2640 973 2672 Hodie
999 2653 1064 2685 pro
1091 2642 1188 2684 filiis,
1216 2655 1309 2688 quos
1338 2644 1488 2679 abstulit
1511 2646 1660 2691 prelatis
1691 2647 1846 2680 ecclesie
1876 2648 1989 2689 Deus,
2013 2646 2147 2680 habere
2177 2652 2331 2691 nepotes
2360 2645 2397 2679 in

519 2704 792 2749 dissipationem
817 2706 1022 2750 patrimonii
1046 2707 1182 2742 Christi
1204 2717 1239 2743 et
1261 2710 1297 2743 in
1321 2723 1386 2744 sue
1410 2712 1537 2746 salutis
1559 2713 1793 2759 dispendium
1817 2713 2087 2759 permittuntur.
2112 2712 2322 2745 Perniciosa
2342 2719 2399 2746 est

517 2771 611 2803 circa
646 2771 806 2804 minores
840 2771 970 2806 blanda
1005 2775 1180 2819 majorum
1216 2778 1397 2811 remissio.
1435 2779 1521 2812 ldeo
1553 2780 1641 2813 dicit
1669 2780 1841 2826 sapiens:
1866 2794 1883 2812 «
1911 2780 2000 2813 Filie
2031 2779 2097 2813 tibi
2128 2785 2226 2821 sunt,
2256 2778 2395 2812 vultum

517 2837 676 2882 hylarem
712 2850 757 2871 ne
792 2839 963 2872 ostendas
998 2840 1051 2873 eis
1074 2855 1104 2874 ».
1127 2844 1255 2876 Vestra
1281 2844 1489 2891 benignitas
1516 2847 1569 2879 eis
1597 2847 1641 2880 ad
1668 2859 1795 2880 omnes
1826 2847 2018 2880 illecebras
2052 2847 2195 2879 frenum
2230 2845 2396 2879 custodie

518 2904 699 2937 relaxavit.
732 2905 891 2950 Ideoque
917 2919 1046 2940 vereor
1071 2921 1115 2941 ne
1140 2909 1210 2943 vita
1236 2923 1360 2944 eorum
1386 2913 1422 2945 in
1449 2913 1566 2958 primo
1592 2914 1682 2947 ssore
1708 2914 1921 2960 degeneret,
1948 2914 2043 2947 sicut
2066 2914 2103 2946 in
2133 2912 2198 2946 Iob
2227 2912 2363 2958 legitur
2385 2923 2393 2945 z

518 2971 675 3004 Ledetur
696 2971 797 3016 quasi
823 2972 927 3005 vinea
952 2973 989 3006 in
1010 2975 1173 3019 proximo
1196 2977 1285 3010 ssore
1311 2978 1439 3012 botrus
1461 2981 1554 3025 ejus,
1581 2987 1617 3014 et
1641 2981 1744 3027 quasi
1768 2981 1862 3015 oliva
1887 2981 2086 3027 projiciens
2116 2979 2242 3013 florem
2273 2988 2392 3012 suum.

640 3030 664 3053 4.

2612 2071 2618 2138 t

2614 2142 2618 2156 ,

2612 2157 2618 2319 ἑ
