2580 3528
268 411 366 452 1257]
612 421 660 443 ΑΒ
693 419 800 442 ANNO
834 418 910 443 uec
945 418 1076 446 usQui:
1111 418 1159 440 An
1196 417 1423 440 PfltLtPPUM
1460 417 1499 438 tv
1534 416 1622 439 nso.
1660 417 1794 438 rame.
2075 407 2140 440 355

268 494 480 540 predictam,
509 505 580 540 que
607 494 644 528 in
672 493 953 528 Universitatem
981 492 1095 537 ipsam
1123 490 1351 537 promulgata
1376 490 1504 530 extitit,
1536 489 1746 526 observare,
1776 490 1833 523 vel
1861 490 2054 534 magistros
2082 497 2142 523 aut

267 561 431 596 scolares
472 561 719 607 predictorum
757 560 907 593 fratrum
933 554 991 592 ⁴ad
1025 558 1281 604 magistrorum
1320 556 1545 590 consortium
1585 555 1641 589 vel
1680 556 1844 601 ejusdem
1887 556 2141 589 Universitatis

266 627 478 674 collegium,
504 627 550 662 de
575 639 648 673 quo
669 628 745 672 jam
771 637 854 660 esse
881 625 1078 666 desierant,
1106 624 1296 658 admittere
1324 623 1532 657 nullatenus
1558 622 1788 664 tenebantur,
1816 628 1937 667 preter
1963 622 2014 660 id,
2045 622 2141 666 quod

267 695 314 729 ad
339 694 549 729 societatem
578 705 685 728 nemo
713 700 769 728 est
795 693 986 739 cogendus
1012 692 1160 733 invitus,
1188 697 1223 724 et
1247 691 1318 736 ipsi
1343 691 1473 724 fratres
1500 689 1645 724 duobus
1670 701 1743 723 non
1769 688 1928 722 debent’
1955 688 2142 722 Universi-

266 762 364 803 tatis,
391 761 563 795 videlicet
588 760 784 794 scolarium
811 766 848 793 et
873 765 1076 793 conventus
1103 748 1387 798 Predicatorum,
1416 756 1585 802 collegiis
1614 756 1808 797 contineri,
1838 755 2015 789 addentes
2045 755 2141 799 quod

268 828 393 874 dispar
425 828 589 874 ipsorum
625 827 806 873 professio
841 838 906 860 eos
940 826 1058 859 eidem
1095 825 1329 859 Universitati
1366 823 1485 857 reddit
1518 823 1744 868 incongruos
1778 829 1813 855 et
1849 822 1894 855 ad
1929 821 2141 854 sustinenda

267 895 386 941 ipsius
410 906 535 936 onera,
563 895 670 939 cujus
694 894 899 940 gauderent
922 892 1137 933 commodis,
1164 891 1273 925 eflicit
1297 891 1519 937 paupertatis
1544 889 1705 923 conditio
1731 890 1961 934 impotentes.
1992 889 2143 933 Propter

267 973 340 1008 que
369 973 514 995 necnon
542 967 579 995 et
605 960 674 994 alia
707 960 862 1006 quedam
897 972 915 993 a
946 959 1082 1005 prefata
1116 958 1358 992 ordinationis
1387 957 1614 1002 aliorumque
1649 956 1896 998 mandatorum
1934 961 2140 988 nostrorum

269 1027 420 1063 eandem
453 1026 1039 1074 ordinationem*contingentium
1069 1024 1339 1065 executoribus,
1372 1037 1417 1058 ne
1449 1030 1573 1057 contra
1608 1024 1709 1069 ipsos
1744 1022 1997 1068 procederent,
2028 1022 2140 1054 suerat

270 1107 336 1141 pro
357 1101 457 1141 parte
477 1095 640 1140 ipsorum
660 1094 918 1140 magistrorum
940 1099 976 1127 et
995 1092 1189 1126 scolarium
1211 1092 1255 1126 ad
1277 1091 1400 1125 sedem
1422 1090 1656 1136 apostolicam
1679 1089 1890 1123 multotiens
1910 1088 2142 1134 appellatum.

269 1160 528 1207 Proponebant
551 1173 711 1207 quoque,
740 1161 777 1194 in
804 1160 982 1194 mandatis
1008 1159 1234 1206 apostolicis,
1264 1170 1334 1204 que
1365 1164 1489 1191 contra
1517 1169 1581 1190 eos
1610 1163 1875 1197 emanaverunt,
1907 1167 1947 1189 sc
1977 1161 2144 1201 gravatos

270 1228 419 1274 injuste,
449 1239 514 1274 per
541 1239 612 1273 que
641 1228 743 1273 ipsos
773 1227 893 1273 puniri
920 1226 1080 1272 graviter
1106 1232 1259 1265 constat,
1289 1225 1350 1270 qui
1380 1224 1581 1270 culpabiles
1607 1236 1680 1257 non
1705 1223 1865 1256 existunt
1889 1229 1925 1256 et
1948 1222 2143 1268 predictam

268 1294 586 1340 compositionem,
608 1305 715 1339 quam
736 1300 857 1339 partes
881 1299 1166 1338 acceptaverant,
1195 1291 1340 1325 Irritari.
1367 1291 1422 1324 Ad
1451 1290 1615 1324 ultimum
1642 1302 1753 1335 super
1778 1289 1848 1323 hiis
1870 1289 2054 1334 provideri
2075 1287 2145 1322 sibi

270 1373 336 1407 per
369 1360 494 1394 sedem
531 1359 766 1406 apostolicam
808 1358 1048 1405 postulantes.
1085 1358 1155 1392 Sed
1190 1358 1321 1391 fortius
1355 1357 1535 1403 allegabat
1568 1362 1714 1390 econtra
1751 1355 1899 1389 rebellis
1933 1355 2143 1389 eorumdem

269 1427 526 1474 magistrorum
547 1433 584 1460 et
607 1426 802 1460 scolarium
828 1426 1044 1460 contumatia
1071 1432 1107 1458 et
1134 1423 1541 1470 pertinatia·divulgata,
1568 1423 1629 1468 qui
1652 1435 1723 1456 non
1745 1422 1863 1456 solum
1885 1423 1921 1455 in
1953 1422 2060 1455 nobis
2081 1422 2144 1455 sed

269 1494 375 1528 etiam
405 1493 443 1528 in
470 1493 589 1527 felicis
616 1493 882 1527 recordationis
912 1493 939 1525 Ι.
973 1504 1063 1538 papa
1093 1491 1356 1537 predecessore
1387 1497 1513 1524 nostro
1543 1490 1790 1524 auctoritatem
1820 1489 1920 1522 sedis
1947 1489 2146 1534 apostolice

268 1562 570 1606 contempserunt
598 1560 748 1594 directis
778 1559 849 1593 sibi
878 1571 944 1606 pro
975 1559 1163 1592 memorati
1190 1558 1341 1592 Ordinis
1370 1557 1543 1590 fratribus
1572 1557 1608 1589 in
1640 1557 1769 1602 pagina
1800 1568 1900 1589 sacra
1930 1555 2147 1589 docentibus

268 1639 471 1673 eorumque
495 1626 701 1661 scolaribus
727 1626 772 1660 ad
798 1638 865 1660 sue
891 1625 1147 1660 Universitatis
1172 1625 1397 1659 consortium
1424 1623 1658 1658 admittendis
1679 1623 1796 1669 ipsius
1818 1622 2093 1668 predecessoris
2114 1629 2146 1655 et

270 1693 407 1729 nostris
430 1692 665 1739 jussionibus
692 1686 913 1727 resistendo.
943 1693 1127 1739 Aggravat
1153 1698 1272 1726 autem
1300 1691 1443 1737 culpam
1469 1702 1595 1724 eorum
1622 1690 1801 1736 exempli³
1826 1690 2049 1735 contagium,
2077 1701 2148 1734 quo

268 1759 400 1795 fideles
420 1766 489 1794 tam
511 1760 696 1806 principes
717 1771 823 1806 quam
846 1759 971 1806 populi
991 1758 1096 1793 facile
1118 1765 1270 1805 possent
1294 1758 1331 1791 in
1359 1757 1479 1791 debita
1504 1758 1582 1791 Deo
1607 1758 1760 1802 ejusque
1786 1756 1920 1790 vicario
1941 1755 2149 1789 obedientia

268 1833 308 1862 et
335 1826 532 1861 devotione
559 1827 759 1872 corrumpi,
791 1827 823 1861 si
853 1839 923 1872 qua
953 1838 998 1860 ex
1027 1825 1334 1860 dissimulationis
1364 1831 1488 1858 nostre
1523 1824 1694 1870 patientia
1722 1823 1868 1857 illorum
1901 1822 2148 1856 inobedientie

266 1893 482 1940 proveniret
508 1893 718 1936 auctoritas,
753 1893 890 1939 quibus
924 1893 1033 1927 fidem
1067 1892 1194 1938 prebet
1228 1892 1265 1926 in
1296 1891 1402 1938 plebe
1432 1891 1532 1925 fideli
1566 1891 1717 1924 scientia
1753 1890 1852 1931 fidei,
1884 1902 1953 1935 qua
1988 1890 2148 1923 eminere

266 1960 470 1995 ereduntur
489 1972 555 2006 per
574 1960 740 1994 doctrine
761 1960 922 1995 studium
944 1966 981 1994 et
999 1959 1211 1994 exercitium
1233 1958 1440 2005 discipline.
1469 1958 1632 2004 Insurgit
1651 1970 1797 2003 quoque
1824 1957 2002 1991 adversus
2022 1969 2147 1990 eorum

270 2026 440 2061 duritiam
467 2027 691 2074 arguendam
716 2039 791 2061 non
814 2027 934 2061 solum
962 2033 1086 2060 nostre
1112 2025 1367 2068 ordinationis,
1394 2037 1501 2071 quain
1526 2025 1764 2070 calumpniari
1789 2030 1980 2065 conantur,
2008 2023 2149 2069 equitas

267 2093 475 2136 manifesta,
490 2094 694 2128 communis
715 2094 880 2128 utilitatis
900 2093 1157 2140 compendium
1180 2092 1351 2127 omnibus
1372 2093 1529 2126 afferens
1549 2099 1584 2125 et
1604 2092 1741 2138 private
1756 2093 1898 2137 jacture
1916 2091 2146 2136 dispendium

271 2159 439 2206 cuiquam
466 2172 540 2194 non
569 2160 784 2206 importans,
811 2172 937 2195 verum
966 2160 1078 2194 eciam
1101 2161 1361 2206 juramentum,
1391 2171 1463 2205 quo
1490 2171 1530 2192 se
1560 2165 1685 2192 contra
1714 2158 1878 2203 ejusdem
1907 2157 2148 2192 ordinationis

272 2232 450 2268 tenorem,
485 2238 530 2260 ne
563 2227 693 2261 fratres
727 2227 829 2273 ipsos
864 2227 1071 2273 reciperent
1100 2226 1231 2266 donec,
1265 2232 1384 2260 utrum
1419 2226 1493 2259 sint
1526 2226 1563 2258 iu
1598 2225 1853 2271 magistrorum
1885 2231 1921 2257 et
1953 2223 2145 2257 scolarium

270 2292 496 2327 consortium
535 2292 782 2339 receptibiles,
819 2293 1012 2327 diffinitum
1052 2293 1162 2326 fucrit
1201 2299 1337 2327 temere
1375 2292 1635 2333 astrinxerunt,
1675 2303 1754 2324 cum
1790 2303 1834 2324 an
1870 2290 1978 2323 iidem
2018 2291 2147 2323 fratres

272 2358 568 2406 receptabilitatis
596 2358 807 2405 hujusmodi
833 2359 1072 2405 aptitudinem
1099 2358 1267 2401 habeant,
1297 2359 1415 2405 ipsius
1445 2358 1686 2392 ordinationis
1713 2357 1908 2391 auctoritas
1935 2356 2145 2402 ambiguum

271 2437 345 2459 non
375 2425 567 2471 relinquat.
600 2427 652 2460 De
682 2426 948 2472 compositione
977 2438 1065 2460 sane
1096 2426 1256 2472 predicta
1286 2426 1340 2459 cis
1370 2425 1607 2470 patrocinium
1642 2424 1772 2458 adesse
1803 2436 1875 2456 non
1907 2422 2028 2464 debet,
2064 2435 2144 2456 cum

270 2491 380 2526 fuerit
399 2504 442 2526 ex
462 2492 615 2538 quadam
636 2492 893 2539 impressionis
918 2492 1148 2539 improbitate
1175 2498 1396 2539 presumpta.
1423 2493 1497 2525 Nec
1522 2497 1678 2537 possunt
1703 2490 1747 2524 de
1774 2490 2003 2524 revocatione
2029 2490 2146 2535 ipsius

269 2564 331 2592 aut
350 2558 396 2592 de
421 2558 670 2593 mandatorum
698 2565 907 2593 nostrorum
933 2559 1250 2593 animadversione
1270 2559 1404 2605 justam
1430 2559 1587 2591 formare
1611 2557 1810 2603 querelam,
1833 2569 1912 2590 cum
1935 2557 1971 2589 in
1993 2557 2145 2603 deroga-

270 2625 405 2660 tionem
445 2625 687 2659 ordinationis
726 2632 851 2659 nostre
889 2638 930 2659 ac
969 2625 1268 2672 impedimentum
1308 2624 1514 2670 theologice
1553 2623 1732 2658 facultatis
1767 2623 1891 2657 eadem
1929 2623 2145 2669 compositio

269 2697 475 2738 attemptata
499 2691 643 2734 fuisset,
669 2698 706 2726 et
729 2704 794 2739 per
819 2704 1053 2738 consequens
1078 2693 1116 2726 in
1144 2691 1347 2738 periculum
1372 2690 1458 2725 fidei
1483 2690 1698 2732 orthodoxe,
1727 2702 1797 2736 que
1818 2690 1913 2724 sicut
1933 2689 2145 2736 proficiente

269 2762 372 2792 'sacre
392 2758 524 2805 pagine
545 2758 668 2793 studio
689 2758 952 2793 incrementum
974 2759 1104 2805 recipit
1124 2765 1160 2793 et
1179 2759 1356 2805 vigorem,
1383 2758 1435 2792 sie
1461 2757 1653 2791 deficiente
1681 2757 1920 2803 pernitiosum
1943 2757 2145 2790 incurreret

269 2823 539 2859 detrimentum.
569 2825 662 2860 Cum
692 2825 799 2860 etiam
828 2825 992 2860 mandata
1026 2826 1187 2872 predicta
1217 2825 1286 2859 sub
1318 2838 1358 2859 ea
1386 2824 1647 2859 moderationis
1674 2825 1788 2857 forma
1816 2823 2076 2869 processerint,
2109 2830 2142 2856 ιιι

268 2885 564 2933 obtemperantes
583 2887 723 2922 eisdem
744 2894 912 2922 contenta
937 2888 975 2922 in
999 2887 1074 2922 illis
1098 2887 1428 2922 animadversionis
1453 2886 1630 2921 severitas
1655 2898 1728 2920 non
1753 2886 1890 2928 feriret,
1912 2892 2059 2931 apparet
2081 2898 2144 2930 per

269 2963 311 2987 ea
338 2964 412 2996 non
438 2952 687 2989 obedientium
714 2953 958 2989 innocentiam
986 2954 1044 2991 vel
1071 2955 1242 3001 preterite
1273 2953 1487 2988 rebellionis
1514 2952 1640 2999 culpas
1668 2952 1819 2998 percuti,
1848 2951 1913 2986 sed
1942 2951 2143 2985 insolentes
