2580 3528
473 388 539 420 402
1057 400 1380 423 CHARTULARIUM
1414 401 1606 424 UNIVERS.
1643 402 1773 425 mes.
2253 395 2352 436 [1259

473 471 610 516 gnitate
636 479 759 505 nostra
785 480 940 506 mentem
966 480 1110 507 sumant
1133 474 1278 507 consilii
1302 474 1470 507 sanioris.
1497 476 1574 508 Dat.
1599 475 1766 520 Anagnie
1790 476 1826 521 iij
1850 477 1899 510 id.
1923 477 2094 523 Augusti,
2120 477 2351 522 pontificatus

473 538 591 571 nostri
616 550 710 572 anno
736 539 875 584 quinto.

567 636 702 667 Originale
718 636 743 659 in
755 637 831 660 Arch.
848 640 902 661 nat.
917 637 1001 660 Paris.
1018 637 1045 661 L.
1062 638 1115 666 253,
1132 642 1161 660 n⁰
1176 639 1230 661 252.
1245 638 1322 661 Deest
1341 638 1415 661 bulla
1438 637 1573 669 plumbea.
1590 638 1618 662 ln
1633 638 1743 663 membr.
1760 647 1854 663 aversa
1870 647 1876 663 ι
1894 648 1906 664 «
1921 641 2120 664 Predicatormn
2135 649 2157 664 ».
2174 641 2257 666 Me'm.
2274 642 2350 667 dela

472 681 533 705 Soc.
545 681 578 704 [le
591 680 673 705 l'hist.
688 682 721 704 cle
733 681 819 707 Paris
836 685 860 706 et
873 682 905 705 de
916 681 1154 710 z’lle-de-France,
1170 683 1199 710 X,
1217 683 1270 706 266.

566 764 587 787 1.
607 765 712 788 Petrum
729 765 760 788 de
775 764 884 788 Divione
899 768 924 788 et
941 765 1070 788 'rhomam
1092 765 1123 788 de
1144 765 1273 788 Cussello.
1290 765 1354 788 Vide
1378 773 1460 796 supra
1475 769 1503 788 n⁰
1524 766 1578 790 343.
1593 779 1624 783 —-—
1639 767 1661 790 2.
1682 767 1753 790 Inter
1768 767 1821 790 alia
1837 767 2019 799 petitionibus,
2035 772 2064 793 ut
2077 770 2220 802 privilegia
2235 770 2349 794 Univer-

469 807 556 831 sitatis
572 812 730 832 renoventur
746 809 814 838 (vide
830 809 1095 841 supi'a1105349-351),
1112 812 1137 832 et
1151 812 1180 832 ut
1194 817 1242 840 pro
1258 809 1386 840 impensis
1402 809 1589 833 Universitatis
1605 810 1639 833 ab
1654 811 1777 834 omnibus
1792 813 1943 835 conferatur
1959 814 2050 844 (supra
2065 818 2094 837 n⁰
2108 815 2171 846 352).

467 999 580 1036 354.
604 1009 782 1043 Reginaldus
798 1010 948 1045 episcopus
963 1010 1142 1035 Parisiensis
1155 1010 1256 1047 plures
1271 1011 1410 1047 epistolas
1427 1012 1531 1038 summi
1538 1012 1687 1048 pontificis
1703 1013 1732 1038 in
1743 1013 1915 1049 praesentia
1926 1014 2097 1040 artistarum
2107 1023 2143 1040 ac
2158 1015 2347 1050 quorumdam

556 1058 757 1092 magistr-orum
774 1062 801 1083 et
813 1058 987 1084 scholarium
1003 1059 1214 1085 Parisiensium
1230 1059 1287 1094 legi
1300 1061 1375 1094 facit
1390 1060 1530 1096 adjuncta
1546 1061 1741 1087 admonitione
1756 1061 1792 1088 de
1807 1061 1996 1089 admittendis
2011 1063 2154 1097 fratribus
2164 1063 2205 1090 ad
2219 1065 2346 1100 ipsorum

555 1107 736 1141 consortium,
754 1106 790 1132 de
805 1106 976 1133 abstinendo
992 1116 1010 1133 a
1023 1107 1223 1143 publicatione
1239 1108 1400 1135 libellorum
1416 1113 1516 1136 contra
1531 1111 1650 1145 fratres,
1669 1114 1696 1136 et
1712 1110 1748 1136 de
1763 1109 1842 1137 aliis.
2340 1113 2345 1117 ’

1619 1200 1695 1229 1259.
1711 1200 1871 1232 Septembris
1882 1201 1928 1230 24,
1945 1201 2059 1228 Par-kik.

554 1278 778 1323 Reginaldus
822 1279 1056 1312 miseratione
1100 1280 1220 1313 divina
1264 1281 1483 1315 Parisiensis
1527 1282 1682 1315 ecclesie
1726 1283 1893 1316 minister
1935 1283 2111 1330 indignus
2159 1285 2344 1320 universis

463 1352 653 1390 presentes
680 1345 817 1378 litteras
843 1346 1064 1390 inspecturis
1090 1346 1243 1380 salutem
1270 1348 1307 1380 in
1332 1348 1500 1381 Domino.
1529 1349 1683 1382 Litteras
1709 1350 1841 1382 summi
1867 1350 2050 1395 pontificis
2075 1351 2282 1400 recepimus
2303 1352 2344 1401 in

462 1411 528 1443 hec
558 1411 667 1444 verba
691 1423 697 1443 :
722 1426 737 1442 «
761 1411 967 1445 Alexander
990 1439 1053 1445 .....
1078 1414 1131 1446 Ex
1157 1413 1228 1446 alto
1254 1414 1369 1447 fuisse
1397 1415 1646 1460 conspicimus
1669 1430 1699 1455 »,
1724 1421 1787 1450 etc.
1820 1415 1911 1460 (vide
1938 1428 2049 1462 supra
2075 1424 2111 1450 n⁰
2135 1419 2223 1462 342).
2252 1419 2341 1452 Item

460 1477 549 1510 alias
571 1478 708 1511 litteras
739 1478 870 1511 summi
901 1479 1084 1524 pontificis
1109 1480 1316 1525 recepimus
1339 1481 1376 1514 in
1400 1481 1467 1514 hec
1493 1481 1602 1515 verba
1631 1494 1637 1515 :
1667 1497 1682 1513 «
1706 1482 1913 1516 Alexander
1931 1509 1995 1516 .....
2023 1483 2219 1517 Multorum
2249 1484 2342 1518 rela*

461 1544 559 1577 tione
583 1558 612 1586 »,
640 1550 702 1578 etc.
730 1545 819 1588 (vide
842 1557 952 1590 supra
979 1550 1016 1578 n⁰
1040 1548 1128 1590 339).
1153 1547 1309 1592 Insuper
1330 1555 1365 1581 et
1385 1548 1472 1581 alias
1494 1549 1658 1594 ejusdem
1681 1549 1813 1582 summi
1834 1549 2017 1595 pontificis
2037 1550 2176 1584 litteras
2201 1551 2341 1597 recepi-

460 1614 542 1643 mus
564 1611 599 1643 in
620 1611 685 1644 hec
706 1611 815 1644 verba
839 1623 845 1644 t
870 1626 886 1643 «
909 1612 1115 1646 Alexander
1134 1640 1198 1646 .....
1217 1614 1307 1648 Cum
1330 1626 1396 1647 nec
1417 1615 1541 1648 artiste
1563 1615 1790 1649 parisienses
1814 1630 1844 1657 n,
1866 1621 1929 1650 etc.
1953 1615 2043 1660 (vide
2061 1628 2171 1662 supra
2192 1621 2230 1650 n⁰
2249 1618 2338 1662 338).

550 1678 713 1710 Prodicta
739 1685 856 1711 autem
887 1679 1051 1712 mandata
1081 1680 1280 1725 apostolica
1311 1681 1472 1727 exceptis
1502 1681 1677 1715 clausulis
1708 1681 1794 1724 illis,
1824 1694 1894 1727 que
1925 1682 1969 1715 de
2000 1683 2162 1716 Guilloto
2193 1683 2340 1718 bedello

458 1744 595 1776 faciunt
624 1745 877 1786 mentionem¹,
908 1757 998 1790 quas
1023 1746 1067 1779 ad
1093 1759 1222 1792 preces
1245 1747 1426 1780 bonorum
1453 1748 1639 1794 publicare
1665 1748 1887 1790 distulimus,
1915 1748 2180 1794 publicavimus
2205 1756 2242 1784 et
2265 1750 2339 1797 legi

459 1810 604 1855 publice
631 1811 782 1843 fecimus
813 1824 931 1845 coram
964 1812 1071 1846 nobis
1103 1813 1140 1846 in
1172 1814 1271 1847 curia
1302 1821 1425 1847 nostra
1458 1815 1655 1848 Parisiensi
1682 1827 1776 1848 anno
1805 1815 1951 1848 Domini
1979 1815 2173 1849 millesimo
2203 1816 2339 1850 dueen-

457 1877 587 1909 tesimo
618 1878 923 1923 quinquagesimo
953 1891 1065 1921 nono,
1091 1879 1150 1912 die
1179 1880 1350 1913 mercurii
1376 1888 1460 1926 post
1483 1882 1615 1915 festum
1642 1881 1737 1915 beati
1766 1881 1900 1915 Mathei
1929 1882 2097 1927 apostoli,
2130 1883 2338 1917 convocatis

458 1950 607 1988 propter
636 1944 703 1977 hoc
734 1945 908 1990 predictis
938 1946 1143 1979 rectoribus
1170 1953 1205 1980 et
1229 1947 1366 1980 artistis
1389 1960 1428 1981 ac
1452 1948 1533 1981 aliis
1559 1948 1744 1994 magistris
1768 1955 1803 1982 et
1824 1948 2028 1982 scolaribus
2053 1949 2336 1992 Parisiensibus,

458 2017 494 2043 et
523 2011 755 2055 presentibus
785 2012 891 2045 dictis
920 2013 1125 2046 rectoribus
1150 2026 1189 2047 ae
1215 2014 1383 2059 pluribus
1406 2015 1592 2060 magistris
1618 2022 1653 2048 et
1677 2015 1881 2048 scolaribus
1906 2015 2188 2058 parisiensibus,
2214 2023 2338 2051 aucto-

458 2077 561 2109 ritate
591 2077 726 2110 domini
758 2091 847 2124 pape
878 2080 1038 2124 predicta
1064 2080 1203 2113 eisdem
1228 2081 1307 2114 viva
1333 2093 1422 2114 voce
1447 2082 1707 2127 precipientes,
1736 2089 1775 2115 ut
1800 2082 1892 2115 infra
1918 2082 2126 2127 quindecim
2152 2083 2231 2116 dies
2254 2090 2338 2129 post

456 2143 666 2188 hujusmodi
703 2153 912 2190 preceptum
950 2146 1135 2191 predictos
1171 2148 1301 2180 fratres
1337 2160 1376 2181 ac
1411 2147 1502 2181 alios
1532 2148 1576 2182 ab
1607 2149 1661 2182 eis
1692 2149 1866 2194 expulsos
1902 2161 1920 2182 a
1957 2149 2130 2182 societate
2167 2162 2232 2183 seu
2268 2162 2336 2184 suo

456 2211 641 2243 consortio
672 2211 707 2243 in
739 2224 843 2244 suum
874 2213 1099 2246 consortium
1125 2226 1191 2246 seu
1217 2214 1426 2247 societatem
1453 2214 1643 2248 admittere
1669 2222 1850 2257 curarent,
1877 2222 1912 2249 et
1937 2216 2118 2249 admissos
2144 2216 2336 2250 efficaciter

456 2277 668 2319 retinerent,
693 2278 891 2311 inhibendo
916 2279 1053 2312 eisdem
1077 2292 1121 2313 ne
1142 2280 1274 2313 similia
1295 2281 1465 2314 ‹lecetero
1487 2288 1755 2327 attemptarent,
1784 2289 1819 2315 et
1846 2294 1891 2315 ne
1913 2282 2134 2315 restitutioni
2155 2282 2334 2317 dictorum

455 2343 603 2376 fratrum
631 2345 770 2377 occulte
794 2345 851 2378 vel
876 2345 1020 2390 publice
1045 2353 1106 2379 aut
1129 2346 1199 2379 alio
1223 2359 1443 2392 quocunque
1467 2348 1575 2381 modo
1598 2360 1638 2381 se
1660 2355 1901 2394 opponerent,
1927 2355 1962 2382 et
1984 2361 2028 2382 ne
2053 2348 2165 2394 aliqui
2187 2348 2334 2385 libellos

455 2410 614 2443 famosos
638 2411 673 2443 in
700 2411 879 2445 infamiam
900 2419 935 2445 et
955 2413 1215 2446 detractionem
1237 2414 1400 2459 ipsorum
1422 2415 1571 2447 fratrum
1594 2415 1715 2452 edere,
1737 2415 1901 2449 detinere
1921 2415 1979 2449 vel
1999 2415 2185 2460 publicare
2206 2427 2335 2461 presu-

456 2484 607 2509 merent.
640 2478 785 2510 Eisdem
817 2478 1077 2512 nichilominus
1107 2480 1338 2525 precepimus
1365 2487 1399 2514 et
1425 2481 1588 2514 districte
1614 2481 1854 2524 inhibuimus,
1880 2494 1925 2515 ne
1949 2481 2088 2515 litteras
2112 2481 2251 2527 aliquas
2274 2481 2333 2516 vel

456 2543 616 2584 nuntios,
649 2544 782 2588 quibus
808 2552 921 2578 status
946 2545 1066 2579 bonus
1092 2547 1203 2579 studii
1230 2547 1448 2580 Parisiensis
1474 2554 1509 2581 et
1534 2548 1793 2594 religiosorum
1819 2555 1855 2581 et
1878 2548 2031 2582 aliorum
2057 2547 2334 2593 quomodolibet

456 2608 593 2641 turbari
624 2617 759 2654 posset,
792 2611 994 2645 Guillermo
1021 2613 1065 2645 de
1092 2613 1222 2646 Sancto
1245 2614 1379 2646 Amore
1403 2614 1545 2647 mittere
1567 2614 1625 2648 vel
1652 2614 1695 2648 ab
1719 2614 1848 2648 eodem
1871 2615 2034 2660 recipere
2064 2620 2330 2659 presumerent,

455 2676 695 2708 communiter
717 2677 772 2710 vel
797 2678 955 2720 divisim,
980 2679 1224 2724 precipientes
1250 2680 1402 2725 insuper
1426 2681 1517 2725 ipsis
1548 2680 1753 2714 rectoribus
1779 2688 1814 2715 et
1838 2681 1987 2722 artistis,
2014 2692 2060 2713 ne
2086 2681 2130 2714 de
2154 2681 2331 2715 faciendis

455 2747 491 2773 et
512 2742 740 2786 corrigendis
764 2745 995 2778 sermonibus
1018 2758 1057 2778 ac
1079 2745 1310 2779 licentiandis
1333 2746 1391 2788 iis,
1417 2747 1479 2791 qui
1502 2747 1681 2792 incipiunt
1703 2747 1740 2780 in
1762 2747 1968 2793 theologica
1990 2746 2170 2788 facultate,
2194 2747 2332 2792 aliqua-

455 2813 562 2840 tenus
598 2820 637 2840 se
673 2809 966 2853 intromitterent,
998 2811 1207 2845 intimantes
1238 2813 1376 2846 eisdem
1407 2813 1505 2858 quod
1542 2813 1594 2846 illi
1625 2813 1687 2858 qui
1724 2820 1848 2847 contra
1878 2814 2056 2859 premissa
2089 2813 2147 2847 vel
2182 2813 2329 2859 aliquod

454 2874 715 2917 premissorum
746 2877 912 2910 venirent
936 2877 993 2911 vel
1018 2878 1190 2921 facerent,
1218 2879 1298 2924 ipso
1322 2879 1414 2912 facto
1438 2880 1823 2914 excommunicationis
1847 2880 2062 2913 sententiam
2086 2880 2327 2922 incurrerent,

453 2952 471 2972 a
508 2952 577 2985 qua
613 2942 819 2975 nullatenus
849 2943 988 2977 absolvi
1022 2944 1197 2987 valerent,
1229 2946 1300 2978 nisi
1330 2946 1572 2990 personaliter
1600 2946 1817 2980 accederent
1851 2947 1896 2980 ad
1932 2946 2056 2980 sedem
2093 2946 2327 2992 apostolicam

578 2999 617 3024 51,
625 3000 701 3016 mr*-
