2618 3640
507 439 552 472 56
1093 449 1412 472 CHARTULARIUM
1447 449 1638 471 umvssns.
1675 449 1803 471 rmus.

509 535 631 568 parem
657 535 731 556 non
755 522 864 556 habet
890 524 958 557 iste
984 523 1100 556 locus.
1123 524 1220 557 Pons
1240 530 1358 556 autem
1379 524 1523 557 Parvus
1547 529 1608 556 aut
1631 523 1944 568 pretereuntibus,
1971 530 2032 556 aut
2057 522 2312 569 spatiantibus,
2333 530 2396 557 aut

509 590 782 636 disputantibus
815 590 947 636 logicis
976 590 1156 623 didicatus
1184 597 1251 623 est.
1269 591 1324 622 ·In
1353 591 1433 634 ejus
1466 589 1587 623 insule
1619 589 1703 622 sinu
1731 589 1896 635 precelsa
1926 589 2048 635 palatii
2076 590 2212 636 regalis
2240 589 2394 624 altitudo

509 657 714 703 consurgit,
737 669 806 703 que
828 657 939 691 totius
965 657 1120 690 urbibus
1141 656 1321 702 capitibus
1342 656 1498 689 humero⁴
1516 656 1673 689 minatur
1692 656 1832 689 audaci.
1855 658 1940 689 Eam
1962 669 2036 690 non
2057 663 2194 690 tantum
2215 656 2395 691 mirabilis

508 737 661 770 operum
683 731 875 768 structura,
899 731 1071 770 quantum
1093 724 1229 757 nobilis
1250 723 1349 756 illius
1372 723 1476 768 regni
1498 723 1699 757 reverenda
1720 724 1951 757 commendat
1969 724 2165 758 auctoritas
2184 736 2191 757 ε

1010 796 1062 819 lien
1077 799 1117 819 est
1131 795 1179 818 illa
1194 795 1297 823 domus,
1315 795 1477 818 Francorum
1492 794 1588 826 gloria,
1605 803 1719 827 quorum

1042 841 1173 871 Perpetua
1188 840 1280 863 laudes
1297 840 1385 862 secula
1401 839 1479 862 laude
1494 843 1597 863 canent.

1010 885 1063 908 Hec
1078 887 1118 907 est.
1133 884 1179 907 illa
1194 885 1288 907 domus
1305 883 1379 915 cujus
1396 884 1495 907 ditione
1510 887 1614 908 tenetur

1041 929 1127 953 Gallia
1143 930 1225 952 Marte
1240 931 1344 960 potens,
1362 928 1488 952 Flundria
1502 929 1577 952 dives
1593 937 1683 960 opum.

1010 974 1062 996 Hec
1077 977 1118 996 est
1132 973 1178 996 illa
1194 973 1288 996 domus
1304 973 1379 1004 cujus
1395 973 1551 1004 Burgundia
1567 976 1711 1005 sceptrum,

1040 1017 1185 1041 Normnnni
1200 1017 1352 1049 imperium,
1371 1017 1493 1041 Britones
1509 1026 1584 1041 arma
1598 1018 1700 1042 timent.

509 1077 550 1109 In
571 1076 635 1109 hac
660 1075 779 1109 insula
806 1075 928 1120 regale
950 1075 1021 1108 sibi
1042 1075 1174 1108 solium
1202 1075 1246 1108 ab
1273 1075 1422 1120 antiquo
1449 1075 1604 1108 filosofia
1630 1075 1835 1118 collocavit,
1857 1087 1928 1121 que
1954 1075 2032 1109 sola
2053 1075 2133 1109 solo
2154 1076 2286 1109 comite
2307 1088 2396 1110 con-

509 1149 605 1176 tenta
626 1143 761 1183 studio,
784 1142 1019 1187 perhemnem
1046 1141 1139 1175 lucis
1170 1148 1206 1175 et
1234 1141 1514 1175 immortalitatis
1542 1142 1740 1187 possidens
1770 1154 1903 1185 arcem,
1934 1143 2133 1176 victorioso
2161 1143 2255 1189 pede
2282 1143 2397 1177 calcat

510 1210 635 1242 mundi
657 1210 731 1254 jam
754 1209 894 1254 pridem
921 1209 1150 1242 senescentis
1175 1209 1316 1242 aridum
1345 1209 1486 1242 ssorem.
1514 1210 1556 1242 In
1583 1209 1649 1243 hac
1678 1209 1799 1243 insula
1829 1216 2041 1255 perpetuam
2070 1209 2141 1243 sibi
2166 1202 2393 1244 mansionem

510 1282 648 1321 septem
682 1276 857 1321 pepigere
887 1287 1049 1318 sorores,
1083 1282 1179 1309 artes
1213 1276 1386 1309 videlicet
1419 1275 1625 1318 liberales’,
1662 1282 1699 1309 et
1731 1276 1919 1309 intonante
1954 1276 2148 1310 nobilioris
2184 1276 2395 1322 eloquentie

509 1342 619 1376 thuba
640 1342 785 1375 decreta
806 1342 980 1388 leguntur
1004 1349 1040 1375 et
1063 1342 1179 1388 leges.
1203 1343 1268 1375 Hic
1295 1343 1379 1375 fons
1405 1343 1570 1376 doctrine
1597 1342 1766 1376 salutaris
1794 1342 1981 1385 exuberat,
2004 1349 2052 1385 et,
2075 1343 2179 1388 quasi
2199 1349 2274 1377 tres
2294 1343 2395 1377 rivos

509 1421 552 1443 ex
573 1421 612 1443 se
638 1409 917 1455 limpidissimos
942 1410 987 1443 ad
1013 1416 1112 1455 prata
1137 1410 1313 1443 mentium
1339 1409 1525 1455 irriganda
1550 1410 1773 1455 producens,
1796 1409 1926 1443 dividit
1950 1409 2143 1455 tripliciter
2168 1398 2394 1444 intellectum

508 1488 610 1510 sacre
631 1477 763 1522 pagine
785 1477 983 1522 spiritalem
1006 1477 1043 1510 in
1064 1476 1303 1522 hystoricum,
1325 1476 1578 1522 allegoricum,
1601 1483 1637 1510 et
1656 1476 1866 1510 moralein⁸.

598 1544 807 1588 Propterea,
825 1543 1076 1586 dilectissime,
1095 1555 1238 1589 precor,
1257 1549 1293 1577 et
1312 1543 1590 1588 precordialiter
1610 1543 1770 1577 brachiis
1787 1543 1932 1577 sincere
1949 1543 2159 1577 dilectionis
2179 1550 2280 1577 tuum
2301 1543 2396 1577 illud

508 1610 795 1643 amantissimum
823 1610 933 1643 michi
960 1617 1087 1656 pectus
1115 1610 1327 1656 amplector,
1356 1617 1407 1652 ut,
1439 1609 1591 1655 abjectis
1619 1609 1904 1643 oblectationum
1931 1609 2151 1643 secularium
2182 1616 2218 1643 et
2246 1616 2280 1643 te
2307 1610 2396 1644 reti-

509 1677 631 1710 nentis
650 1677 720 1710 ocii
742 1677 1015 1719 blandimentis,
1038 1678 1069 1710 si
1090 1677 1251 1710 difficilis
1278 1683 1334 1710 est
1357 1677 1401 1710 ad
1428 1677 1659 1719 solvendum,
1682 1677 1811 1722 pocius
1838 1684 1874 1710 et
1898 1677 2001 1710 ocius
2027 1688 2155 1722 rumpe
2176 1676 2393 1719 funiculum,

508 1744 635 1777 venire
655 1744 833 1777 festinans
854 1743 898 1777 ad
918 1756 989 1786 me,
1011 1751 1081 1777 tam
1102 1751 1252 1790 propter
1272 1756 1431 1778 amorem
1454 1756 1589 1786 meum,
1610 1756 1717 1789 quam
1738 1750 1888 1789 propter
1909 1743 2092 1777 celebrem
2113 1743 2247 1786 locum,
2265 1743 2303 1776 in
2321 1755 2395 1789 quo

508 1811 630 1856 possis
651 1811 803 1856 adipisci
825 1823 946 1844 rerum
968 1811 1170 1845 divinarum
1192 1811 1505 1857 humanarumque
1526 1811 1729 1853 scientiam,
1750 1811 1916 1844 notitiam
1937 1810 2130 1853 nobilium,
2149 1810 2394 1856 probabilium

509 1878 674 1923 gratiam,
696 1878 887 1911 amicitiam
908 1878 1182 1924 plurimorum‘.

601 1958 671 1982 Bibl.
686 1958 757 1982 civit.
774 1959 950 1990 Luxemhurg.
968 1967 1015 1982 ms.
1029 1959 1075 1983 lat.
1094 1960 1132 1988 28,
1148 1960 1193 1983 fol.
1210 1959 1248 1982 11.
1258 1973 1289 1977 —
1300 1959 1328 1983 Ε.
1345 1959 1444 1991 Berger
1459 1959 1486 1983 in
1501 1959 1629 1984 Bulletin
1642 1960 1676 1984 de
1692 1959 1721 1990 la
1736 1958 1843 1984 Socie'cd
1855 1959 1889 1983 de
1901 1957 1985 1983 l'hist.
1998 1959 2031 1982 de
2047 1957 2143 1986 Paris,
2163 1958 2233 1987 1877,
2245 1965 2274 1989 p.
2292 1957 2332 1986 38,
2344 1957 2396 1982 -uh'i

507 2002 605 2026 dicitur
619 2003 760 2035 epistolam
771 2012 828 2027 esse
840 2003 967 2035 scriptam
984 2013 995 2026 (ι
1012 2012 1071 2027 vers
1086 2005 1146 2027 1175
1161 2013 1181 2028 ».

603 2070 625 2093 1.
642 2070 679 2093 De
694 2070 750 2101 ejus
764 2070 871 2102 scriptis
887 2072 920 2094 cs.
938 2071 1015 2094 Riant
1030 2071 1055 2094 in
1068 2071 1162 2095 Revue
1174 2072 1208 2096 cle
1222 2072 1413 2102 Champayne,
1428 2072 1447 2100 Ι,
1462 2080 1490 2103 p.
1501 2072 1513 2095 1
1530 2079 1589 2103 sqq.
1600 2085 1631 2089 —-
1643 2072 1665 2094 2.
1678 2071 1755 2094 Clare
1770 2070 1813 2094 hic
1827 2069 1985 2102 exprimitur
2000 2072 2070 2093 artes
2085 2068 2210 2092 liberales
2231 2071 2293 2092 tunc
2308 2068 2396 2092 adhuc

508 2114 534 2138 in
550 2114 637 2138 insula
655 2123 712 2138 esse
728 2115 848 2138 traditas.
867 2116 895 2138 In
911 2115 968 2138 vico
984 2116 1144 2140 Gai-landino
1159 2117 1268 2140 artistne
1284 2120 1386 2140 tantum
1403 2120 1464 2148 post
1479 2125 1520 2139 un.
1538 2116 1599 2139 1202
1615 2115 1696 2146 (infra
1711 2118 1788 2147 parte
1805 2115 1825 2143 I,
1845 2115 1915 2145 n⁰.2)
1931 2113 2114 2138 morabantur.
2132 2113 2198 2137 Vide
2213 2113 2322 2142 Denisse,
2342 2113 2397 2138 Die

512 2158 731 2184 Universitaeten
748 2161 795 2184 des
814 2160 999 2188 Mitcelalters,
1017 2161 1036 2188 1,
1057 2162 1103 2183 663
1124 2169 1193 2192 sqq.y
1215 2164 1240 2184 et
1260 2169 1341 2193 supra
1361 2161 1388 2184 in
1408 2161 1553 2193 prooemio.
1575 2174 1603 2178 —
1621 2161 1645 2184 3.
1666 2160 1743 2189 Quod
1765 2160 1799 2183 ad
1820 2159 1988 2188 medicinam,
2013 2166 2081 2190 quae
2100 2158 2143 2181 hic
2162 2157 2394 2189 praetermittitur,

508 2203 610 2231 attinet,
628 2203 687 2227 vide
707 2204 776 2227 infra
796 2208 871 2235 parte
892 2205 901 2228 1
918 2205 950 2228 ad
971 2209 1021 2228 num
1032 2206 1055 2228 8.
1069 2219 1101 2222 —
1115 2206 1139 2229 [ι.
1160 2206 1256 2229 Auctor
1276 2214 1400 2229 enarrare
1417 2205 1588 2238 prosequitur
1603 2205 1635 2228 de
1655 2207 1740 2228 morte
1760 2204 1900 2236 cujusdam
1916 2203 2004 2232 amici,
2026 2202 2131 2226 nomine
2147 2202 2275 2227 Guidonis
2291 2201 2394 2226 militis.

509 2333 588 2370 55.
613 2343 758 2368 statutum
773 2342 903 2378 episcopi
918 2342 1052 2368 Mam-itii
1067 2346 1094 2368 et
1109 2342 1232 2379 capituli
1247 2343 1424 2369 Parisiensis
1440 2351 1475 2369 ne
1491 2343 1556 2379 quis
1570 2342 1669 2369 domos
1685 2340 1861 2368 claustrales
1877 2340 1970 2367 alicui
1983 2339 2112 2366 scholari
2127 2339 2278 2366 conducat.

1822 2420 1978 2450 nso-1796.
1994 2419 2108 2446 Parisiis.

600 2492 652 2533 [...
677 2491 751 2523 Hoc
783 2502 929 2535 quoque
960 2497 1131 2535 presente
1161 2490 1373 2524 Theobaldo
1405 2491 1579 2536 episcopo
1611 2491 1797 2536 totiusque
1827 2489 1976 2536 capituli
2003 2495 2186 2523 conventu
2214 2492 2398 2522 annuente

511 2557 548 2588 in
571 2556 699 2589 eodem
720 2557 878 2601 capitulo
900 2563 1072 2590 statutum
1094 2564 1130 2590 et
1150 2557 1219 2590 sub
1239 2557 1465 2591 anathemate
1485 2557 1761 2591 corroboratum
1783 2563 1852 2599 est,
1873 2556 1971 2602 quod
1992 2555 2117 2589 nullus
2138 2554 2397 2588 canonicorum

512 2623 661 2655 domum
686 2634 787 2655 suam
814 2623 851 2655 in
877 2623 1036 2656 claustro
1064 2624 1171 2657 alicui
1199 2624 1423 2657 conduceret
1447 2636 1513 2657 nec
1539 2624 1695 2669 aliquem
1717 2624 1754 2656 in
1777 2623 1886 2656 domo
1907 2635 1972 2656 sua
1993 2622 2118 2667 precio
2143 2619 2398 2666 prenominato

515 2693 754 2734 procuraret].

600 2755 774 2788 Additum
806 2762 862 2789 est
892 2762 1058 2800 preterea
1085 2762 1249 2801 tempore
1275 2756 1413 2789 domini
1440 2757 1598 2789 Maur-itii
1630 2756 1795 2801 episcopi
1820 2762 1856 2788 et
1886 2754 2072 2788 communi
2097 2765 2251 2787 assensu
2277 2752 2398 2786 firma-

512 2829 600 2863 tum,
628 2834 674 2855 ne
699 2822 781 2867 quis
811 2822 1070 2855 canonicorum
1096 2822 1225 2855 domos
1251 2822 1464 2855 claustrales
1490 2822 1597 2855 alicui
1624 2822 1755 2855 scolari
1781 2821 2005 2854 conduceret
2024 2827 2085 2854 aut
2109 2820 2214 2853 etiam
2236 2830 2398 2852 commo-

514 2889 627 2922 daret.
650 2889 757 2932 Quod
778 2889 809 2922 si
830 2889 912 2933 quis
933 2889 1026 2921 forte
1046 2895 1288 2933 presumeret,
1310 2900 1376 2921 nec
1399 2889 1436 2921 in
1457 2888 1568 2921 choro
1591 2900 1658 2921 nec
1679 2888 1717 2921 in
1738 2887 1896 2933 capitulo
1918 2887 2146 2932 reciperetur
2166 2885 2210 2920 ab
2229 2885 2322 2919 aliis.

605 2974 689 2998 Livre
703 2973 770 2998 noir
786 2973 813 2996 in
828 2973 905 2997 Arch.
922 2976 975 2996 nat.
992 2973 1076 2996 Paris.
1092 2973 1119 2997 L.
1138 2973 1191 3001 177,
1207 2981 1234 3004 p.
1250 2973 1304 2997 338.
1318 2986 1349 2990 —-
1363 2973 1467 2996 Additio
1483 2981 1563 2996 manu
1578 2972 1719 3004 posteriori
1737 2973 1805 2996 fucta
1821 2975 1869 2996 est.

2612 3234 2618 3253 m.
2607 3159 2618 3213 ·„.'.ae1
2606 2739 2618 3148 <uz-a.m=flummmu-m..
2615 2720 2618 2724 .
