2580 3528
271 441 368 483 1231]
611 452 659 474 ΑΒ
692 451 799 474 Anno
832 451 911 474 mcc
944 451 1077 480 usqua
1111 452 1160 474 in
1194 451 1425 474 PHILlPPUM
1460 452 1501 475 1v
1535 452 1626 475 nac..
1663 453 1801 475 rame.
2085 444 2147 477 143

268 578 349 617 86.
374 587 526 623 Gregorius
545 588 591 613 IX
610 587 696 614 Petro
724 586 828 613 abbati
851 588 879 613 S.
907 587 1027 614 Victoris
1054 590 1083 613 et
1097 586 1193 623 priori
1210 587 1336 621 fratrum
1359 586 1600 613 Praedicator-um
1621 586 1717 613 Paris.
1741 586 1862 613 mandat
1890 590 1921 613 ut
1944 588 2098 622 magistros
2119 593 2146 615 et

357 636 514 671 scholares,
540 636 591 672 qui
611 637 640 662 in
663 637 836 662 sententiam
856 635 948 662 latam
966 636 1093 662 Parisiis
1113 636 1142 662 in
1160 635 1334 672 provinciali
1351 635 1475 662 Concilio
1496 639 1524 662 et
1545 635 1624 662 alias
1643 636 1794 662 occasione
1813 635 1950 662 librorum
1970 637 2150 663 naturalium

358 685 521 721 inciderint,
541 685 700 712 absolvant.

1481 734 1552 764 1231.
1568 734 1660 767 Aprilis
1674 735 1720 764 20,
1736 734 1862 761 Laterani.

361 836 382 843 ..
396 809 528 843 Abbati
563 809 684 843 Sancti
716 809 877 843 Victoris
911 816 946 842 et
959 835 981 842 ..
1018 809 1132 854 priori
1165 809 1315 842 fratrum
1350 809 1623 842 Predicatorum
1659 809 1834 842 Parisien.
1870 809 1961 843 Cum
1997 810 2149 843 salutem

267 876 468 910 animarum
498 887 654 922 querere
681 882 882 918 teneamur,
911 875 1124 909 occasiones
1154 875 1373 921 perditionis
1398 875 1588 921 cupientes
1614 882 1787 921 quantum
1814 876 1994 909 Dominus
2015 877 2150 922 permi-

267 942 359 976 serit
377 954 558 985 amovere,
581 942 795 976 discretioni
814 949 936 976 vestre
962 942 1188 988 presentium
1213 942 1426 975 auctoritate
1453 942 1680 984 mandamus,
1702 942 1874 988 quatinus
1899 943 2095 988 magistros
2116 950 2152 977 et

269 1009 445 1052 scolares,
467 1009 530 1055 qui
556 1009 593 1043 in
614 1009 832 1043 sententiam
857 1009 963 1043 latam
984 1009 1147 1043 Parisius
1168 1009 1205 1042 in
1226 1009 1441 1055 provinciali
1464 1009 1648 1043 Concilio¹
1671 1021 1737 1042 seu
1758 1009 1795 1042 in
1816 1010 2031 1043 sententiam
2054 1010 2151 1044 bone

267 1076 444 1110 memorie
466 1077 525 1110 R.²
546 1075 643 1110 tituli
664 1076 785 1110 Sancti
802 1075 975 1122 Stephani
995 1076 1033 1109 in
1049 1075 1152 1110 Celio
1170 1077 1294 1109 Monte
1315 1075 1521 1121 presbyteri
1541 1075 1737 1109 cardinalis
1757 1076 1950 1109 occasione
1971 1076 2149 1110 librorum

267 1142 498 1184 naturalium,
535 1142 597 1189 qui
631 1143 669 1176 in
704 1142 834 1176 eodem
859 1142 1026 1177 Concilio
1060 1142 1163 1176 fuere
1196 1141 1385 1188 prohibiti,
1421 1142 1643 1184 inciderunt,
1672 1143 1774 1188 juxta
1807 1142 1957 1176 sormam
1994 1143 2151 1177 ecclesie

267 1209 498 1251 absolvatis’,
521 1216 557 1243 et
571 1210 732 1255 injuncta
753 1210 807 1243 eis
827 1216 978 1255 propter
996 1209 1065 1243 hoc
1082 1209 1281 1255 penitentia
1301 1210 1522 1255 competenti
1539 1221 1651 1255 super
1666 1209 1998 1255 irregularitatibus
2023 1209 2151 1256 hujus-

267 1276 367 1310 modi
385 1276 578 1310 occasione
598 1276 795 1310 contractis
817 1276 969 1322 provide
990 1275 1226 1322 dispensetis.
1249 1276 1356 1319 Quod
1378 1276 1499 1309 sinon
1520 1275 1640 1318 ambo,
1661 1281 1741 1317 etc.,
1763 1275 1854 1309 alter
1871 1283 2046 1319 vestrum,
2068 1283 2149 1318 etc„

267 1344 347 1377 Dat.
371 1343 539 1377 Laterani
559 1343 606 1388 xij
628 1343 698 1376 kal.
722 1342 822 1385 Maii,
842 1355 937 1376 anno
958 1342 1099 1388 quinte.

360 1441 424 1472 Reg.
438 1441 495 1464 Vnt.
512 1441 635 1472 Gregorii
651 1441 684 1465 lx
699 1449 740 1464 an.
758 1443 781 1470 5,
797 1449 839 1473 ep.
855 1442 894 1470 40,
912 1442 956 1465 sol.
973 1441 1028 1465 82¹³.
1044 1455 1076 1459 —
1091 1442 1214 1465 Haure‘au
1232 1441 1259 1464 in
1273 1442 1383 1466 Notices
1399 1445 1425 1466 et
1439 1441 1556 1466 exeratis
1575 1442 1623 1466 des
1641 1448 1716 1469 mss„
1733 1441 1797 1469 XXI,
1817 1442 1839 1469 2,
1856 1450 1882 1473 p.
1900 1442 1953 1464 228.
1971 1442 2020 1465 Per
2034 1450 2151 1466 errorem

265 1485 293 1509 in
307 1484 364 1509 Lib.
381 1485 410 1513 A,
427 1485 472 1509 fol.
488 1486 543 1514 309,
559 1485 586 1509 in
600 1485 677 1510 Arcln
696 1494 784 1518 gener.
802 1485 865 1510 Ord.
882 1486 986 1515 Prned„
998 1494 1030 1510 ex
1041 1494 1093 1518 quo
1104 1486 1200 1518 Ripoll,
1213 1486 1290 1511 Bull.
1309 1486 1376 1511 Ord.
1391 1486 1505 1514 Praed.,
1522 1486 1541 1513 l,
1558 1487 1597 1513 33,
1614 1490 1643 1508 n⁰
1657 1486 1697 1514 43,
1714 1485 1854 1517 epistolum
1869 1486 2026 1517 publicavit,
2043 1487 2079 1518 vij
2096 1487 2150 1511 kal.

265 1529 327 1554 Maii
342 1529 494 1554 ascribitur.
510 1530 631 1562 Epistola
646 1530 745 1554 ibidem
760 1530 882 1555 mutilata
897 1530 993 1559 existit,
1010 1530 1110 1554 directa
1124 1531 1307 1554 tantummodo
1323 1539 1335 1554 (ι
1351 1530 1435 1562 priori
1451 1531 1563 1554 fratrum
1578 1530 1671 1553 Praed.
1689 1530 1773 1553 Paris.
1792 1541 1813 1558 ι,
1830 1531 1951 1562 quumvis
1967 1531 1993 1554 in
2009 1532 2059 1555 fine
2077 1532 2152 1555 inve-

265 1573 355 1598 niatur
369 1575 484 1598 formula
497 1585 506 1595 «
523 1574 600 1603 Quod
611 1574 633 1599 si
645 1583 697 1598 non
712 1575 790 1599 ambo
850 1575 918 1599 alter
932 1578 1050 1599 vestrum
1063 1586 1083 1599 ι.
1100 1574 1285 1607 interpretatio
1298 1574 1396 1607 Ripolli
1409 1575 1482 1605 (ibid.
1499 1578 1561 1598 nota
1577 1575 1599 1607 5)
1610 1574 1689 1606 hujus
1701 1575 1830 1606 formulae
1846 1575 1921 1604 falsu,
1938 1579 1963 1599 et
1976 1579 2029 1599 tota
2045 1576 2152 1600 rubrica

265 1626 280 1644 e
293 1618 425 1649 Pottlnnt,
438 1623 469 1643 n⁰
483 1620 554 1649 8725,
570 1619 732 1644 eliminanda
746 1623 795 1644 est.

359 1703 383 1727 1.
401 1702 466 1727 Vide
490 1711 573 1736 supra
597 1709 626 1727 n⁰
647 1703 686 1728 11.
705 1717 737 1722 —
757 1705 779 1728 2.
800 1704 916 1728 Roberti.
938 1704 977 1728 Cf.
1003 1711 1086 1736 supra
1106 1707 1135 1727 n⁶
1149 1704 1188 1728 20.
1210 1717 1243 1723 -
1265 1705 1288 1728 3.
1313 1703 1363 1728 Adi
1387 1707 1526 1736 praeterea
1547 1704 1649 1728 litteras
1673 1707 1812 1736 sequentes
1833 1707 1860 1728 et
1882 1706 1915 1728 cl'.
1942 1705 2037 1736 Rogeri
2063 1705 2151 1729 Bncon

270 1748 421 1780 compend.
433 1749 510 1773 stud.
523 1748 615 1778 theol„
631 1749 703 1781 apud
716 1748 836 1778 charles,
853 1749 947 1780 Roqer
961 1750 1069 1777 Bacon.
1084 1757 1111 1780 p.
1127 1749 1183 1773 1112.

265 1919 341 1958 87.
367 1929 519 1965 Gregorius
549 1930 593 1956 IX
611 1929 759 1965 magistris
783 1929 933 1956 Guillelmo
955 1929 1161 1956 archidiacono
1182 1929 1359 1965 Belvacensi,
1393 1930 1502 1956 Simoni
1529 1929 1566 1956 de
1595 1929 1688 1956 Alteis
1710 1929 1908 1964 Ambianensi,
1945 1929 2090 1966 Stephano
2115 1930 2151 1956 de

354 1978 477 2005 pruvino
497 1978 632 2005 Remensi
650 1979 797 2005 canonicis
817 1978 939 2006 mandat
960 1983 991 2005 ut
1012 1978 1102 2006 libros
1125 1978 1305 2006 naturalium
1324 1979 1450 2005 Parisiis
1470 1979 1499 2005 in
1521 1978 1646 2005 Concilio
1662 1978 1836 2015 provinciali
1851 1979 2014 2016 prohibitos
2038 1980 2151 2006 erami-

354 2030 431 2063 nent,
449 2030 479 2055 et
493 2035 570 2064 quae
585 2027 628 2055 ibi
641 2035 762 2055 erronea
776 2037 828 2055 seu
842 2027 978 2055 scandali
992 2027 1152 2064 legentibus
1168 2027 1282 2055 illativa
1297 2029 1463 2064 invenerint,
1478 2029 1596 2065 penitus
1612 2031 1748 2055 resecent.

1482 2118 1554 2148 1231,
1569 2118 1662 2150 Api-ms
1674 2119 1719 2148 23,
1735 2118 1862 2145 Laterani.

358 2190 546 2238 Magistris
578 2192 643 2229 W.
674 2191 930 2226 archidiacono
964 2191 1192 2235 Belvacensi,
1228 2191 1376 2238 Symoni
1411 2192 1455 2226 de
1496 2192 1629 2226 Alteis¹
1669 2191 1908 2226 Ambiancnsi
1952 2198 1988 2225 et
2022 2192 2072 2225 St.
2104 2192 2149 2225 de

267 2257 446 2292 Pruvino'
474 2257 645 2292 Remensi
671 2259 870 2293 canonicis.
899 2259 991 2293 Cum
1021 2259 1199 2305 sapientie
1225 2270 1326 2292 sacre
1352 2259 1484 2305 pagine
1512 2258 1653 2304 relique
1679 2259 1832 2292 scientie
1853 2258 2011 2292 debeant
2035 2259 2149 2292 samu-

266 2322 348 2366 lari,
378 2330 530 2358 eatenus
557 2331 643 2359 sunt
671 2337 690 2359 a
719 2324 892 2359 fidelibus
925 2324 1190 2371 amplectende,
1227 2331 1407 2371 quatenus
1442 2324 1597 2370 obsequi
1633 2325 1876 2359 dinoscuntur
1909 2324 2150 2370 beneplacitis

268 2390 438 2425 donantis
463 2397 503 2425 ut
528 2391 559 2425 si
585 2391 673 2437 quid
698 2391 736 2425 in
756 2390 811 2426 eis
830 2391 941 2425 fuerit
959 2391 1180 2426 virulentum
1210 2391 1268 2426 vel
1294 2391 1399 2425 aliter
1422 2392 1610 2433 vitiosum,
1631 2403 1704 2437 quo
1730 2391 1900 2437 derogari
1921 2391 2039 2437 possit
2063 2390 2149 2424 fidei

268 2457 429 2504 puritati,
450 2457 596 2492 eminus
616 2464 822 2504 respuatur,
844 2458 928 2504 quia
952 2458 1098 2492 inventa
1125 2458 1162 2491 in
1183 2470 1336 2491 numero
1357 2458 1581 2504 captivorum
1603 2457 1734 2491 mulier
1755 2458 1923 2503 speciosa
1950 2469 2023 2490 non
2044 2456 2149 2491 aliter

268 2523 305 2558 in
332 2523 479 2558 domum
506 2524 727 2571 permittitur
755 2524 951 2567 introduci,
980 2524 1052 2558 nisi
1079 2536 1158 2558 rasa
1185 2524 1448 2570 superfluitatis
1469 2524 1608 2558 cesarie
1629 2536 1668 2558 ac
1689 2523 1876 2570 unguibus
1904 2523 2149 2558 lacerantibus

268 2590 513 2633 circumcisis,
545 2597 581 2625 et
610 2598 649 2625 ut
677 2591 844 2637 spoliatis
878 2591 1044 2638 Egyptiis
1079 2591 1241 2625 ditentur
1275 2590 1403 2633 Ebrei,
1433 2590 1612 2636 jubentur
1645 2602 1729 2625 vasa
1762 2603 1871 2625 aurea
1904 2596 1940 2624 et
1976 2597 2148 2636 argentea

268 2657 426 2704 pretiosa
461 2669 535 2692 non
569 2658 767 2704 eruginosa
801 2670 891 2692 enea
919 2658 978 2693 vel
1011 2658 1108 2692 lutea
1142 2658 1311 2692 mutuari.
1347 2658 1519 2692 Ceterum
1554 2669 1635 2691 cuin
1666 2657 1761 2691 sicut
1790 2657 2036 2691 intelleximus
2064 2656 2149 2690 libri

267 2723 498 2767 naturalium,
521 2725 583 2771 qui
611 2725 773 2759 Parisius
801 2725 838 2759 in
863 2724 1029 2760 Concilio
1056 2723 1271 2771 provinciali
1295 2725 1397 2758 suere
1425 2723 1614 2770 prohibiti,
1641 2724 1795 2770 quedam
1822 2723 1922 2757 utilia
1949 2730 1984 2758 et
2008 2723 2149 2757 inutilia

267 2790 456 2825 continere
486 2791 667 2835 dicantur,
697 2804 743 2826 ne
773 2791 862 2826 utile
892 2804 957 2838 per
984 2791 1113 2826 inutile
1142 2792 1304 2834 vitietur,
1334 2791 1548 2825 discretioni
1582 2797 1716 2833 vestre,
1750 2791 1795 2824 de
1830 2802 1900 2837 qua
1934 2789 2076 2836 plenam
2112 2790 2148 2824 in

268 2857 426 2891 Domino
453 2857 621 2892 fiduciam
649 2857 872 2902 obtinemus,
894 2871 959 2905 per
979 2858 1178 2905 apostolica
1199 2858 1332 2904 scripta
1353 2857 1422 2892 sub
1443 2857 1686 2892 obtestatione
1706 2857 1820 2892 divini
1841 2857 1972 2903 judicii
1998 2857 2150 2891 firmiter

268 2924 505 2970 precipiendo
539 2925 766 2969 mandamus,
801 2925 972 2972 quatinus
1005 2925 1122 2960 libros
1156 2926 1258 2972 ipsos
1292 2925 1540 2959 examinantes
1569 2924 1664 2958 sicut
1692 2924 1864 2959 convenit
1897 2923 2080 2958 subtiliter
2114 2930 2149 2956 et

271 2989 484 3036 prudenter,
513 3003 584 3038 que
618 2991 669 3026 ibi
702 3004 856 3027 erronea
889 3004 956 3027 seu
990 2992 1151 3026 scandali
1181 2991 1240 3027 vel
1269 2991 1482 3026 offendiculi
1516 2990 1726 3037 legentibus
1756 2990 1971 3025 inveneritis
2000 2989 2146 3025 illativa.
