2618 3640
503 452 546 484 54
1086 459 1407 482 annTULARmM
1442 459 1635 481 emm-:ns
1673 459 1802 481 mnis.

499 535 702 580 acquisisse
737 534 930 567 honestum
966 540 1033 567 est.
1069 535 1150 567 Non
1179 533 1299 578 itaque
1328 532 1393 565 tibi
1423 532 1589 573 sufficiat,
1626 532 1656 565 si
1686 544 1821 574 musas,
1858 533 1888 566 si
1917 534 2053 566 fontem
2086 534 2313 569 Heliconium
2343 543 2381 570 tu

500 602 637 643 vidisti,
664 602 694 635 si
720 601 765 634 de
792 601 891 634 illius
916 600 1034 634 rivulo
1060 606 1197 646 guttam
1223 599 1401 632 modicam
1428 605 1465 631 tu
1491 598 1658 638 hausisti,
1687 599 1718 632 si
1738 599 1864 632 videas
1884 599 1984 633 illius
2005 612 2088 634 rore
2109 602 2326 636 tenuissimo
2346 609 2381 637 te

499 669 683 714 perfundi,
705 669 785 713 ejus
805 674 924 701 autem
945 666 1061 700 adhuc
1083 666 1299 699 affluentiam
1322 665 1387 698 tibi
1409 664 1554 710 plenius
1575 677 1649 697 non
1670 665 1825 698 infundi.
1849 666 2016 711 Denique
2036 667 2115 712 ipsa
2135 667 2378 715 philosophia,

497 747 568 780 que
597 735 769 780 proponit
795 733 1028 767 studentibus
1056 733 1191 765 fontem
1219 732 1379 765 lucidum
1409 731 1608 773 Heliconis,
1638 744 1711 765 non
1739 732 1827 765 satis
1855 744 1938 766 esse
1958 734 2099 778 judicat
2124 734 2243 768 solum
2270 735 2380 782 hujus

498 801 715 835 beneficium
744 801 918 842 visionis,
949 806 984 833 et
1009 800 1067 832 cui
1093 811 1174 832 acre
1203 805 1238 831 et
1262 804 1405 831 acutum
1434 798 1623 843 ingenium
1652 798 1712 832 dat
1735 798 1910 841 Platonis,
1938 800 1997 833 cui
2021 800 2132 834 flores
2158 808 2194 835 et
2218 809 2378 836 ornatam

496 869 740 914 eloquentiam
771 867 975 908 Ciceronis,
1004 866 1062 899 cui
1089 866 1242 911 largitur
1269 865 1369 897 illius
1397 865 1448 897 tui
1476 865 1634 898 Socratis
1662 865 1892 908 documenta,
1923 867 1981 900 cui
2006 867 2217 902 Aristotelis
2243 869 2381 903 revelat

495 935 722 968 manifestius
749 940 975 979 argumenta,
1005 945 1087 965 eum
1116 932 1279 977 profecto
1307 931 1385 964 vult
1411 938 1512 976 gutta
1539 932 1598 965 vel
1625 944 1708 965 rore
1736 932 1881 966 modico
1912 946 1984 966 non
2012 935 2171 980 aspergi,
2203 936 2269 969 sed
2299 937 2379 982 ejus

494 1002 585 1035 fonti
605 1002 726 1035 vivido
748 1001 885 1034 diutius
906 999 1118 1032 incumbere
1139 998 1197 1032 vel
1223 998 1404 1043 immergi.
1428 998 1507 1041 Que
1533 1005 1651 1032 autem
1678 999 1736 1032 vel
1757 999 1882 1033 divitie
1908 1000 2140 1046 temporales,
2168 1002 2226 1035 vel
2247 1002 2378 1037 delicie

493 1068 703 1114 corporales
735 1073 891 1113 possunt
914 1066 998 1099 huic
1025 1065 1177 1099 scientie
1203 1065 1418 1110 comparari,
1446 1077 1527 1097 cum
1561 1066 1680 1110 quivis
1709 1066 1844 1099 stultus
1871 1073 1907 1100 et
1932 1066 2007 1100 illis
2034 1067 2180 1101 affluere
2208 1081 2378 1103 nonnun-

493 1147 599 1180 quam
633 1134 809 1174 videatur,
847 1140 882 1166 et
914 1133 1005 1166 hanc
1041 1132 1111 1165 sibi
1146 1132 1335 1176 acquirere
1370 1131 1580 1165 nullatenus
1614 1134 1824 1166 mereatur?
1864 1133 1969 1167 Unde
2005 1134 2183 1180 scriptura
2218 1135 2339 1169 divina
2367 1147 2375 1169 :

492 1216 510 1233 «
533 1201 627 1244 Quid
656 1201 817 1246 prodest,
847 1200 976 1244 inquit,
1006 1199 1117 1232 stulto
1146 1198 1291 1232 divitias
1317 1198 1466 1240 habere,
1495 1211 1576 1232 cum
1605 1199 1818 1244 sapientiam
1846 1212 1967 1234 emere
1993 1212 2067 1234 non
2092 1201 2237 1246 possit?
2257 1216 2274 1233 »
2295 1203 2375 1236 Non

491 1269 610 1313 itaque
646 1268 769 1301 divitie
805 1267 923 1307 Cresi,
959 1278 1032 1298 non
1066 1265 1264 1298 Alexandri
1299 1266 1472 1310 potentia,
1508 1278 1582 1298 non
1611 1266 1823 1311 Polyphemi
1857 1266 2005 1301 horrida
2039 1268 2265 1313 magnitudo,
2301 1281 2374 1303 non

490 1335 621 1368 invicta
657 1333 824 1367 Herculis
854 1333 1043 1375 fortitudo,
1074 1345 1147 1366 non
1178 1333 1388 1366 admiranda
1417 1333 1525 1365 Nerei
1555 1333 1801 1378 pulchritudo,
1834 1346 1907 1366 non
1937 1333 2147 1379 hujusmodi
2182 1342 2302 1369 cetera
2331 1347 2375 1370 ex

490 1414 584 1447 equo
610 1401 756 1434 litterali
784 1401 935 1434 scientie
963 1401 1215 1441 conseruntur,
1245 1400 1310 1432 sed
1338 1399 1411 1433 illis
1440 1399 1567 1445 procul
1595 1399 1707 1433 dubio
1735 1400 1923 1446 elegantes
1951 1401 2070 1434 littere
2099 1402 2228 1435 merito
2255 1403 2374 1448 prefe-

491 1476 631 1502 runtur.
668 1469 758 1502 Cum
794 1480 882 1513 ergo
913 1467 957 1500 ad
992 1479 1073 1509 nos,
1110 1468 1186 1499 Deo
1221 1466 1380 1505 volente,
1417 1478 1528 1499 sanus
1563 1467 1730 1509 redieris,
1768 1473 1804 1500 et
1837 1479 1911 1500 non
1940 1474 2010 1501 tam
2041 1469 2231 1513 pecuniam
2266 1481 2371 1514 quam

489 1535 680 1569 litteralem
702 1535 888 1568 scientiam
916 1541 1032 1567 tecum
1061 1533 1246 1575 retuleris,
1273 1545 1342 1579 ego
1369 1540 1416 1574 te,
1443 1540 1483 1566 ut
1506 1545 1631 1566 verum
1658 1534 1783 1576 fatear,
1810 1534 1878 1568 etsi
1904 1535 2132 1580 naufragum,
2158 1547 2232 1568 non
2253 1542 2372 1569 tamen

489 1614 685 1648 pauperem
716 1601 907 1643 extimabo,
945 1601 1010 1634 sed
1039 1601 1205 1634 honestis
1235 1600 1419 1633 mercibus
1450 1607 1672 1642 onustatum,
1708 1607 1744 1634 et
1773 1601 1945 1646 pretiosis
1975 1601 2111 1635 divitiis
2141 1601 2370 1636 honestatum

489 1676 586 1702 recta
607 1669 785 1702 sententia
805 1668 993 1713 judicabo,
1016 1668 1180 1713 quamvis
1202 1679 1243 1700 ee
1266 1667 1390 1700 divitie
1412 1679 1485 1700 non
1505 1667 1689 1712 primarie,
1712 1668 1777 1701 sed
1798 1668 2014 1701 secundarie
2035 1669 2238 1711 videantur,
2261 1669 2371 1703 immo

489 1736 704 1781 diligentius
725 1735 892 1774 intuenti,
916 1747 982 1768 nec
1004 1735 1129 1767 divitie
1150 1734 1328 1768 veraciter
1349 1733 1562 1776 habeantur,
1594 1735 1624 1767 si
1646 1747 1720 1767 non
1740 1734 1813 1768 illis
1836 1735 1972 1768 divitiis
1997 1735 2171 1780 religiose
2198 1742 2234 1769 et
2253 1735 2371 1769 humi-

488 1803 571 1836 liter
600 1802 830 1843 famulentur,
863 1814 933 1847 que
963 1814 981 1834 a
1012 1802 1101 1834 solis
1130 1814 1215 1835 vere
1245 1801 1419 1834 divitibus
1447 1801 1659 1846 spiritaliter
1685 1801 1908 1834 obtinentur.
1941 1803 1994 1834 De
2024 1801 2157 1847 quibus
2192 1803 2370 1848 scriptura

488 1870 609 1903 divina
633 1881 639 1902 :
665 1884 681 1901 «
705 1869 932 1914 Redemptio,
960 1869 1090 1914 inquit,
1112 1869 1230 1901 anime
1256 1868 1337 1907 viri,
1364 1868 1513 1913 proprie
1534 1868 1659 1901 divitie
1682 1882 1712 1901 ».
1735 1869 1886 1914 Proprie
1906 1869 1975 1902 viri
1996 1869 2121 1902 divitie
2143 1869 2248 1911 fides,
2270 1881 2368 1916 spes,

487 1937 630 1978 caritas,
658 1943 691 1969 et
719 1943 839 1969 cetere
865 1936 1017 1968 virtutes
1050 1942 1147 1976 sunt,
1182 1935 1316 1980 quibus
1342 1935 1386 1968 ad
1412 1935 1584 1968 celestem
1611 1935 1764 1981 gloriam
1791 1935 2015 1980 pervenitur,
2042 1935 2176 1981 quibus
2202 1936 2369 1982 quisquis

487 2004 655 2044 caruerit,
692 2003 825 2036 stultus
859 2003 954 2048 apud
981 2004 1095 2035 Deum
1131 2009 1167 2035 et
1200 2002 1382 2047 inglorius
1417 2002 1613 2043 invenitur,
1650 2015 1731 2035 cum
1760 2002 1804 2035 ab
1838 2002 1918 2047 ipso
1947 2003 2024 2035 Deo
2058 2002 2248 2048 cognitore
2282 2015 2368 2037 vere

486 2070 702 2115 sapientium
732 2069 961 2115 reprobetur,
991 2070 1059 2102 etsi
1086 2082 1104 2102 a
1131 2069 1236 2102 vobis
1265 2076 1303 2102 ut
1330 2069 1511 2110 Socrates,
1539 2069 1652 2110 Plato,
1684 2069 1903 2102 Aristoteles
1930 2068 2164 2114 approbetur.
2195 2083 2211 2101 «
2238 2070 2367 2103 Nonne

486 2137 645 2178 stultam,
676 2137 793 2181 inquit
819 2136 1022 2181 apostolus,
1050 2136 1135 2169 fecit
1162 2137 1260 2168 Deus
1289 2136 1501 2181 sapientiam
1530 2135 1639 2180 hujus
1668 2135 1822 2168 mundi?
1843 2149 1859 2166 »
1891 2136 1934 2168 Et
1959 2135 2090 2168 iterum
2114 2147 2120 2168 :
2145 2150 2162 2167 «
2186 2136 2367 2181 Sapientia

484 2203 593 2249 hujus
615 2203 740 2236 mundi
762 2203 911 2236 stultitia
934 2210 989 2236 est
1008 2203 1103 2248 apud
1125 2204 1238 2235 Deum
1263 2217 1293 2235 ».
1317 2204 1361 2236 Et
1381 2202 1558 2235 Dominus
1582 2214 1588 2235 ε
1614 2216 1629 2233 ι(
1652 2202 1817 2244 Perdam,
1840 2202 1969 2247 inquit,
1992 2202 2205 2247 sapientiam
2227 2203 2366 2248 sapien·

485 2270 587 2312 tium,
614 2277 650 2303 et
674 2270 903 2315 prudentiam
930 2270 1164 2315 prudentium
1190 2269 1396 2315 reprobabo
1419 2283 1449 2302 ³).
1477 2269 1582 2302 Nulla
1608 2281 1697 2314 ergo
1724 2268 1929 2314 prudentia,
1956 2268 2055 2302 nulla
2080 2269 2244 2311 scientia,
2267 2269 2366 2303 nulla

483 2337 684 2370 litterature
718 2337 899 2369 affluentia
933 2337 1020 2369 satis
1055 2336 1164 2382 digna
1195 2343 1251 2369 est
1279 2335 1539 2377 commendari,
1576 2347 1646 2380 que
1677 2347 1750 2368 non
1785 2335 1907 2368 studet
1936 2335 2158 2380 superducto
2192 2336 2365 2369 virtutum

484 2403 760 2449 propugnaculo
782 2403 971 2445 cumulari,
995 2403 1103 2436 immo
1125 2403 1268 2436 illarum
1290 2402 1427 2435 divitiis
1448 2409 1487 2435 ut
1507 2402 1747 2447 compedibus
1768 2402 1897 2435 alienis
1918 2402 2077 2447 graviter
2098 2402 2364 2448 deprimuntur,

484 2471 546 2515 qui
576 2483 648 2503 non
677 2471 850 2503 virtutum
882 2470 1020 2503 meritis
1054 2476 1220 2515 tanquam
1253 2469 1411 2515 propriis
1441 2469 1577 2502 divitiis
1607 2469 1848 2502 redimuntur.
1885 2468 1941 2502 Ob
1970 2468 2038 2502 hoc
2069 2475 2186 2502 autem
2217 2469 2364 2515 proprie

486 2537 610 2569 divitie
640 2537 792 2570 virtutes
822 2543 1049 2578 asseruntur,
1081 2537 1164 2582 quia
1193 2548 1278 2570 vere
1309 2537 1441 2570 divites
1472 2536 1631 2569 reddunt
1659 2547 1723 2569 eos
1753 2536 1887 2581 quibus
1920 2536 2078 2581 gratuito
2112 2536 2362 2578 conseruntur,

486 2603 571 2635 dum
599 2603 672 2635 illis
705 2610 740 2636 et
766 2604 802 2635 in
831 2604 992 2648 presenti
1020 2604 1214 2636 conserunt
1240 2603 1489 2648 proficientem
1518 2603 1668 2648 gratiam
1700 2603 1925 2644 meritorum,
1958 2609 1994 2635 et
2021 2602 2058 2635 in
2085 2603 2207 2635 futuro
2234 2602 2363 2635 indefi-

485 2669 640 2702 cientem
669 2669 820 2714 gloriam
848 2669 1083 2714 premiorum.
1111 2670 1202 2703 Cum
1224 2670 1336 2714 igitur
1362 2670 1518 2714 quisque
1544 2669 1707 2714 prudens
1732 2669 1836 2714 quasi
1861 2669 1904 2702 ad
1930 2668 2137 2701 luctandum
2164 2669 2201 2701 in
2231 2669 2363 2702 scolari

485 2735 674 2781 gymnasio
703 2747 742 2768 se
770 2735 942 2776 denudat,
971 2747 1050 2767 cum
1078 2735 1205 2780 vigilat
1233 2735 1291 2768 vel
1320 2735 1490 2777 abstinet,
1519 2735 1617 2780 alget
1643 2735 1749 2768 etiam
1776 2735 1834 2768 vel
1861 2735 2027 2776 desudat,
2055 2735 2360 2768 considerandum

485 2809 541 2835 est
567 2802 600 2834 ei
628 2801 842 2846 diligentius
869 2813 940 2846 quo
967 2801 1142 2842 intendat,
1169 2801 1227 2834 vel
1248 2801 1441 2834 intentioni
1463 2814 1528 2834 sue
1554 2807 1590 2834 et
1609 2801 1725 2834 labori
1746 2801 1922 2834 litterario
1949 2801 2036 2846 quid
2057 2801 2258 2846 pretendat.
2281 2803 2361 2835 Non

485 2869 581 2902 enim
603 2868 708 2901 decet
732 2874 771 2900 ut
795 2868 832 2900 in
858 2868 1019 2913 presenti
1045 2867 1169 2900 labore
1195 2879 1260 2912 spe
1285 2874 1436 2900 ventosa
1462 2874 1497 2900 et
1521 2879 1630 2900 vacua
1656 2868 1893 2908 confortetur,
1921 2874 2089 2912 tanquam
2110 2868 2241 2901 animal
2262 2869 2360 2913 quod

484 2941 592 2969 vento
614 2941 649 2967 et
668 2946 753 2967 aura
773 2935 895 2968 vivere
917 2933 1142 2979 perhibetur,
1169 2945 1213 2966 ne
1239 2933 1380 2966 scilicet
1399 2933 1436 2966 in
1457 2945 1500 2966 eo
1522 2933 1619 2978 quod
1640 2933 1771 2966 studiis
1797 2933 2015 2966 litteralibus
2040 2941 2242 2976 exercetur,
2264 2935 2360 2980 apud

484 3014 523 3035 se
559 3001 776 3047 quandoque
811 3001 967 3034 inaniter
1000 3000 1189 3045 glorietur.
1226 3001 1304 3042 Que
1339 3000 1521 3045 gloriandi
1560 3012 1679 3041 causa,
1711 3012 1790 3033 cum
1827 3000 1987 3033 scolares
2022 3001 2177 3034 miseros
2211 3001 2255 3034 ad
2285 3002 2360 3035 dis-
