2580 3528
231 405 329 448 1270]
573 413 622 437 Αιι
654 412 762 436 anno
795 412 873 436 nco
907 411 1040 441 usous
1074 411 1123 434 Αυ
1158 410 1387 434 rmmrruu
1422 411 1462 434 ιν
1496 410 1586 434 nso.
1623 411 1759 434 raam.
2038 401 2104 435 483

229 488 370 537 gensis,
398 486 528 523 emerit
552 498 618 522 seu
643 486 855 533 acquisierit
880 491 920 520 ut
942 484 1074 520 asserit
1097 484 1141 519 ad
1167 485 1468 519 sustentationem
1495 484 1687 518 duodecim
1716 483 1908 518 scolarium
1939 485 1974 517 in
2003 484 2105 517 theo-

229 554 328 603 logia
361 553 524 590 Parisius
555 552 810 589 studencium'
842 565 861 587 a
891 551 1051 586 Roberto
1081 558 1117 586 et
1150 550 1330 586 Richardo
1364 551 1472 586 dictis
1506 550 1663 593 stollam,
1692 550 1865 585 fratribus
1898 550 2105 596 armigeris,

230 626 406 662 decimam
436 636 542 672 quam
569 623 752 659 habebant
777 630 813 658 et
839 622 1011 658 tenebant
1034 634 1052 657 a
1081 621 1188 657 nobis
1215 622 1253 656 in
1282 622 1428 657 feodum
1460 622 1496 656 in
1524 621 1712 668 parrochia
1741 621 1860 655 Sancti
1888 621 2032 655 Martini
2061 621 2105 654 de

230 691 412 735 Oissello;
446 691 531 727 item
561 690 692 738 viginti
726 689 838 725 libras
871 697 1061 725 turonens.
1091 689 1201 724 annui
1237 689 1415 732 redditus,
1447 690 1484 723 in
1518 688 1653 735 quibus
1688 689 1802 735 major
1834 694 1870 722 ct
1901 688 2106 722 communia

231 758 516 806 Rotbomagens.
533 763 704 793 tenentur
723 757 841 792 eidem
864 756 1089 791 thesaurario
1111 756 1248 791 ratione
1269 756 1458 802 cujusdam
1480 755 1680 790 molendini
1702 755 1760 789 siti
1782 755 1877 801 apud
1900 754 2107 801 Rcspeville

231 838 345 874 prope
366 824 645 872 Rothomagum,
661 823 760 871 quod
781 824 914 858 dicitur
933 823 1183 858 molendinum
1206 824 1303 858 Marc
1324 822 1520 870 d'Argent;
1539 823 1623 856 item
1646 835 1663 856 a
1685 821 1889 857 Guillermo
1912 822 2043 855 llavart
2062 821 2107 855 de

231 892 449 940 Guisignis¹
474 891 600 927 decem
627 890 741 926 libras
765 891 875 925 annui
902 890 1068 925 redditus
1088 902 1200 937 super
1219 889 1392 936 quasdam
1415 890 1545 924 domos
1566 890 1654 923 sitas
1680 888 1895 935 Rothomagi
1922 889 1958 922 in
1985 900 2109 935 parro-

231 955 312 996 chia
339 959 460 996 Sancti
486 958 672 1006 Dyonisii;
700 958 786 993 item
813 957 858 992 ab
885 957 1054 992 Ervando
1078 957 1176 992 dicto
1202 957 1389 999 Bourdon,
1414 957 1493 991 cive
1519 956 1816 1003 Rofflomagensi,
1844 955 1968 990 decem
1996 954 2109 990 libras

232 1027 343 1062 annui
366 1026 533 1061 redditus
557 1037 669 1072 super
688 1025 835 1059 domum
856 1025 960 1059 sitam
982 1025 1019 1059 in
1040 1023 1228 1071 parrochia
1250 1024 1369 1058 Sancti
1393 1022 1570 1058 Johannis
1595 1022 1755 1070 desuper
1784 1022 1989 1064 Revellam3
2024 1022 2107 1056 item

233 1107 251 1129 a
281 1092 487 1129 Guillermo
515 1092 613 1127 dicto
640 1091 817 1133 Boulenc,
846 1091 925 1126 cive
962 1090 1261 1137 Rothmnagensi,
1297 1090 1466 1125 undecim
1501 1089 1614 1124 libras
1649 1090 1758 1124 annui
1795 1089 1962 1123 redditus
1998 1100 2110 1135 super

235 1160 435 1207 masagium
465 1171 571 1194 suum
599 1165 636 1193 et
664 1165 779 1193 terras
806 1170 892 1192 suas
919 1158 1008 1192 sitas
1038 1157 1074 1192 in
1105 1156 1294 1204 parrochia
1320 1157 1365 1191 de
1390 1156 1687 1197 Guermonvilla3
1719 1156 1803 1190 item
1831 1169 1849 1190 a
1876 1155 2040 1190 Iohanne
2065 1155 2110 1189 de

235 1226 495 1274 Muchegros’,
516 1225 644 1267 milite,
665 1231 701 1259 et
719 1226 800 1271 eJus
819 1235 934 1259 uxore
954 1225 1080 1259 decem
1102 1230 1137 1258 et
1156 1230 1295 1271 septem
1319 1222 1430 1258 libras
1451 1230 1640 1258 turonens.
1663 1223 1773 1257 annui
1794 1223 1960 1257 redditus
1985 1234 2109 1269 parum

235 1293 319 1342 plus
344 1292 403 1328 vel
430 1304 556 1340 parum
584 1292 705 1326 minus
731 1303 844 1338 super
871 1297 986 1325 terras
1013 1298 1049 1325 et
1076 1290 1242 1325 redditus
1268 1303 1308 1325 ac
1338 1290 1525 1324 hominum
1553 1290 1706 1324 servicia
1735 1289 1830 1336 apud
1859 1288 2111 1335 Ogerivillam‚

233 1360 331 1408 apud
350 1361 524 1402 Buscum‚
546 1365 582 1394 et
601 1358 695 1405 apud
717 1357 859 1392 Bellum
881 1359 1062 1398 Montem;
1085 1357 1168 1391 item
1191 1369 1209 1391 a
1232 1357 1410 1391 Richardo
1432 1352 1528 1391 dicto
1550 1356 1654 1390 Belin
1675 1363 1819 1390 centum
1841 1356 1982 1390 solidos
2002 1355 2111 1389 annui

235 1426 401 1462 redditus
425 1437 539 1473 super
564 1425 762 1472 masagium
789 1436 895 1459 suum
921 1431 956 1458 et
981 1436 1094 1471 super
1115 1430 1229 1458 terras
1254 1436 1339 1458 suas
1364 1424 1453 1458 sitas
1478 1424 1514 1457 in
1541 1423 1728 1470 parrochia
1754 1423 1799 1457 ‹lc
1825 1423 1986 1456 Pissiaco
2010 1435 2016 1456 ε
2045 1434 2113 1456 nos

236 1493 418 1541 predictas
438 1492 644 1540 emptiones
664 1503 729 1526 seu
750 1491 1015 1538 acquisitiones
1036 1497 1210 1538 quantum
1232 1491 1267 1524 in
1290 1490 1398 1525 nobis
1419 1497 1475 1524 est
1494 1490 1732 1524 concedimus
1753 1497 1788 1524 et
1809 1496 1902 1523 ratas
1923 1489 2112 1530 habemus,

234 1560 403 1596 volentes
427 1559 525 1607 quod
550 1559 646 1594 idem
673 1558 922 1593 thesaurarius
947 1557 1005 1592 vel
1030 1557 1092 1592 ille
1113 1558 1175 1605 qui
1200 1570 1344 1592 causam
1370 1556 1538 1592 habuerit
1562 1556 1606 1591 ab
1632 1557 1759 1591 eodem
1787 1557 1962 1603 premissa
1990 1563 2114 1590 tenere

234 1627 351 1662 valeat
373 1627 641 1674 imperpetuum
667 1631 703 1660 et
723 1624 872 1672 pacifice
893 1624 1085 1672 possidere
1106 1624 1149 1659 ad
1171 1624 1479 1659 sustentacionem
1501 1624 1664 1670 ipsorum
1687 1623 1881 1658 scolarium
1907 1623 1987 1657 sine
2012 1635 2115 1657 coac-

237 1693 336 1730 tione
361 1692 480 1740 aliqua
500 1692 684 1728 vendendi
702 1691 761 1727 vel
787 1697 885 1726 extra
906 1703 1050 1726 manum
1073 1703 1173 1725 suam
1196 1691 1371 1738 ponendi,
1394 1691 1545 1725 retentis
1570 1690 1678 1724 nobis
1702 1697 1737 1725 et
1762 1690 1899 1724 nostris
1923 1701 2116 1724 successo-

237 1760 340 1796 ribus
364 1760 402 1795 in
429 1759 604 1807 predictis
625 1758 757 1806 placito
778 1765 880 1806 spate
901 1757 1073 1793 omnibus
1088 1757 1237 1805 juribus
1257 1764 1293 1792 et
1313 1757 1536 1792 redibenciis
1557 1757 1694 1792 nostris
1715 1764 1750 1791 et
1769 1757 1930 1803 justicia,
1953 1757 1984 1791 si
2009 1769 2115 1803 quam

237 1827 340 1875 prius
367 1826 592 1861 habebamus
618 1825 769 1868 ibidem,
797 1832 834 1860 et
858 1825 960 1860 salvo
987 1825 1024 1860 in
1050 1825 1132 1860 aliis
1153 1826 1237 1871 jure
1262 1831 1389 1860 nostro
1414 1837 1454 1859 ac
1476 1826 1560 1871 jure
1585 1825 1690 1859 etiam
1720 1824 1756 1858 in
1784 1823 1956 1858 omnibus
1982 1823 2114 1858 alieno.

236 1894 343 1939 Quod
378 1900 419 1929 ut
449 1900 566 1928 ratum
599 1899 636 1928 et
671 1892 802 1927 stabile
832 1899 1042 1939 permaneat
1069 1892 1107 1927 in
1135 1893 1295 1927 futurum
1326 1890 1560 1939 presentibus
1589 1891 1721 1926 litteris
1760 1898 1923 1925 nostrum
1963 1891 2116 1925 fecimus

237 1961 371 2009 apponi
401 1959 578 2008 sigillum.
608 1960 739 1995 Actum
769 1959 865 2006 apud
893 1959 1051 1994 Vicenas
1078 1971 1174 1994 anno
1204 1959 1349 1994 Domini
1379 1958 1574 1994 millesimo
1604 1958 1856 1993 ducentesimo
1886 1958 2116 2005 sexagesimo

238 2039 350 2072 nono,
373 2039 498 2063 mense
517 2027 700 2074 Augusto.

331 2124 431 2151 Chatta
444 2125 544 2151 inmt-
557 2125 682 2151 vldimua
696 2125 729 2150 de
743 2125 802 2150 Gile
816 2124 849 2149 de
862 2124 1018 2157 compigne,
1034 2125 1117 2157 gards
1130 2124 1163 2149 de
1177 2124 1203 2149 la
1215 2127 1339 2157 provo-te
1352 2124 1384 2148 de
1399 2124 1484 2154 Parin,
1499 2123 1560 2148 anni
1577 2124 1647 2153 12⁸4,
1663 2123 1751 2148 Martii
1766 2124 1805 2153 29.
1821 2123 1847 2148 in
1862 2123 1938 2148 Arcb.
1954 2126 2007 2147 nat.
2032 2123 2116 2147 Paris.

238 2171 266 2196 8.
281 2171 371 2200 Μ’,
385 2173 414 2195 n·
427 2172 452 2196 ὓ.
466 2169 618 2196 ravanus-t
630 2170 664 2196 ad
679 2170 756 2195 mh.
772 2169 894 2195 univers.
909 2182 941 2188 —
954 2170 1017 2194 ‘rri-
1031 2169 1156 2195 vidimue
1169 2169 1264 2194 aeuu-
1278 2169 1434 2202 posteriori·
1447 2168 1513 2193 ibid.
1528 2169 1562 2192 ιιΙ·
1576 2170 1599 2197 2,
1615 2170 1639 2198 ³,
1654 2169 1678 2195 Β.

333 2253 356 2279 1.
374 2253 440 2279 vid·
453 2262 536 2287 supra
550 2258 581 2279 n·
594 2254 650 2280 lin.
665 2267 697 2274 —
710 2255 735 2282 ².
749 2254 965 2287 (laingniacum,
981 2253 1138 2287 Oui-egnice
1153 2257 1180 2278 et
1193 2253 1369 2287 Guiaeignies.
1386 2267 1416 2272 —
1431 2255 1454 2280 ³.
1472 2253 1619 2285 Mucegron.

240 2406 355 2446 429.
379 2415 537 2444 ladovicus
551 2417 600 2452 11,
617 2416 791 2444 Francorum
806 2425 867 2453 rex,
883 2415 921 2445 de
936 2417 1089 2444 taxatione
1103 2415 1293 2454 hospitiorum
1306 2414 1492 2443 scholarium.

1422 2504 1470 2532 m
1473 2503 1498 2535 0.
1513 2503 1648 2531 robe-noel!
1657 2504 1703 2534 20.
1718 2503 1831 2531 Parlallo.

333 2575 542 2611 Ludovicus
568 2575 633 2610 Dei
658 2576 773 2622 gratia
795 2577 1014 2610 Francorum
1036 2587 1099 2610 rex
1120 2574 1304 2609 universis
1324 2580 1516 2621 presentes
1539 2573 1679 2608 litteras
1702 2574 1924 2621 inspecturis
1949 2573 2116 2610 salutem.

243 2642 374 2678 Notum
399 2642 553 2677 facimus
573 2642 671 2689 quod
693 2654 760 2677 nos
780 2642 1007 2677 universitati
1028 2641 1223 2677 scolarium
1243 2641 1356 2676 Paris.
1377 2640 1689 2688 appreciacionem
1714 2640 1903 2675 domorum
1930 2653 2047 2688 usque
2073 2641 2117 2676 ad

243 2709 475 2756 septennium
505 2708 677 2744 duximus
705 2709 991 2744 concedendam.
1022 2709 1152 2744 Actum
1182 2708 1343 2743 Parisius
1371 2708 1430 2742 die
1460 2707 1630 2742 mercurii
1660 2714 1742 2742 ante
1771 2707 1993 2749 brandones,
2023 2720 2118 2742 anno

244 2775 390 2810 Domini
410 2776 463 2811 M·
473 2776 549 2811 CC‘
560 2777 723 2811 Lx·1x·.

339 2864 468 2891 Charta!-
478 2864 579 2897 saeuu-
590 2865 700 2892 meree.
713 2865 739 2890 ln
752 2865 821 2890 Bibl.
835 2866 926 2890 Arsen.
943 2865 1038 2894 Parin„
1054 2873 1103 2889 ιιιι.
1116 2865 1186 2894 1121,
1202 2865 1247 2889 rot.
1263 2864 1333 2889 1³1⁸.
1351 2877 1381 2883 -
1395 2864 1434 2889 Ad
1448 2863 1516 2889 banc
1530 2864 1649 2889 ebert-m
1665 2864 1725 2889 vido
1739 2872 1821 2897 supra
1836 2869 1866 2889 n’
1879 2866 1918 2889 ⁸2.
1936 2865 1970 2889 Ut
1983 2873 2014 2888 ex
2032 2868 2120 2888 tenore

244 2908 394 2934 doen-nm!
408 2908 501 2943 liquot,
516 2908 665 2935 Lndovtm
679 2912 851 2943 pracceptum
866 2917 943 2935 ιιιιιιιι
956 2909 1117 2943 jampridem
1131 2909 1222 2934 dutum
1237 2916 1364 2942 proces-a
1376 2908 1504 2942 tempori·
1519 2908 1626 2942 nepio·
1640 2908 1786 2934 renovavit.
