2618 3640
495 409 537 441 62
1075 415 1396 439 CHARTULARHJM
1430 415 1622 437 umvsns.
1659 415 1787 437 Panis.
2277 405 2375 446 [1202

494 492 665 526 Serviens
687 491 736 524 ibi
758 491 1001 524 constituetur
1022 502 1065 523 ex
1085 501 1270 523 consensu
1286 489 1478 534 utriusque
1499 489 1624 534 partis,
1646 488 1708 534 qui
1730 495 1798 522 tam
1821 488 1928 522 nobis
1949 495 1985 522 et
2003 488 2203 523 heredibus
2224 489 2374 532 nostris,

494 571 599 604 quam
630 558 849 604 supradictis
879 557 1065 591 canonicis
1095 557 1202 590 faciet
1230 556 1440 590 fidelitatem
1471 556 1516 589 de
1546 555 1645 589 omni
1670 556 1754 601 jure
1784 555 2036 589 conservando
2067 562 2104 589 et
2130 555 2296 589 faciendo
2331 556 2374 590 ad

494 632 683 671 utramque
710 631 845 670 partem
875 624 1092 669 pertinente.
1123 624 1160 657 Si
1188 630 1304 656 autem
1333 623 1426 656 sorte
1452 622 1570 667 aliqua
1597 622 1745 667 querela
1773 622 1965 655 emerserit
1990 622 2085 655 inter
2111 634 2179 656 nos
2207 629 2242 656 et
2268 634 2375 656 cano-

493 693 596 726 nicos
616 692 673 725 vel
695 703 771 730 eos,
800 691 861 736 qui
887 691 924 723 in
949 691 1029 723 loco
1055 697 1181 723 nostro
1203 690 1240 723 in
1260 690 1331 722 hiis
1353 689 1558 722 redditibus
1579 701 1660 722 cum
1683 689 1736 723 eis
1757 689 2069 735 participationem
2089 689 2287 730 habebunt,
2317 689 2374 723 vel

492 759 598 792 etiam
620 770 848 791 comnumem
871 757 1090 790 servientem
1112 756 1211 789 illius
1233 763 1342 796 terre,
1372 756 1454 801 quia
1476 756 1546 789 sibi
1568 756 1768 789 dominium
1791 755 1891 789 illius
1912 762 2007 789 terre
2028 756 2193 789 canonici
2214 756 2375 789 retinue-

492 832 577 859 runt
599 837 605 858 :
629 837 735 858 causa
757 825 815 857 illa
843 825 879 856 in
904 824 1040 857 curiam
1067 835 1192 856 eorum
1219 823 1255 855 in
1282 824 1405 856 Monte
1432 823 1611 855 reseretur
1637 823 1874 856 terminanda.
1903 823 2072 856 Preterea
2093 823 2283 856 sciendum
2305 829 2372 865 est,

492 892 589 937 quod
611 904 679 925 nos
701 899 732 924 et
762 891 918 924 heredes
946 890 1063 923 nostri
1088 890 1274 935 predictos
1300 889 1466 922 redditus
1492 889 1536 922 ab
1563 889 1718 922 ccclesia
1743 889 1847 922 beate
1873 889 2061 923 Genovefe
2086 890 2185 922 omni
2211 897 2374 935 tempore

492 958 697 992 tenebimus
725 970 791 991 nee
820 957 1021 1002 poterimus
1046 957 1107 989 alii
1133 956 1288 989 ecclesie
1317 956 1396 989 sine
1422 967 1576 989 assensu
1603 956 1743 989 abbatis
1772 963 1807 989 et
1834 956 2093 989 canonicorum
2120 956 2178 990 vel
2206 957 2291 990 dare
2316 956 2374 990 vel

490 1026 662 1066 vendere⁷
693 1037 755 1057 seu
784 1030 1018 1063 commutare,
1047 1030 1082 1055 et
1109 1022 1267 1068 singulis
1293 1022 1398 1055 annis
1427 1022 1629 1067 predictum
1657 1020 1847 1067 capitalem
1868 1034 2018 1055 censum
2040 1022 2148 1055 trium
2171 1023 2372 1056 solidorum

490 1099 525 1126 et
545 1104 608 1124 vm
631 1091 862 1124 denariorum
886 1091 939 1123 cis
960 1090 997 1122 in
1017 1090 1110 1123 festo
1132 1090 1247 1122 sancti
1270 1089 1426 1134 Remigii
1447 1089 1714 1134 persolvemus.
1738 1090 1894 1134 Insuper
1915 1089 2104 1122 sciendum
2127 1096 2194 1131 est,
2217 1089 2316 1135 quod
2336 1090 2373 1123 in

490 1165 598 1192 strata
620 1158 692 1199 illa,
720 1169 788 1202 qua
811 1157 856 1189 de
878 1158 1000 1189 Monte
1026 1157 1098 1189 itur
1123 1156 1167 1189 ad
1193 1156 1408 1200 Sequanam,
1437 1162 1473 1188 et
1497 1155 1534 1188 in
1556 1162 1665 1189 strata
1686 1155 1760 1197 illa,
1783 1168 1852 1201 qua
1874 1156 1946 1189 itur
1966 1168 2031 1201 per
2050 1156 2168 1190 vicum
2191 1156 2373 1190 Garlande

492 1237 607 1269 usque
629 1224 671 1257 ad
693 1236 860 1269 gressum
885 1223 1005 1256 Sancti
1025 1223 1173 1264 Juliani,
1196 1222 1258 1268 qui
1284 1229 1340 1255 est
1360 1229 1452 1255 meta
1474 1222 1584 1268 burgi
1606 1223 1735 1256 Sancte
1757 1223 1958 1263 Genovese,
1982 1235 2052 1268 que
2073 1230 2183 1256 strate
2205 1223 2242 1256 in
2262 1223 2372 1257 viaria

489 1298 571 1324 sunt
594 1291 866 1330 canonicorum,
890 1302 957 1323 nos
979 1290 1037 1323 vel
1058 1289 1214 1322 heredes
1236 1289 1352 1322 nostri
1374 1289 1486 1322 nichil
1507 1289 1654 1334 penitus
1676 1290 1877 1335 poterimus
1898 1289 2108 1331 reclamare,
2131 1290 2196 1323 sed
2219 1297 2372 1324 tantum—

490 1358 597 1391 modo
632 1358 723 1390 insra
760 1364 872 1390 metas
907 1357 1022 1390 clausi
1053 1356 1207 1402 predicti
1237 1356 1548 1401 participationem
1586 1369 1666 1389 cum
1703 1357 1757 1390 eis
1791 1356 2007 1390 habebimus
2042 1357 2244 1390 secundum
2274 1357 2372 1403 quod

488 1425 659 1470 superius
690 1431 742 1457 est
774 1424 979 1457 diffinitum.
1012 1424 1119 1467 Quod
1150 1435 1194 1456 ne
1224 1423 1341 1457 valeat
1370 1423 1555 1457 oblivione
1591 1423 1720 1465 delet-I,
1756 1430 1964 1468 presentem
1999 1430 2129 1457 cartam
2165 1423 2370 1469 sigillorum

489 1498 696 1525 nostrorum
721 1491 920 1524 munimine
949 1491 1102 1523 fecimus
1122 1490 1342 1524 confirmari.
1370 1491 1485 1535 Cujus
1511 1490 1616 1523 ctiam
1644 1490 1696 1523 rei
1722 1497 1834 1524 testes
1860 1497 1945 1523 sunt
1965 1491 2140 1536 Magister
2160 1490 2372 1524 Gilebertus

490 1558 681 1604 presbyter
703 1558 831 1591 Sancte
853 1558 966 1590 Marie
987 1558 1032 1590 de
1053 1557 1238 1596 Marliaco,
1261 1557 1348 1590 Milo
1369 1557 1413 1590 de
1431 1557 1586 1598 Vicinis,
1608 1557 1822 1593 VVillelmus
1844 1557 1888 1590 de
1909 1557 2063 1599 Vicinis,
2083 1557 2163 1591 Odo
2183 1558 2227 1591 de
2247 1564 2371 1591 sancto

490 1625 688 1658 Mederico.
712 1625 839 1657 Actum
863 1637 958 1657 anno
979 1624 1155 1657 incarnati
1176 1624 1286 1658 Verbi
1311 1624 1506 1657 millesimo
1529 1624 1781 1657 ducentesimo
1803 1624 1980 1657 secundo.

585 1723 803 1747 Chai-talariam
821 1723 943 1747 Sanctae
960 1723 1115 1753 Genovefae
1130 1723 1156 1745 in
1172 1723 1242 1747 Bibl.
1254 1723 1365 1746 Sanctae
1381 1722 1529 1746 Genovcsae
1544 1722 1629 1746 Paris.
1642 1730 1691 1747 ms.
1704 1723 1733 1746 E.
1745 1723 1763 1746 l.
1776 1723 1814 1750 25,
1827 1723 1882 1746 Fol.
1893 1730 1956 1753 pag.
1968 1722 2084 1750 tao-191,
2101 1722 2146 1745 ubi
2162 1722 2371 1754 superscriptio:

491 1776 501 1790 (t
518 1767 553 1790 Dc
570 1767 659 1790 clauso
682 1767 742 1790 mali
765 1767 842 1790 vicini
860 1776 880 1791 n.
898 1781 929 1784 —
950 1767 1042 1791 Gallia
1062 1768 1159 1792 christ.
1175 1768 1230 1795 Vll,
1252 1767 1375 1791 instrum.
1396 1776 1423 1799 p.
1441 1768 1494 1795 225,
1512 1771 1541 1790 11⁰
1557 1767 1594 1790 10.
1610 1781 1641 1784 —
1660 1767 1760 1795 Jnillot,
1790 1767 1956 1792 Becherclles
1977 1767 2111 1798 critiques
2134 1773 2187 1792 sur
2207 1768 2235 1792 lcc
2255 1767 2320 1792 ville
2340 1769 2374 1792 de

490 1812 585 1839 Paris,
602 1812 725 1839 Quarticr
741 1812 767 1835 S.
786 1812 885 1839 Benoit,
902 1820 928 1843 p.
945 1813 983 1839 65.
1001 1812 1066 1835 bene
1081 1812 1212 1840 observat,
1229 1815 1291 1844 post
1306 1812 1385 1835 istum
1400 1811 1569 1835 donationem
1585 1815 1610 1835 et
1625 1812 1845 1843 compositionem
1859 1820 1917 1835 esse
1938 1813 2034 1835 factum
2049 1811 2120 1835 vium
2134 1813 2175 1836 du
2195 1812 2310 1840 Fouare,
2327 1811 2372 1836 ubi

488 1859 580 1887 postea
597 1856 701 1879 scholas
717 1856 871 1879 artistarum
884 1856 1043 1880 invenimus.
1054 1857 1118 1880 Vide
1134 1857 1240 1885 Denisse,
1252 1857 1306 1881 Die
1321 1856 1545 1882 Universitaeten
1559 1858 1605 1882 des
1618 1856 1803 1885 Mitcelalcers,
1820 1857 1839 1883 1,
1851 1857 1907 1880 667.
1921 1857 1959 1880 Ex
1971 1857 2127 1880 documento
2141 1857 2171 1879 28
2186 1856 2298 1888 Augusti
2311 1856 2372 1880 1225

489 1900 596 1931 (Chare.
615 1901 643 1924 S.
668 1901 831 1931 Genovefae,
848 1909 874 1932 p.
892 1901 937 1923 2119
958 1901 1008 1932 sq.)
1024 1901 1160 1929 discimus,
1177 1901 1223 1924 illo
1239 1909 1307 1924 anno
1324 1901 1380 1932 jum
1396 1901 1466 1924 viam
1481 1901 1617 1932 publicam
1632 1900 1655 1933 (a
1671 1909 1721 1932 que
1736 1901 1779 1925 via
1795 1901 1931 1924 descendit
1945 1909 1960 1924 a
1974 1901 2071 1932 platea,
2089 1909 2138 1932 que
2154 1904 2263 1924 vocatur
2283 1901 2373 1932 platee

490 1945 618 1968 Mauberti
643 1945 740 1968 directe
763 1953 855 1968 versus
878 1945 1026 1976 Sequanam
1043 1954 1064 1974 »‚
1088 1954 1119 1969 ex
1141 1954 1192 1977 quo
1215 1949 1334 1977 apparet,
1359 1945 1403 1968 ubi
1427 1945 1505 1969 suerit.
1527 1946 1575 1969 iste
1595 1946 1702 1969 clausus
1718 1945 1779 1969 Mali
1800 1945 1888 1973 vicini]
1905 1949 1930 1969 et
1947 1946 2038 1969 domos
2059 1945 2085 1968 in
2105 1945 2195 1968 clauso
2211 1945 2272 1968 Muli
2293 1945 2372 1968 vicini

490 1989 618 2013 extitisse.

491 2121 536 2159 3.
561 2131 741 2156 Innocentius
758 2132 804 2155 III
815 2130 855 2156 ad
871 2131 1024 2165 magistros
1039 2134 1067 2157 et
1081 2131 1228 2157 scholares
1243 2131 1434 2161 Parisienses,
1454 2135 1485 2156 ut
1500 2131 1637 2157 invitante
1656 2132 1825 2157 Graecorum
1842 2131 2016 2167 imperatore
2034 2129 2308 2166 Constantinopolim
2324 2138 2372 2156 eos

580 2180 704 2214 migrare
719 2188 773 2205 non
787 2180 888 2215 pigeat
903 2179 943 2205 ad
958 2179 1172 2214 reformandum
1189 2179 1249 2206 illic
1265 2180 1427 2206 litterar-um
1443 2180 1579 2206 studium.

1528 2283 1606 2312 120⁵,
1621 2283 1680 2309 uas)
1693 2283 1739 2313 25.
1755 2283 1841 2309 Bomoe
1855 2283 1924 2315 apud
1936 2282 1959 2308 8.
1975 2283 2084 2309 Petrum.

579 2371 771 2404 Universis
792 2371 976 2416 magistris
998 2377 1034 2404 et
1052 2371 1256 2404 scolaribus
1282 2371 1563 2405 Parisiensibus.
1592 2371 1788 2405 Multisarie
1814 2371 2011 2416 multisque
2037 2371 2156 2404 modis
2181 2370 2372 2404 clementia

491 2438 610 2471 divina
637 2449 704 2470 nos
730 2438 872 2479 excitat,
899 2444 938 2471 ut
962 2438 1007 2471 de
1033 2449 1187 2483 sopmno
1214 2438 1340 2471 mortis
1366 2438 1584 2484 evigilemus
1610 2439 1654 2472 ad
1674 2439 1795 2479 vitam,
1823 2445 1859 2472 et
1878 2438 1922 2471 de
1943 2438 2022 2471 lacu
2045 2437 2190 2471 miserie
2211 2437 2249 2470 in
2270 2448 2372 2483 spem

490 2511 613 2537 eterne
640 2504 757 2549 glorie
782 2505 1018 2549 respiremus.
1043 2505 1253 2538 Exultamus
1278 2505 1460 2550 siquidem
1487 2512 1522 2539 et
1547 2506 1676 2539 merito
1702 2491 1863 2539 exultare
1889 2505 1998 2539 debet
2025 2505 2144 2538 omnis
2164 2510 2370 2537 sanctorum

491 2570 657 2612 ecclesia,
689 2571 784 2615 quod
815 2571 966 2604 visitans
996 2572 1156 2606 visitavit
1184 2584 1251 2606 nos
1282 2572 1406 2605 oriens
1436 2584 1479 2605 ex
1509 2572 1594 2613 alto7
1630 2579 1669 2605 ut
1702 2584 1831 2618 magna
1867 2584 1950 2617 pars
1984 2571 2172 2604 orientalis
2201 2570 2370 2613 ecclesie,

491 2637 620 2670 Grecia
645 2637 816 2670 videlicet
841 2650 933 2682 pene
960 2645 1044 2679 tota,
1071 2650 1142 2683 que
1167 2651 1186 2671 a
1210 2639 1439 2684 longissimis
1465 2646 1562 2672 retro
1589 2639 1816 2684 temporibus
1836 2638 1961 2672 matris
1981 2649 2047 2671 sue
2068 2644 2191 2671 sancte
2211 2638 2371 2670 Romane

492 2703 646 2736 ecclesie
672 2710 941 2748 contempserat
971 2704 1103 2737 imitari
1130 2705 1296 2750 vestigia,
1327 2705 1463 2738 nostris
1495 2705 1723 2750 temporibus
1754 2706 1844 2738 sacta
1871 2705 1919 2738 sit
1945 2705 1990 2737 de
2019 2703 2254 2737 inobediente
2284 2703 2371 2736 obe-

492 2770 610 2811 diens,
638 2777 673 2802 et
698 2770 742 2803 de
768 2770 1028 2815 contemptrice
1055 2771 1196 2804 devota.
1224 2771 1279 2804 Ad
1306 2772 1477 2816 majorem
1505 2772 1611 2804 etiam
1633 2771 1772 2804 accedit
1796 2771 2013 2804 affluentiam
2034 2770 2250 2815 gaudiorum
2273 2770 2371 2815 quod

443 2879 447 2883 .
490 2836 544 2870 vir
569 2836 895 2869 christianissimus
916 2836 1127 2870 carissimus
1147 2837 1184 2870 in
1205 2837 1351 2871 Christo
1373 2837 1471 2870 filius
1495 2844 1620 2871 noster
1642 2839 1702 2870 l3.¹
1726 2839 1926 2882 Imperator
1945 2836 2371 2882 Constantinopolitanus

490 2902 644 2936 illustris
672 2903 715 2936 ad
743 2915 782 2936 ea
811 2903 895 2936 totis
922 2902 1063 2936 viribus
1090 2904 1219 2949 satagit
1246 2910 1281 2936 et
1307 2904 1475 2945 intendit,
1503 2916 1568 2949 per
1594 2916 1664 2949 que
1690 2904 1807 2949 possit
1831 2911 1866 2937 et
1891 2903 2001 2937 debet
2019 2903 2215 2937 christiana
2240 2903 2370 2948 religio

490 2970 695 3015 propagari,
725 2977 761 3002 et
787 2976 825 3003 ut
854 2969 1036 3002 edificium
1062 2971 1135 3014 jam
1161 2982 1204 3003 ex
1229 2982 1356 3015 magna
1386 2977 1485 3015 parte
1513 2977 1760 3004 constructum
1789 2983 1860 3004 non
1887 2977 2043 3011 corruat,
2066 2971 2206 3003 ardenti
2233 2970 2371 3004 laborat
