2618 3640
1018 382 1314 405 INTRODUCTIO.
2065 384 2110 406 XV

221 460 375 508 scripsit,
413 459 544 507 quibus
582 459 697 495 donee
731 459 920 507 episcopus
955 458 1000 494 ad
1034 457 1174 493 curiam
1214 457 1367 493 venisset
1400 457 1589 492 arbitrium
1624 457 1865 493 decretorium
1903 457 2105 502 differebat,

219 531 304 579 qnid
331 531 475 567 interim
502 531 681 578 agendum
711 533 805 566 esset
836 530 1099 577 componendo.
1131 530 1174 565 Ut
1205 528 1380 576 quaedam
1412 529 1666 564 tantummodo
1697 540 1952 572 memoremus,
1987 541 2109 565 carcer

219 614 240 639 a
268 602 490 639 Cancellario
518 605 746 638 constructus
775 600 1029 638 demoliendus
1056 604 1145 645 erat,
1173 599 1418 636 Cancellarius
1446 612 1517 635 non
1547 600 1738 636 molestare
1765 600 1918 635 debebat
1950 614 1965 632 «
1994 600 2108 636 licen-

218 674 322 711 tiatos
349 674 395 711 ab
418 673 546 710 abbate
569 674 603 709 S.
632 673 831 710 Genovefae
856 673 945 720 quin
975 672 1036 708 ubi
1064 672 1315 708 consueverint
1336 671 1449 708 libere
1474 672 1632 719 incipere
1655 671 1796 707 valeant
1824 687 1857 715 »,
1890 676 1999 719 atque
2023 684 2107 708 usus

216 746 324 794 sigilli
339 745 576 789 scholarium,
597 748 872 793 «praeterquam
890 745 927 780 in
941 744 997 780 his
1010 756 1080 792 que
1093 744 1137 780 ad
1150 743 1312 780 osticium
1330 743 1596 791 procurationis
1614 743 1650 778 in
1666 743 1734 779 hac
1748 755 1856 779 causa
1872 743 2081 791 pertinent»
2097 773 2104 787 ,

217 817 505 866 suspendebatur
538 816 635 861 (Vid.
669 825 706 852 n„
738 818 811 860 45).
846 818 952 852 Anno
995 818 1103 860 1225,
1138 815 1297 864 sigillum
1330 815 1551 851 scholarium
1588 815 1740 850 fractum
1775 818 1828 850 est
1856 814 1958 862 (Vz'd.
1997 827 2106 862 snpra

215 901 296 938 pag.
323 890 385 933 x);
411 889 651 925 nihilominus
676 892 796 925 tamen
820 888 914 924 inter
936 888 1026 924 duas
1053 891 1173 936 partes
1194 887 1322 924 efficax
1342 887 1410 923 suit
1434 887 1651 934 compositio
1668 890 1843 935 quantum
1868 886 2039 923 attinebat
2060 886 2105 922 ad

214 960 399 997 licentiam
422 960 577 996 dandam
598 972 619 996 a
639 960 863 997 Cancellario
888 959 1097 1013 I’arisiensi,¹
1117 960 1162 995 ad
1186 959 1366 995 faciendas
1389 959 1662 995 constitutiones
1682 958 1725 994 de
1748 958 1956 994 ordinandis
1978 958 2104 994 lectio-

213 1032 321 1069 nibus
339 1036 374 1069 et
390 1032 695 1080 disputationibus
710 1044 751 1068 ac
772 1032 965 1080 puniendis
987 1031 1183 1068 rebellibus
1207 1043 1273 1079 per
1292 1030 1574 1067 subtractionem
1596 1031 1788 1075 societatis,
1818 1034 1853 1066 et
1876 1031 1919 1066 de
1942 1030 2104 1066 taxandis

213 1104 378 1152 hospitiis
403 1116 444 1140 ac
466 1103 683 1152 quibusdam
707 1104 801 1148 aliis,
825 1107 863 1139 ut
883 1107 1030 1151 apparet
1051 1115 1093 1139 ex
1115 1102 1333 1139 documento
1352 1106 1391 1138 n⁰
1414 1105 1473 1139 58.
1498 1104 1586 1138 Jura
1608 1106 1728 1138 autem
1749 1102 1961 1138 Cancellarii
1982 1114 2102 1138 coram

213 1176 447 1212 Universitate
488 1176 741 1223 magistrorum
783 1175 1077 1222 scholariumque
1113 1175 1279 1211 ultimam
1319 1186 1485 1210 normam
1516 1178 1729 1222 receperunt
1768 1174 1804 1210 in
1844 1174 2101 1210 constitutione

215 1263 230 1280 «
259 1249 393 1284 Parens
417 1247 650 1284 scientiarum
679 1262 716 1291 »,
745 1258 853 1294 quam
882 1247 1073 1294 Gregorius
1100 1248 1145 1281 IX
1176 1258 1271 1282 anno
1301 1248 1408 1290 1231,
1437 1249 1516 1294 post
1542 1246 1714 1282 reducem
1738 1246 2028 1290 Universitatem,
2057 1246 2101 1282 ad

211 1319 485 1355 reformandum
506 1318 666 1354 studium
693 1318 907 1363 Parisiense‚
936 1318 1149 1354 enuntiavit.
1173 1320 1330 1354 Potestas
1347 1317 1560 1353 Cancellarii
1581 1318 1681 1353 novis
1701 1321 1887 1354 coercetur
1906 1317 2096 1354 limitibus.

209 1392 303 1435 Jam,
340 1390 486 1438 quando
520 1390 734 1434 instituitur,
778 1401 899 1426 coram
937 1390 1105 1438 episcopo
1140 1389 1194 1426 vel
1230 1390 1266 1425 in
1307 1389 1464 1437 capitulo
1506 1389 1712 1434 parisiensi,
1748 1389 1997 1437 praesentibus
2033 1402 2098 1437 pro

210 1462 446 1498 Universitate
476 1462 697 1498 scholarium
730 1461 872 1498 duobus
901 1462 1092 1510 magistris,
1117 1462 1242 1510 jurare
1271 1461 1380 1497 debet
1410 1476 1425 1493 «
1453 1461 1549 1508 quod
1577 1462 1621 1497 ad
1648 1462 1811 1509 regimen
1840 1461 2033 1509 Theologie
2058 1474 2098 1497 ac

209 1535 488 1570 Decretorum...
514 1545 587 1570 non
610 1534 678 1570 nisi
699 1534 815 1582 dignis
836 1534 1019 1570 licentiam
1042 1533 1212 1582 largietur
1231 1549 1246 1566 »
1269 1545 1277 1577 ;
1299 1545 1407 1581 quam
1429 1533 1633 1581 Theologis,
1664 1533 1877 1569 inconsultis
1903 1534 2095 1581 magistris,

204 1605 404 1642 concedere
422 1617 493 1641 non
518 1609 671 1653 poterat.
695 1606 877 1641 Licentiae
895 1606 1034 1641 dandae
1051 1608 1222 1653 potestas,
1256 1605 1290 1640 in
1314 1604 1393 1641 aliis
1414 1605 1522 1640 etiam
1552 1604 1812 1649 Facultatibus,
1843 1605 1948 1641 certis
1972 1604 2098 1641 condi-

206 1677 371 1714 cionibus
397 1677 643 1725 adstringitur.
665 1678 792 1713 Jurare
818 1676 925 1713 debet
950 1677 1099 1724 insuper
1122 1691 1137 1710 «
1158 1676 1255 1724 quod
1287 1677 1438 1713 consilia
1468 1677 1722 1724 magistrorum
1749 1677 1786 1712 in
1814 1677 1951 1712 malum
1970 1688 2094 1712 eorum

204 1749 413 1785 nullatenus
438 1748 609 1785 revelabit
628 1764 661 1785 ».
694 1749 764 1797 Ipsi
787 1749 944 1797 denique
967 1760 1089 1785 carcer
1105 1749 1291 1793 adimitur,
1319 1760 1462 1784 carcerc
1482 1749 1638 1796 episcopi
1663 1752 1804 1784 tantum
1830 1752 1967 1785 retento
1988 1748 2091 1796 (Vz'cl.

204 1827 243 1856 n⁰
261 1820 332 1870 79).

304 1892 361 1929 Sic
378 1892 638 1937 Cancellarius,
658 1892 809 1928 durante
824 1904 890 1940 per
905 1892 1038 1928 multos
1051 1904 1165 1928 annos
1180 1893 1249 1929 hac
1262 1892 1324 1928 lite
1341 1904 1424 1928 cum
1442 1892 1677 1928 Universitate
1695 1903 1786 1939 quae
1806 1892 1945 1927 firmius
1964 1893 1999 1927 in
2018 1892 2092 1927 dies

202 1963 484 2008 convalescebat,
503 1964 677 2012 paulatim
694 1963 851 2012 plurima
866 1965 986 2000 amisit
1004 1976 1096 2012 quae
1118 1964 1220 2001 initio
1243 1964 1378 2000 saeculi
1394 1965 1476 1999 XIII
1495 1964 1606 2000 immo
1624 1964 1731 1999 etiam
1747 1975 1841 1999 auno
1862 1966 1953 1999 1213
1971 1976 2091 2012 posse-

202 2035 314 2072 derat.
334 2036 402 2078 Qui
420 2047 563 2072 summo
579 2036 732 2084 imperio
749 2039 955 2084 regnaverat
972 2036 1008 2072 in
1023 2036 1222 2072 exercendo
1240 2048 1392 2072 munere
1409 2036 1538 2084 ligatus
1555 2036 1664 2072 stetit.

298 2109 395 2144 Nova
415 2107 446 2144 ei
463 2108 605 2156 jactura
619 2108 788 2156 patienda
804 2108 885 2153 fuit,
911 2120 994 2144 cum
1014 2108 1137 2156 plures
1158 2108 1317 2155 magistri
1332 2111 1367 2144 et
1383 2108 1575 2152 scholares,
1596 2108 1718 2143 Insula
1740 2107 1876 2151 relicta,
1895 2107 1962 2143 sub
1978 2108 2089 2155 juris-

200 2179 394 2216 dictionem
415 2179 553 2215 ahbatis
578 2180 613 2216 S.
637 2179 838 2216 Genovesae
862 2192 899 2216 se
924 2183 1151 2228 receperunt,
1180 2180 1229 2215 ita
1249 2183 1286 2215 ut
1311 2180 1485 2227 paulatim
1507 2180 1598 2215 alius
1622 2179 1867 2215 Cancellarius
1885 2180 2084 2223 emerserit,

198 2251 235 2287 id
247 2254 299 2287 est
314 2251 556 2287 Cancellarius
572 2252 608 2287 S.
627 2251 844 2288 Genovesae.
862 2252 966 2294 Quod
979 2252 1132 2299 intelligi
1148 2251 1286 2299 nequit,
1306 2252 1374 2287 nisi
1391 2252 1489 2300 prius
1504 2252 1755 2299 quaestionem
1770 2251 2085 2299 dijudicaverimus

199 2325 322 2358 utrum
338 2323 375 2358 in
392 2323 525 2367 Insula,
551 2323 644 2359 inter
663 2323 753 2359 duos
775 2327 914 2371 pontes,
937 2323 1155 2359 Universitas
1176 2323 1221 2359 sit
1240 2323 1404 2367 formata,
1423 2335 1467 2358 an
1490 2334 1533 2358 ex
1549 2323 1707 2359 collectis
1728 2323 1907 2371 magistris
1927 2326 1960 2359 et
1981 2323 2086 2359 scho-

196 2393 333 2430 laribus
353 2394 506 2438 Insulae,
531 2395 567 2430 S.
595 2395 796 2431 Genovefae
815 2399 862 2439 et,
894 2395 923 2431 si
940 2395 1071 2443 placet,
1096 2396 1131 2432 S.
1153 2395 1323 2439 Victoris,
1351 2398 1388 2430 ut
1413 2395 1566 2430 Bulaeus
1592 2398 1625 2430 et
1646 2395 1792 2442 quidam
1813 2395 1873 2430 alii
1896 2398 1974 2442 post
1998 2406 2081 2430 cum

198 2465 480 2502 affirmaverunt.

296 2610 428 2645 Omnes
453 2609 651 2645 concedere
666 2609 797 2645 debent
817 2609 942 2646 saltem
961 2609 1156 2644 maximam
1176 2612 1314 2657 partem
1333 2609 1585 2657 magistrorum
1606 2613 1642 2645 et
1662 2609 1897 2654 scholarium,
1918 2614 2080 2658 tempore

195 2680 376 2716 nascentis
392 2679 650 2722 UniversitatiS,
669 2681 704 2716 in
730 2680 854 2716 Insula
871 2680 937 2716 sub
949 2680 1199 2728 jurisdictione
1221 2680 1433 2716 Cancellarii
1455 2680 1629 2716 eeclesiae
1650 2680 1860 2716 Parisiensis
1880 2680 2075 2717 habitasse.

194 2753 246 2787 De
272 2751 405 2788 scholis
430 2752 466 2788 S.
488 2751 644 2788 Victoris
665 2753 827 2800 quaestio
842 2755 897 2788 est
920 2751 1051 2795 inanis,
1077 2763 1159 2787 cum
1182 2755 1263 2799 post
1288 2755 1441 2788 mortem
1464 2751 1662 2788 celebrium
1688 2752 1943 2800 magistrorum
1967 2753 2077 2800 hujus

194 2823 405 2859 monasterii
428 2823 574 2860 saeculo
600 2825 682 2868 XII,
708 2824 798 2860 illud
817 2824 999 2872 magistris
1022 2823 1192 2867 caruerit,
1220 2823 1269 2859 ita
1291 2827 1327 2859 ut
1351 2835 1447 2860 anno
1477 2826 1570 2860 1237
1603 2824 1795 2872 Gregorius
1823 2826 1872 2860 IX
1897 2824 2015 2860 abbati
2044 2828 2077 2859 et

193 2894 411 2931 monasterio
440 2906 607 2943 expresse
634 2896 845 2944 magistrum
869 2895 1081 2944 theologum
1108 2896 1327 2932 concesserit
1353 2895 1450 2941 (Vici.
1479 2900 1517 2931 n⁰
1548 2896 1642 2944 111).
1670 2895 1838 2938 Quaestio
1865 2899 2005 2931 tantum
2031 2895 2075 2930 de

192 2965 326 3001 scholis
344 2967 379 3002 S.
400 2966 596 3003 Genovesae
611 2967 809 3004 tractanda.

2166 2603 2302 2629 Cunabula

2135 2635 2157 2660 U
2160 2635 2329 2660 niversitatis.
