<?xml version="1.0" encoding="UTF-8"?>
<!DOCTYPE html PUBLIC "-//W3C//DTD XHTML 1.0 Transitional//EN"
    "http://www.w3.org/TR/xhtml1/DTD/xhtml1-transitional.dtd">
<html xmlns="http://www.w3.org/1999/xhtml" xml:lang="en" lang="en">
 <head>
  <title>
</title>
<meta http-equiv="Content-Type" content="text/html;charset=utf-8" />
  <meta name='ocr-system' content='tesseract 3.04.00' />
  <meta name='ocr-capabilities' content='ocr_page ocr_carea ocr_par ocr_line ocrx_word'/>
</head>
<body>
  <div class='ocr_page' id='page_1' title='image "./chartulariumuniv01univuoft_0151.png"; bbox 0 0 2580 3528; ppageno 0'>
   <div class='ocr_carea' id='block_1_1' title="bbox 0 0 126 3528">
    <p class='ocr_par' dir='ltr' id='par_1_1' title="bbox 0 0 126 3528">
     <span class='ocr_line' id='line_1_1' title="bbox 0 0 126 3528; baseline 0 0"><span class='ocrx_word' id='word_1_1' title='bbox 0 0 126 3528; x_wconf 95' lang='lat' dir='ltr'><strong> </strong></span> 
     </span>
    </p>
   </div>
   <div class='ocr_carea' id='block_1_2' title="bbox 280 414 2156 464">
    <p class='ocr_par' dir='ltr' id='par_1_2' title="bbox 280 414 2156 464">
     <span class='ocr_line' id='line_1_2' title="bbox 280 414 2156 464; baseline 0 -9"><span class='ocrx_word' id='word_1_2' title='bbox 280 422 378 464; x_wconf 90' lang='lat'><strong>1227]</strong></span> <span class='ocrx_word' id='word_1_3' title='bbox 620 432 668 454; x_wconf 73' lang='grc' dir='ltr'><strong>ΑΒ</strong></span> <span class='ocrx_word' id='word_1_4' title='bbox 700 431 808 454; x_wconf 69' lang='lat' dir='ltr'><strong>Anno</strong></span> <span class='ocrx_word' id='word_1_5' title='bbox 842 431 920 454; x_wconf 71' lang='lat' dir='ltr'><strong>mcc</strong></span> <span class='ocrx_word' id='word_1_6' title='bbox 954 431 1087 459; x_wconf 72' lang='lat' dir='ltr'><strong>usous</strong></span> <span class='ocrx_word' id='word_1_7' title='bbox 1120 430 1170 453; x_wconf 73' lang='lat' dir='ltr'><strong>An</strong></span> <span class='ocrx_word' id='word_1_8' title='bbox 1204 430 1434 452; x_wconf 72' lang='lat' dir='ltr'><strong>rmmrruu</strong></span> <span class='ocrx_word' id='word_1_9' title='bbox 1469 431 1510 452; x_wconf 77' lang='lat' dir='ltr'><strong>iv</strong></span> <span class='ocrx_word' id='word_1_10' title='bbox 1546 431 1634 453; x_wconf 67' lang='lat' dir='ltr'><strong>aas.</strong></span> <span class='ocrx_word' id='word_1_11' title='bbox 1672 431 1808 453; x_wconf 64' lang='lat' dir='ltr'><strong>rnAnc.</strong></span> <span class='ocrx_word' id='word_1_12' title='bbox 2093 414 2156 455; x_wconf 84' lang='lat'><strong>109</strong></span> 
     </span>
    </p>
   </div>
   <div class='ocr_carea' id='block_1_3' title="bbox 276 504 2157 887">
    <p class='ocr_par' dir='ltr' id='par_1_3' title="bbox 276 504 2157 887">
     <span class='ocr_line' id='line_1_3' title="bbox 277 504 2156 550; baseline -0.001 -10"><span class='ocrx_word' id='word_1_13' title='bbox 277 506 433 540; x_wconf 86' lang='lat' dir='ltr'><strong>accessit</strong></span> <span class='ocrx_word' id='word_1_14' title='bbox 460 513 497 540; x_wconf 90' lang='lat' dir='ltr'><strong>et</strong></span> <span class='ocrx_word' id='word_1_15' title='bbox 528 518 610 540; x_wconf 92' lang='lat' dir='ltr'><strong>cum</strong></span> <span class='ocrx_word' id='word_1_16' title='bbox 628 505 818 539; x_wconf 58' lang='lat' dir='ltr'><strong>fratribus</strong></span> <span class='ocrx_word' id='word_1_17' title='bbox 848 505 886 538; x_wconf 92' lang='lat' dir='ltr'><strong>in</strong></span> <span class='ocrx_word' id='word_1_18' title='bbox 916 505 1112 538; x_wconf 78' lang='lat' dir='ltr'><strong>refectorio</strong></span> <span class='ocrx_word' id='word_1_19' title='bbox 1141 504 1313 538; x_wconf 89' lang='lat' dir='ltr'><strong>comedit.</strong></span> <span class='ocrx_word' id='word_1_20' title='bbox 1346 504 1521 538; x_wconf 81' lang='lat' dir='ltr'>Similiter</span> <span class='ocrx_word' id='word_1_21' title='bbox 1550 504 1721 538; x_wconf 88' lang='lat' dir='ltr'><strong>dominus</strong></span> <span class='ocrx_word' id='word_1_22' title='bbox 1753 505 1896 550; x_wconf 87' lang='lat' dir='ltr'><strong>legatus</strong></span> <span class='ocrx_word' id='word_1_23' title='bbox 1924 506 2093 539; x_wconf 76' lang='lat' dir='ltr'><strong>Francie²</strong></span> <span class='ocrx_word' id='word_1_24' title='bbox 2120 507 2156 539; x_wconf 93' lang='lat' dir='ltr'><strong>in</strong></span> 
     </span>
     <span class='ocr_line' id='line_1_4' title="bbox 276 571 2157 618; baseline -0.001 -11"><span class='ocrx_word' id='word_1_25' title='bbox 276 573 571 607; x_wconf 86' lang='lat' dir='ltr'><strong>Annunciatione</strong></span> <span class='ocrx_word' id='word_1_26' title='bbox 597 572 702 606; x_wconf 87' lang='lat' dir='ltr'><strong>beate</strong></span> <span class='ocrx_word' id='word_1_27' title='bbox 721 572 890 618; x_wconf 78' lang='lat' dir='ltr'>Virginis</span> <span class='ocrx_word' id='word_1_28' title='bbox 914 584 996 605; x_wconf 87' lang='lat' dir='ltr'><strong>cum</strong></span> <span class='ocrx_word' id='word_1_29' title='bbox 1021 571 1195 605; x_wconf 88' lang='lat' dir='ltr'><strong>fratribus</strong></span> <span class='ocrx_word' id='word_1_30' title='bbox 1223 571 1260 604; x_wconf 94' lang='lat' dir='ltr'><strong>in</strong></span> <span class='ocrx_word' id='word_1_31' title='bbox 1290 571 1483 605; x_wconf 82' lang='lat' dir='ltr'><strong>refectorio</strong></span> <span class='ocrx_word' id='word_1_32' title='bbox 1510 571 1682 613; x_wconf 73' lang='lat' dir='ltr'><strong>comedit,</strong></span> <span class='ocrx_word' id='word_1_33' title='bbox 1704 578 1740 605; x_wconf 92' lang='lat' dir='ltr'><strong>et</strong></span> <span class='ocrx_word' id='word_1_34' title='bbox 1764 572 1842 617; x_wconf 89' lang='lat' dir='ltr'><strong>ipsa</strong></span> <span class='ocrx_word' id='word_1_35' title='bbox 1871 573 2015 618; x_wconf 76' lang='lat' dir='ltr'><strong>regina&#39;</strong></span> <span class='ocrx_word' id='word_1_36' title='bbox 2037 579 2157 606; x_wconf 89' lang='lat' dir='ltr'><strong>tener-</strong></span> 
     </span>
     <span class='ocr_line' id='line_1_5' title="bbox 278 638 2154 686; baseline -0.001 -12"><span class='ocrx_word' id='word_1_37' title='bbox 278 640 368 674; x_wconf 91' lang='lat' dir='ltr'><strong>rime</strong></span> <span class='ocrx_word' id='word_1_38' title='bbox 389 639 510 686; x_wconf 84' lang='lat' dir='ltr'><strong>diligit</strong></span> <span class='ocrx_word' id='word_1_39' title='bbox 531 640 675 681; x_wconf 82' lang='lat' dir='ltr'><strong>fratres,</strong></span> <span class='ocrx_word' id='word_1_40' title='bbox 697 651 767 685; x_wconf 90' lang='lat' dir='ltr'><strong>que</strong></span> <span class='ocrx_word' id='word_1_41' title='bbox 792 651 934 672; x_wconf 90' lang='lat' dir='ltr'><strong>mecum</strong></span> <span class='ocrx_word' id='word_1_42' title='bbox 955 639 1000 672; x_wconf 91' lang='lat' dir='ltr'><strong>de</strong></span> <span class='ocrx_word' id='word_1_43' title='bbox 1025 639 1195 684; x_wconf 88' lang='lat' dir='ltr'><strong>negociis</strong></span> <span class='ocrx_word' id='word_1_44' title='bbox 1220 639 1298 672; x_wconf 84' lang='lat' dir='ltr'><strong>suis</strong></span> <span class='ocrx_word' id='word_1_45' title='bbox 1319 650 1382 672; x_wconf 93' lang='lat' dir='ltr'><strong>ore</strong></span> <span class='ocrx_word' id='word_1_46' title='bbox 1399 639 1548 684; x_wconf 89' lang='lat' dir='ltr'><strong>proprio</strong></span> <span class='ocrx_word' id='word_1_47' title='bbox 1570 638 1658 672; x_wconf 86' lang='lat' dir='ltr'><strong>satis</strong></span> <span class='ocrx_word' id='word_1_48' title='bbox 1678 638 1903 672; x_wconf 87' lang='lat' dir='ltr'><strong>familiariter</strong></span> <span class='ocrx_word' id='word_1_49' title='bbox 1926 639 2154 684; x_wconf 83' lang='lat' dir='ltr'>loquebatur.</span> 
     </span>
     <span class='ocr_line' id='line_1_6' title="bbox 278 705 2157 751; baseline -0.001 -11"><span class='ocrx_word' id='word_1_50' title='bbox 278 708 352 741; x_wconf 91' lang='lat' dir='ltr'><strong>Hec</strong></span> <span class='ocrx_word' id='word_1_51' title='bbox 372 707 456 740; x_wconf 92' lang='lat' dir='ltr'><strong>ideo</strong></span> <span class='ocrx_word' id='word_1_52' title='bbox 472 706 538 740; x_wconf 86' lang='lat' dir='ltr'><strong>tibi</strong></span> <span class='ocrx_word' id='word_1_53' title='bbox 558 706 695 748; x_wconf 80' lang='lat' dir='ltr'><strong>scribo,</strong></span> <span class='ocrx_word' id='word_1_54' title='bbox 716 705 804 748; x_wconf 85' lang='lat' dir='ltr'><strong>filia,</strong></span> <span class='ocrx_word' id='word_1_55' title='bbox 825 713 865 739; x_wconf 93' lang='lat' dir='ltr'><strong>ut</strong></span> <span class='ocrx_word' id='word_1_56' title='bbox 884 706 1080 739; x_wconf 92' lang='lat' dir='ltr'><strong>Dominum</strong></span> <span class='ocrx_word' id='word_1_57' title='bbox 1102 712 1268 739; x_wconf 89' lang='lat' dir='ltr'><strong>nostrum</strong></span> <span class='ocrx_word' id='word_1_58' title='bbox 1290 718 1356 751; x_wconf 91' lang='lat' dir='ltr'><strong>pro</strong></span> <span class='ocrx_word' id='word_1_59' title='bbox 1377 705 1449 739; x_wconf 89' lang='lat' dir='ltr'><strong>hiis</strong></span> <span class='ocrx_word' id='word_1_60' title='bbox 1469 712 1504 739; x_wconf 89' lang='lat' dir='ltr'><strong>et</strong></span> <span class='ocrx_word' id='word_1_61' title='bbox 1526 718 1592 751; x_wconf 90' lang='lat' dir='ltr'><strong>pro</strong></span> <span class='ocrx_word' id='word_1_62' title='bbox 1613 705 1695 739; x_wconf 88' lang='lat' dir='ltr'><strong>aliis</strong></span> <span class='ocrx_word' id='word_1_63' title='bbox 1715 705 1824 739; x_wconf 85' lang='lat' dir='ltr'><strong>bonis</strong></span> <span class='ocrx_word' id='word_1_64' title='bbox 1844 705 1972 739; x_wconf 89' lang='lat' dir='ltr'><strong>laudes</strong></span> <span class='ocrx_word' id='word_1_65' title='bbox 1989 713 2024 739; x_wconf 92' lang='lat' dir='ltr'><strong>et</strong></span> <span class='ocrx_word' id='word_1_66' title='bbox 2043 706 2157 751; x_wconf 87' lang='lat' dir='ltr'><strong>glori-</strong></span> 
     </span>
     <span class='ocr_line' id='line_1_7' title="bbox 277 773 2155 819; baseline -0.001 -11"><span class='ocrx_word' id='word_1_67' title='bbox 277 774 379 816; x_wconf 81' lang='lat' dir='ltr'><strong>fices,</strong></span> <span class='ocrx_word' id='word_1_68' title='bbox 401 781 437 808; x_wconf 90' lang='lat' dir='ltr'><strong>et</strong></span> <span class='ocrx_word' id='word_1_69' title='bbox 456 773 527 808; x_wconf 90' lang='lat' dir='ltr'><strong>sibi</strong></span> <span class='ocrx_word' id='word_1_70' title='bbox 547 786 566 807; x_wconf 88' lang='lat' dir='ltr'><strong>a</strong></span> <span class='ocrx_word' id='word_1_71' title='bbox 588 773 780 807; x_wconf 82' lang='lat' dir='ltr'><strong>sororibus</strong></span> <span class='ocrx_word' id='word_1_72' title='bbox 803 773 876 807; x_wconf 89' lang='lat' dir='ltr'><strong>tuis</strong></span> <span class='ocrx_word' id='word_1_73' title='bbox 896 773 1006 806; x_wconf 87' lang='lat' dir='ltr'><strong>facias</strong></span> <span class='ocrx_word' id='word_1_74' title='bbox 1026 773 1085 819; x_wconf 88' lang='lat' dir='ltr'><strong>agi</strong></span> <span class='ocrx_word' id='word_1_75' title='bbox 1106 773 1202 806; x_wconf 87' lang='lat' dir='ltr'><strong>sicut</strong></span> <span class='ocrx_word' id='word_1_76' title='bbox 1215 773 1356 818; x_wconf 83' lang='lat' dir='ltr'><strong>justum</strong></span> <span class='ocrx_word' id='word_1_77' title='bbox 1383 780 1440 806; x_wconf 89' lang='lat' dir='ltr'><strong>est</strong></span> <span class='ocrx_word' id='word_1_78' title='bbox 1458 773 1593 819; x_wconf 86' lang='lat' dir='ltr'><strong>gratias</strong></span> <span class='ocrx_word' id='word_1_79' title='bbox 1613 773 1852 806; x_wconf 77' lang='lat' dir='ltr'><strong>incessanter.</strong></span> <span class='ocrx_word' id='word_1_80' title='bbox 1870 773 2009 807; x_wconf 87' lang='lat' dir='ltr'><strong>Valete.</strong></span> <span class='ocrx_word' id='word_1_81' title='bbox 2033 773 2155 806; x_wconf 82' lang='lat' dir='ltr'><strong>Facias</strong></span> 
     </span>
     <span class='ocr_line' id='line_1_8' title="bbox 277 840 2156 887; baseline -0.001 -13"><span class='ocrx_word' id='word_1_82' title='bbox 277 841 372 875; x_wconf 89' lang='lat' dir='ltr'><strong>orari</strong></span> <span class='ocrx_word' id='word_1_83' title='bbox 394 853 459 887; x_wconf 90' lang='lat' dir='ltr'><strong>pro</strong></span> <span class='ocrx_word' id='word_1_84' title='bbox 479 853 537 874; x_wconf 92' lang='lat' dir='ltr'><strong>me</strong></span> <span class='ocrx_word' id='word_1_85' title='bbox 558 847 594 874; x_wconf 93' lang='lat' dir='ltr'><strong>et</strong></span> <span class='ocrx_word' id='word_1_86' title='bbox 612 840 798 874; x_wconf 78' lang='lat' dir='ltr'><strong>fratribus.</strong></span> <span class='ocrx_word' id='word_1_87' title='bbox 821 840 957 874; x_wconf 78' lang='lat' dir='ltr'>Salutat</span> <span class='ocrx_word' id='word_1_88' title='bbox 972 847 1006 874; x_wconf 83' lang='lat' dir='ltr'><strong>te</strong></span> <span class='ocrx_word' id='word_1_89' title='bbox 1027 840 1137 873; x_wconf 84' lang='lat' dir='ltr'><strong>frater</strong></span> <span class='ocrx_word' id='word_1_90' title='bbox 1157 840 1350 874; x_wconf 91' lang='lat' dir='ltr'><strong>Conradus</strong></span> <span class='ocrx_word' id='word_1_91' title='bbox 1366 840 1630 882; x_wconf 82' lang='lat' dir='ltr'><strong>Theutonicus,</strong></span> <span class='ocrx_word' id='word_1_92' title='bbox 1648 840 1709 886; x_wconf 92' lang='lat' dir='ltr'><strong>qui</strong></span> <span class='ocrx_word' id='word_1_93' title='bbox 1733 852 1871 873; x_wconf 86' lang='lat' dir='ltr'><strong>mecum</strong></span> <span class='ocrx_word' id='word_1_94' title='bbox 1890 840 1956 874; x_wconf 88' lang='lat' dir='ltr'><strong>suit</strong></span> <span class='ocrx_word' id='word_1_95' title='bbox 1978 841 2156 882; x_wconf 86' lang='lat' dir='ltr'><strong>Bononie,</strong></span> 
     </span>
    </p>
   </div>
   <div class='ocr_carea' id='block_1_4' title="bbox 277 907 837 954">
    <p class='ocr_par' dir='ltr' id='par_1_4' title="bbox 277 907 837 954">
     <span class='ocr_line' id='line_1_9' title="bbox 277 907 837 954; baseline -0.004 -12"><span class='ocrx_word' id='word_1_96' title='bbox 277 914 313 942; x_wconf 90' lang='lat' dir='ltr'><strong>et</strong></span> <span class='ocrx_word' id='word_1_97' title='bbox 328 914 434 954; x_wconf 86' lang='lat' dir='ltr'><strong>rogat</strong></span> <span class='ocrx_word' id='word_1_98' title='bbox 453 908 549 941; x_wconf 89' lang='lat' dir='ltr'><strong>orari</strong></span> <span class='ocrx_word' id='word_1_99' title='bbox 570 919 637 953; x_wconf 90' lang='lat' dir='ltr'><strong>pro</strong></span> <span class='ocrx_word' id='word_1_100' title='bbox 658 919 711 941; x_wconf 89' lang='lat' dir='ltr'><strong>se.</strong></span> <span class='ocrx_word' id='word_1_101' title='bbox 733 907 837 942; x_wconf 85' lang='lat' dir='ltr'><strong>Vale.</strong></span> 
     </span>
    </p>
   </div>
   <div class='ocr_carea' id='block_1_5' title="bbox 276 992 2155 1070">
    <p class='ocr_par' dir='ltr' id='par_1_5' title="bbox 276 992 2155 1070">
     <span class='ocr_line' id='line_1_10' title="bbox 370 992 2155 1025; baseline 0 -9"><span class='ocrx_word' id='word_1_102' title='bbox 370 993 433 1017; x_wconf 86' lang='lat' dir='ltr'><strong>Cod.</strong></span> <span class='ocrx_word' id='word_1_103' title='bbox 450 993 555 1025; x_wconf 72' lang='lat' dir='ltr'><strong>epistol.</strong></span> <span class='ocrx_word' id='word_1_104' title='bbox 575 992 698 1024; x_wconf 73' lang='lat' dir='ltr'><strong>magistri</strong></span> <span class='ocrx_word' id='word_1_105' title='bbox 713 992 825 1017; x_wconf 77' lang='lat' dir='ltr'><strong>Jordani</strong></span> <span class='ocrx_word' id='word_1_106' title='bbox 847 993 880 1016; x_wconf 76' lang='lat' dir='ltr'><strong>ad</strong></span> <span class='ocrx_word' id='word_1_107' title='bbox 903 992 967 1016; x_wconf 78' lang='lat' dir='ltr'><strong>Ord.</strong></span> <span class='ocrx_word' id='word_1_108' title='bbox 988 993 1081 1016; x_wconf 75' lang='lat' dir='ltr'><strong>Praed.</strong></span> <span class='ocrx_word' id='word_1_109' title='bbox 1101 992 1247 1024; x_wconf 80' lang='lat' dir='ltr'><strong>pertinens,</strong></span> <span class='ocrx_word' id='word_1_110' title='bbox 1268 996 1297 1015; x_wconf 86' lang='lat' dir='ltr'><strong>n⁰</strong></span> <span class='ocrx_word' id='word_1_111' title='bbox 1318 993 1358 1016; x_wconf 79' lang='lat'><strong>33.</strong></span> <span class='ocrx_word' id='word_1_112' title='bbox 1380 1006 1412 1010; x_wconf 92' lang='lat'><strong>—</strong></span> <span class='ocrx_word' id='word_1_113' title='bbox 1433 992 1502 1016; x_wconf 84' lang='lat' dir='ltr'><strong>Bibl.</strong></span> <span class='ocrx_word' id='word_1_114' title='bbox 1528 992 1651 1016; x_wconf 77' lang='lat' dir='ltr'><strong>Casnnat.</strong></span> <span class='ocrx_word' id='word_1_115' title='bbox 1673 992 1702 1016; x_wconf 83' lang='lat' dir='ltr'><strong>D.</strong></span> <span class='ocrx_word' id='word_1_116' title='bbox 1724 993 1766 1020; x_wconf 81' lang='lat' dir='ltr'><strong>lv,</strong></span> <span class='ocrx_word' id='word_1_117' title='bbox 1786 993 1824 1021; x_wconf 69' lang='lat'><strong>211,</strong></span> <span class='ocrx_word' id='word_1_118' title='bbox 1846 996 1875 1016; x_wconf 87' lang='lat' dir='ltr'><strong>n⁰</strong></span> <span class='ocrx_word' id='word_1_119' title='bbox 1894 993 1932 1016; x_wconf 82' lang='lat'><strong>32.</strong></span> <span class='ocrx_word' id='word_1_120' title='bbox 1953 993 2000 1016; x_wconf 86' lang='lat' dir='ltr'><strong>Ed.</strong></span> <span class='ocrx_word' id='word_1_121' title='bbox 2023 992 2155 1024; x_wconf 79' lang='lat' dir='ltr'><strong>Bayonne,</strong></span> 
     </span>
     <span class='ocr_line' id='line_1_11' title="bbox 276 1038 456 1070; baseline 0 -9"><span class='ocrx_word' id='word_1_122' title='bbox 276 1046 302 1070; x_wconf 86' lang='lat' dir='ltr'><strong>p.</strong></span> <span class='ocrx_word' id='word_1_123' title='bbox 318 1038 358 1067; x_wconf 79' lang='grc'><strong>62,</strong></span> <span class='ocrx_word' id='word_1_124' title='bbox 374 1041 404 1061; x_wconf 84' lang='lat' dir='ltr'><strong>n⁰</strong></span> <span class='ocrx_word' id='word_1_125' title='bbox 418 1038 456 1061; x_wconf 88' lang='lat'><strong>17.</strong></span> 
     </span>
    </p>
   </div>
   <div class='ocr_carea' id='block_1_6' title="bbox 371 1108 1460 1140">
    <p class='ocr_par' dir='ltr' id='par_1_6' title="bbox 371 1108 1460 1140">
     <span class='ocr_line' id='line_1_12' title="bbox 371 1108 1460 1140; baseline 0 -8"><span class='ocrx_word' id='word_1_126' title='bbox 371 1109 393 1132; x_wconf 80' lang='lat'><strong>1.</strong></span> <span class='ocrx_word' id='word_1_127' title='bbox 409 1108 638 1133; x_wconf 75' lang='lat' dir='ltr'><strong>Bartholomaeus.</strong></span> <span class='ocrx_word' id='word_1_128' title='bbox 653 1122 684 1126; x_wconf 94' lang='lat'><strong>——</strong></span> <span class='ocrx_word' id='word_1_129' title='bbox 698 1109 720 1132; x_wconf 84' lang='lat'><strong>2.</strong></span> <span class='ocrx_word' id='word_1_130' title='bbox 738 1109 871 1133; x_wconf 78' lang='lat' dir='ltr'><strong>Romanus</strong></span> <span class='ocrx_word' id='word_1_131' title='bbox 886 1108 926 1132; x_wconf 76' lang='lat' dir='ltr'><strong>tit.</strong></span> <span class='ocrx_word' id='word_1_132' title='bbox 944 1108 970 1131; x_wconf 93' lang='lat' dir='ltr'><strong>S.</strong></span> <span class='ocrx_word' id='word_1_133' title='bbox 987 1108 1079 1140; x_wconf 76' lang='lat' dir='ltr'><strong>Angeli</strong></span> <span class='ocrx_word' id='word_1_134' title='bbox 1094 1108 1161 1131; x_wconf 79' lang='lat' dir='ltr'><strong>diac.</strong></span> <span class='ocrx_word' id='word_1_135' title='bbox 1181 1109 1252 1132; x_wconf 77' lang='lat' dir='ltr'><strong>card.</strong></span> <span class='ocrx_word' id='word_1_136' title='bbox 1268 1122 1300 1126; x_wconf 96' lang='lat'><strong>—</strong></span> <span class='ocrx_word' id='word_1_137' title='bbox 1314 1109 1336 1132; x_wconf 88' lang='grc'><strong>3.</strong></span> <span class='ocrx_word' id='word_1_138' title='bbox 1353 1108 1460 1132; x_wconf 83' lang='lat' dir='ltr'><strong>Blnncn.</strong></span> 
     </span>
    </p>
   </div>
   <div class='ocr_carea' id='block_1_7' title="bbox 277 1276 2157 1371">
    <p class='ocr_par' dir='ltr' id='par_1_7' title="bbox 277 1276 2157 1371">
     <span class='ocr_line' id='line_1_13' title="bbox 277 1276 2157 1320; baseline -0.001 -7"><span class='ocrx_word' id='word_1_139' title='bbox 277 1276 357 1314; x_wconf 84' lang='lat'><strong>53.</strong></span> <span class='ocrx_word' id='word_1_140' title='bbox 383 1285 443 1312; x_wconf 82' lang='lat' dir='ltr'><strong>Odo</strong></span> <span class='ocrx_word' id='word_1_141' title='bbox 458 1285 552 1312; x_wconf 72' lang='lat' dir='ltr'><strong>abbas</strong></span> <span class='ocrx_word' id='word_1_142' title='bbox 568 1286 596 1312; x_wconf 89' lang='lat' dir='ltr'><strong>S.</strong></span> <span class='ocrx_word' id='word_1_143' title='bbox 616 1285 750 1312; x_wconf 81' lang='lat' dir='ltr'><strong>Germani</strong></span> <span class='ocrx_word' id='word_1_144' title='bbox 768 1284 805 1311; x_wconf 80' lang='lat' dir='ltr'><strong>de</strong></span> <span class='ocrx_word' id='word_1_145' title='bbox 826 1285 926 1311; x_wconf 79' lang='lat' dir='ltr'><strong>Pratis</strong></span> <span class='ocrx_word' id='word_1_146' title='bbox 941 1285 1037 1311; x_wconf 80' lang='lat' dir='ltr'><strong>Paris.</strong></span> <span class='ocrx_word' id='word_1_147' title='bbox 1056 1289 1083 1311; x_wconf 78' lang='lat' dir='ltr'><strong>et</strong></span> <span class='ocrx_word' id='word_1_148' title='bbox 1098 1289 1250 1311; x_wconf 78' lang='lat' dir='ltr'><strong>conventus</strong></span> <span class='ocrx_word' id='word_1_149' title='bbox 1270 1285 1429 1311; x_wconf 79' lang='lat' dir='ltr'><strong>concedunt</strong></span> <span class='ocrx_word' id='word_1_150' title='bbox 1447 1285 1550 1311; x_wconf 81' lang='lat' dir='ltr'><strong>abbati</strong></span> <span class='ocrx_word' id='word_1_151' title='bbox 1564 1285 1694 1320; x_wconf 83' lang='lat' dir='ltr'><strong>Radulso</strong></span> <span class='ocrx_word' id='word_1_152' title='bbox 1715 1289 1743 1312; x_wconf 83' lang='lat' dir='ltr'><strong>et</strong></span> <span class='ocrx_word' id='word_1_153' title='bbox 1762 1286 1911 1311; x_wconf 79' lang='lat' dir='ltr'><strong>conventui</strong></span> <span class='ocrx_word' id='word_1_154' title='bbox 1928 1286 2157 1313; x_wconf 74' lang='lat' dir='ltr'><strong>Cistercienszum</strong></span> 
     </span>
     <span class='ocr_line' id='line_1_14' title="bbox 369 1333 2154 1371; baseline 0.001 -10"><span class='ocrx_word' id='word_1_155' title='bbox 369 1334 567 1370; x_wconf 68' lang='lat' dir='ltr'><strong>Claraevallis,</strong></span> <span class='ocrx_word' id='word_1_156' title='bbox 590 1338 622 1360; x_wconf 73' lang='lat' dir='ltr'><strong>ut</strong></span> <span class='ocrx_word' id='word_1_157' title='bbox 639 1333 753 1360; x_wconf 81' lang='lat' dir='ltr'><strong>domum</strong></span> <span class='ocrx_word' id='word_1_158' title='bbox 771 1334 880 1369; x_wconf 65' lang='lat' dir='ltr'><strong>Paris„</strong></span> <span class='ocrx_word' id='word_1_159' title='bbox 902 1343 989 1370; x_wconf 84' lang='lat' dir='ltr'><strong>quam</strong></span> <span class='ocrx_word' id='word_1_160' title='bbox 1011 1334 1054 1360; x_wconf 80' lang='lat' dir='ltr'><strong>eis</strong></span> <span class='ocrx_word' id='word_1_161' title='bbox 1073 1333 1155 1360; x_wconf 79' lang='lat' dir='ltr'><strong>dedit</strong></span> <span class='ocrx_word' id='word_1_162' title='bbox 1176 1333 1330 1360; x_wconf 81' lang='lat' dir='ltr'><strong>Mathildis</strong></span> <span class='ocrx_word' id='word_1_163' title='bbox 1345 1334 1381 1360; x_wconf 82' lang='lat' dir='ltr'><strong>de</strong></span> <span class='ocrx_word' id='word_1_164' title='bbox 1398 1334 1557 1369; x_wconf 81' lang='lat' dir='ltr'><strong>Garlanda,</strong></span> <span class='ocrx_word' id='word_1_165' title='bbox 1575 1334 1628 1360; x_wconf 83' lang='lat' dir='ltr'><strong>sub</strong></span> <span class='ocrx_word' id='word_1_166' title='bbox 1644 1335 1729 1361; x_wconf 77' lang='lat' dir='ltr'><strong>certis</strong></span> <span class='ocrx_word' id='word_1_167' title='bbox 1744 1334 1956 1361; x_wconf 80' lang='lat' dir='ltr'><strong>conditionibus</strong></span> <span class='ocrx_word' id='word_1_168' title='bbox 1973 1335 2154 1371; x_wconf 73' lang='lat' dir='ltr'><strong>possideant.</strong></span> 
     </span>
    </p>
   </div>
   <div class='ocr_carea' id='block_1_8' title="bbox 1370 1423 1869 1459">
    <p class='ocr_par' dir='ltr' id='par_1_8' title="bbox 1370 1423 1869 1459">
     <span class='ocr_line' id='line_1_15' title="bbox 1370 1423 1869 1459; baseline 0 -9"><span class='ocrx_word' id='word_1_169' title='bbox 1370 1425 1448 1454; x_wconf 85' lang='grc'><strong>1227,</strong></span> <span class='ocrx_word' id='word_1_170' title='bbox 1464 1431 1554 1450; x_wconf 68' lang='lat' dir='ltr'><strong>monce</strong></span> <span class='ocrx_word' id='word_1_171' title='bbox 1568 1425 1699 1454; x_wconf 65' lang='lat' dir='ltr'><strong>«lanum-Io.</strong></span> <span class='ocrx_word' id='word_1_172' title='bbox 1714 1423 1734 1459; x_wconf 94' lang='grc'><strong><em>[</em></strong></span> <span class='ocrx_word' id='word_1_173' title='bbox 1735 1425 1842 1451; x_wconf 63' lang='lat' dir='ltr'><strong>Parisii&amp;</strong></span> <span class='ocrx_word' id='word_1_174' title='bbox 1842 1424 1869 1459; x_wconf 88' lang='lat' dir='ltr'><strong>J.</strong></span> 
     </span>
    </p>
   </div>
   <div class='ocr_carea' id='block_1_9' title="bbox 271 1497 2157 2537">
    <p class='ocr_par' dir='ltr' id='par_1_9' title="bbox 271 1497 2157 2537">
     <span class='ocr_line' id='line_1_16' title="bbox 366 1497 2155 1545; baseline 0.001 -14"><span class='ocrx_word' id='word_1_175' title='bbox 366 1498 558 1532; x_wconf 86' lang='lat' dir='ltr'><strong>Universis</strong></span> <span class='ocrx_word' id='word_1_176' title='bbox 587 1497 823 1544; x_wconf 79' lang='lat' dir='ltr'><strong>presentibus</strong></span> <span class='ocrx_word' id='word_1_177' title='bbox 855 1498 990 1544; x_wconf 89' lang='lat' dir='ltr'><strong>pariter</strong></span> <span class='ocrx_word' id='word_1_178' title='bbox 1018 1505 1054 1532; x_wconf 90' lang='lat' dir='ltr'><strong>et</strong></span> <span class='ocrx_word' id='word_1_179' title='bbox 1082 1499 1214 1532; x_wconf 85' lang='lat' dir='ltr'><strong>futuris</strong></span> <span class='ocrx_word' id='word_1_180' title='bbox 1244 1499 1287 1532; x_wconf 91' lang='lat' dir='ltr'><strong>ad</strong></span> <span class='ocrx_word' id='word_1_181' title='bbox 1321 1511 1414 1544; x_wconf 89' lang='lat' dir='ltr'><strong>quos</strong></span> <span class='ocrx_word' id='word_1_182' title='bbox 1444 1505 1636 1545; x_wconf 79' lang='lat' dir='ltr'><strong>presentes</strong></span> <span class='ocrx_word' id='word_1_183' title='bbox 1662 1499 1782 1532; x_wconf 81' lang='lat' dir='ltr'><strong>littere</strong></span> <span class='ocrx_word' id='word_1_184' title='bbox 1813 1500 2048 1544; x_wconf 87' lang='lat' dir='ltr'><strong>pervenerint</strong></span> <span class='ocrx_word' id='word_1_185' title='bbox 2075 1500 2155 1534; x_wconf 94' lang='lat' dir='ltr'><strong>Odo</strong></span> 
     </span>
     <span class='ocr_line' id='line_1_17' title="bbox 277 1565 2154 1611; baseline 0.001 -13"><span class='ocrx_word' id='word_1_186' title='bbox 277 1565 398 1599; x_wconf 86' lang='lat' dir='ltr'><strong>divina</strong></span> <span class='ocrx_word' id='word_1_187' title='bbox 418 1565 651 1599; x_wconf 88' lang='lat' dir='ltr'><strong>miseratione</strong></span> <span class='ocrx_word' id='word_1_188' title='bbox 678 1565 798 1599; x_wconf 84' lang='lat' dir='ltr'><strong>Sancti</strong></span> <span class='ocrx_word' id='word_1_189' title='bbox 819 1565 992 1599; x_wconf 88' lang='lat' dir='ltr'><strong>Germani</strong></span> <span class='ocrx_word' id='word_1_190' title='bbox 1014 1565 1059 1599; x_wconf 93' lang='lat' dir='ltr'><strong>de</strong></span> <span class='ocrx_word' id='word_1_191' title='bbox 1085 1566 1201 1599; x_wconf 87' lang='lat' dir='ltr'><strong>Pratis</strong></span> <span class='ocrx_word' id='word_1_192' title='bbox 1222 1566 1398 1599; x_wconf 89' lang='lat' dir='ltr'><strong>Parisien.</strong></span> <span class='ocrx_word' id='word_1_193' title='bbox 1421 1565 1571 1599; x_wconf 83' lang='lat' dir='ltr'><strong>humilis</strong></span> <span class='ocrx_word' id='word_1_194' title='bbox 1591 1565 1703 1599; x_wconf 87' lang='lat' dir='ltr'><strong>abbas</strong></span> <span class='ocrx_word' id='word_1_195' title='bbox 1723 1572 1759 1599; x_wconf 89' lang='lat' dir='ltr'><strong>et</strong></span> <span class='ocrx_word' id='word_1_196' title='bbox 1779 1572 1877 1599; x_wconf 89' lang='lat' dir='ltr'><strong>totus</strong></span> <span class='ocrx_word' id='word_1_197' title='bbox 1898 1567 2063 1611; x_wconf 86' lang='lat' dir='ltr'><strong>ejusdem</strong></span> <span class='ocrx_word' id='word_1_198' title='bbox 2085 1566 2154 1600; x_wconf 89' lang='lat' dir='ltr'><strong>loci</strong></span> 
     </span>
     <span class='ocr_line' id='line_1_18' title="bbox 275 1632 2155 1678; baseline 0 -12"><span class='ocrx_word' id='word_1_199' title='bbox 275 1638 479 1666; x_wconf 89' lang='lat' dir='ltr'><strong>conventus</strong></span> <span class='ocrx_word' id='word_1_200' title='bbox 513 1638 673 1666; x_wconf 89' lang='lat' dir='ltr'><strong>eternam</strong></span> <span class='ocrx_word' id='word_1_201' title='bbox 703 1632 740 1665; x_wconf 91' lang='lat' dir='ltr'><strong>in</strong></span> <span class='ocrx_word' id='word_1_202' title='bbox 766 1632 923 1666; x_wconf 90' lang='lat' dir='ltr'><strong>Domino</strong></span> <span class='ocrx_word' id='word_1_203' title='bbox 956 1632 1124 1666; x_wconf 86' lang='lat' dir='ltr'><strong>salutem.</strong></span> <span class='ocrx_word' id='word_1_204' title='bbox 1161 1634 1292 1666; x_wconf 90' lang='lat' dir='ltr'><strong>Notum</strong></span> <span class='ocrx_word' id='word_1_205' title='bbox 1323 1633 1475 1666; x_wconf 87' lang='lat' dir='ltr'><strong>facimus</strong></span> <span class='ocrx_word' id='word_1_206' title='bbox 1509 1633 1737 1667; x_wconf 83' lang='lat' dir='ltr'><strong>universitati</strong></span> <span class='ocrx_word' id='word_1_207' title='bbox 1771 1639 1906 1674; x_wconf 75' lang='lat' dir='ltr'><strong>vestre,</strong></span> <span class='ocrx_word' id='word_1_208' title='bbox 1942 1633 2040 1678; x_wconf 91' lang='lat' dir='ltr'><strong>quod</strong></span> <span class='ocrx_word' id='word_1_209' title='bbox 2075 1646 2155 1667; x_wconf 88' lang='lat' dir='ltr'><strong>cum</strong></span> 
     </span>
     <span class='ocr_line' id='line_1_19' title="bbox 276 1698 2157 1746; baseline 0.001 -14"><span class='ocrx_word' id='word_1_210' title='bbox 276 1698 462 1733; x_wconf 88' lang='lat' dir='ltr'><strong>Mathildis</strong></span> <span class='ocrx_word' id='word_1_211' title='bbox 485 1699 530 1732; x_wconf 90' lang='lat' dir='ltr'><strong>de</strong></span> <span class='ocrx_word' id='word_1_212' title='bbox 555 1699 762 1733; x_wconf 87' lang='lat' dir='ltr'><strong>Guarlanda</strong></span> <span class='ocrx_word' id='word_1_213' title='bbox 787 1699 940 1733; x_wconf 87' lang='lat' dir='ltr'><strong>condam</strong></span> <span class='ocrx_word' id='word_1_214' title='bbox 966 1700 1056 1734; x_wconf 91' lang='lat' dir='ltr'><strong>civis</strong></span> <span class='ocrx_word' id='word_1_215' title='bbox 1082 1700 1302 1734; x_wconf 89' lang='lat' dir='ltr'><strong>Parisiensis</strong></span> <span class='ocrx_word' id='word_1_216' title='bbox 1327 1700 1506 1746; x_wconf 89' lang='lat' dir='ltr'><strong>quandam</strong></span> <span class='ocrx_word' id='word_1_217' title='bbox 1533 1699 1680 1733; x_wconf 89' lang='lat' dir='ltr'><strong>domum</strong></span> <span class='ocrx_word' id='word_1_218' title='bbox 1707 1700 1810 1733; x_wconf 88' lang='lat' dir='ltr'><strong>sitam</strong></span> <span class='ocrx_word' id='word_1_219' title='bbox 1837 1700 1998 1734; x_wconf 90' lang='lat' dir='ltr'><strong>Parisius</strong></span> <span class='ocrx_word' id='word_1_220' title='bbox 2019 1701 2056 1733; x_wconf 92' lang='lat' dir='ltr'><strong>in</strong></span> <span class='ocrx_word' id='word_1_221' title='bbox 2076 1701 2157 1735; x_wconf 90' lang='lat' dir='ltr'><strong>vico</strong></span> 
     </span>
     <span class='ocr_line' id='line_1_20' title="bbox 277 1763 2156 1812; baseline 0 -12"><span class='ocrx_word' id='word_1_222' title='bbox 277 1766 397 1800; x_wconf 85' lang='lat' dir='ltr'><strong>Sancti</strong></span> <span class='ocrx_word' id='word_1_223' title='bbox 425 1766 615 1800; x_wconf 87' lang='lat' dir='ltr'><strong>Landerici</strong></span> <span class='ocrx_word' id='word_1_224' title='bbox 635 1763 672 1799; x_wconf 93' lang='lat' dir='ltr'><strong>in</strong></span> <span class='ocrx_word' id='word_1_225' title='bbox 693 1766 839 1801; x_wconf 86' lang='lat' dir='ltr'><strong>censiva</strong></span> <span class='ocrx_word' id='word_1_226' title='bbox 860 1766 1085 1800; x_wconf 89' lang='lat' dir='ltr'><strong>thesaurarie</strong></span> <span class='ocrx_word' id='word_1_227' title='bbox 1110 1767 1267 1801; x_wconf 88' lang='lat' dir='ltr'><strong>ecclesie</strong></span> <span class='ocrx_word' id='word_1_228' title='bbox 1288 1774 1413 1801; x_wconf 90' lang='lat' dir='ltr'><strong>nostre</strong></span> <span class='ocrx_word' id='word_1_229' title='bbox 1433 1767 1523 1801; x_wconf 87' lang='lat' dir='ltr'><strong>viris</strong></span> <span class='ocrx_word' id='word_1_230' title='bbox 1546 1767 1734 1812; x_wconf 88' lang='lat' dir='ltr'><strong>religiosis</strong></span> <span class='ocrx_word' id='word_1_231' title='bbox 1761 1767 1881 1800; x_wconf 84' lang='lat' dir='ltr'><strong>abbati</strong></span> <span class='ocrx_word' id='word_1_232' title='bbox 1903 1774 1939 1800; x_wconf 92' lang='lat' dir='ltr'><strong>et</strong></span> <span class='ocrx_word' id='word_1_233' title='bbox 1961 1768 2156 1802; x_wconf 90' lang='lat' dir='ltr'><strong>conventui</strong></span> 
     </span>
     <span class='ocr_line' id='line_1_21' title="bbox 275 1832 2157 1880; baseline 0.001 -13"><span class='ocrx_word' id='word_1_234' title='bbox 275 1832 489 1868; x_wconf 86' lang='lat' dir='ltr'><strong>Clarevallis</strong></span> <span class='ocrx_word' id='word_1_235' title='bbox 519 1833 556 1866; x_wconf 89' lang='lat' dir='ltr'><strong>in</strong></span> <span class='ocrx_word' id='word_1_236' title='bbox 590 1845 716 1879; x_wconf 86' lang='lat' dir='ltr'><strong>puram</strong></span> <span class='ocrx_word' id='word_1_237' title='bbox 751 1839 787 1867; x_wconf 88' lang='lat' dir='ltr'><strong>et</strong></span> <span class='ocrx_word' id='word_1_238' title='bbox 820 1840 1030 1880; x_wconf 89' lang='lat' dir='ltr'><strong>perpetuam</strong></span> <span class='ocrx_word' id='word_1_239' title='bbox 1070 1833 1308 1868; x_wconf 88' lang='lat' dir='ltr'><strong>elemosinam</strong></span> <span class='ocrx_word' id='word_1_240' title='bbox 1342 1833 1573 1875; x_wconf 73' lang='lat' dir='ltr'><strong>contulisset,</strong></span> <span class='ocrx_word' id='word_1_241' title='bbox 1611 1845 1679 1867; x_wconf 86' lang='lat' dir='ltr'><strong>nos</strong></span> <span class='ocrx_word' id='word_1_242' title='bbox 1714 1833 1822 1867; x_wconf 91' lang='lat' dir='ltr'><strong>dictis</strong></span> <span class='ocrx_word' id='word_1_243' title='bbox 1851 1834 1940 1867; x_wconf 90' lang='lat' dir='ltr'><strong>viris</strong></span> <span class='ocrx_word' id='word_1_244' title='bbox 1970 1834 2157 1880; x_wconf 88' lang='lat' dir='ltr'><strong>religiosis</strong></span> 
     </span>
     <span class='ocr_line' id='line_1_22' title="bbox 278 1899 2157 1947; baseline 0 -13"><span class='ocrx_word' id='word_1_245' title='bbox 278 1900 437 1934; x_wconf 89' lang='lat' dir='ltr'><strong>unanimi</strong></span> <span class='ocrx_word' id='word_1_246' title='bbox 467 1899 654 1934; x_wconf 87' lang='lat' dir='ltr'><strong>voluntate</strong></span> <span class='ocrx_word' id='word_1_247' title='bbox 686 1901 953 1942; x_wconf 82' lang='lat' dir='ltr'><strong>concessimus,</strong></span> <span class='ocrx_word' id='word_1_248' title='bbox 988 1907 1028 1934; x_wconf 91' lang='lat' dir='ltr'><strong>ut</strong></span> <span class='ocrx_word' id='word_1_249' title='bbox 1059 1901 1131 1935; x_wconf 92' lang='lat' dir='ltr'><strong>sibi</strong></span> <span class='ocrx_word' id='word_1_250' title='bbox 1163 1901 1362 1947; x_wconf 79' lang='lat' dir='ltr'><strong>predictam</strong></span> <span class='ocrx_word' id='word_1_251' title='bbox 1395 1901 1541 1935; x_wconf 90' lang='lat' dir='ltr'><strong>domum</strong></span> <span class='ocrx_word' id='word_1_252' title='bbox 1572 1901 1679 1934; x_wconf 90' lang='lat' dir='ltr'><strong>liceat</strong></span> <span class='ocrx_word' id='word_1_253' title='bbox 1708 1901 1857 1947; x_wconf 83' lang='lat' dir='ltr'><strong>pacifice</strong></span> <span class='ocrx_word' id='word_1_254' title='bbox 1892 1908 2016 1935; x_wconf 85' lang='lat' dir='ltr'><strong>tenere</strong></span> <span class='ocrx_word' id='word_1_255' title='bbox 2052 1909 2087 1935; x_wconf 86' lang='lat' dir='ltr'><strong>et</strong></span> <span class='ocrx_word' id='word_1_256' title='bbox 2120 1902 2157 1935; x_wconf 91' lang='lat' dir='ltr'><strong>in</strong></span> 
     </span>
     <span class='ocr_line' id='line_1_23' title="bbox 277 1967 2156 2014; baseline 0.001 -13"><span class='ocrx_word' id='word_1_257' title='bbox 277 1974 491 2013; x_wconf 85' lang='lat' dir='ltr'><strong>perpetuum</strong></span> <span class='ocrx_word' id='word_1_258' title='bbox 519 1967 725 2013; x_wconf 85' lang='lat' dir='ltr'><strong>possidere,</strong></span> <span class='ocrx_word' id='word_1_259' title='bbox 753 1967 813 2002; x_wconf 82' lang='lat' dir='ltr'><strong>tali</strong></span> <span class='ocrx_word' id='word_1_260' title='bbox 842 1974 960 2001; x_wconf 85' lang='lat' dir='ltr'><strong>tamen</strong></span> <span class='ocrx_word' id='word_1_261' title='bbox 991 1968 1114 2010; x_wconf 83' lang='lat' dir='ltr'><strong>modo,</strong></span> <span class='ocrx_word' id='word_1_262' title='bbox 1145 1968 1243 2014; x_wconf 89' lang='lat' dir='ltr'><strong>quod</strong></span> <span class='ocrx_word' id='word_1_263' title='bbox 1273 1968 1433 2014; x_wconf 88' lang='lat' dir='ltr'><strong>quandiu</strong></span> <span class='ocrx_word' id='word_1_264' title='bbox 1459 1968 1530 2014; x_wconf 90' lang='lat' dir='ltr'><strong>ipsi</strong></span> <span class='ocrx_word' id='word_1_265' title='bbox 1559 1980 1623 2001; x_wconf 89' lang='lat' dir='ltr'><strong>seu</strong></span> <span class='ocrx_word' id='word_1_266' title='bbox 1649 1968 1858 2014; x_wconf 86' lang='lat' dir='ltr'><strong>quicunque</strong></span> <span class='ocrx_word' id='word_1_267' title='bbox 1886 1968 1980 2002; x_wconf 87' lang='lat' dir='ltr'><strong>alius</strong></span> <span class='ocrx_word' id='word_1_268' title='bbox 2009 1969 2156 2002; x_wconf 88' lang='lat' dir='ltr'><strong>nomine</strong></span> 
     </span>
     <span class='ocr_line' id='line_1_24' title="bbox 276 2033 2155 2081; baseline 0.001 -14"><span class='ocrx_word' id='word_1_269' title='bbox 276 2033 438 2080; x_wconf 89' lang='lat' dir='ltr'><strong>ipsorum</strong></span> <span class='ocrx_word' id='word_1_270' title='bbox 463 2034 634 2080; x_wconf 80' lang='lat' dir='ltr'><strong>prefatam</strong></span> <span class='ocrx_word' id='word_1_271' title='bbox 656 2034 803 2068; x_wconf 91' lang='lat' dir='ltr'><strong>domum</strong></span> <span class='ocrx_word' id='word_1_272' title='bbox 828 2035 1024 2076; x_wconf 71' lang='lat' dir='ltr'><strong>tenuerint,</strong></span> <span class='ocrx_word' id='word_1_273' title='bbox 1051 2035 1210 2081; x_wconf 86' lang='lat' dir='ltr'><strong>singulis</strong></span> <span class='ocrx_word' id='word_1_274' title='bbox 1231 2035 1336 2069; x_wconf 87' lang='lat' dir='ltr'><strong>annis</strong></span> <span class='ocrx_word' id='word_1_275' title='bbox 1357 2035 1395 2068; x_wconf 89' lang='lat' dir='ltr'><strong>in</strong></span> <span class='ocrx_word' id='word_1_276' title='bbox 1420 2035 1514 2069; x_wconf 84' lang='lat' dir='ltr'><strong>sesto</strong></span> <span class='ocrx_word' id='word_1_277' title='bbox 1545 2035 1665 2069; x_wconf 88' lang='lat' dir='ltr'><strong>Sancti</strong></span> <span class='ocrx_word' id='word_1_278' title='bbox 1688 2035 1843 2081; x_wconf 84' lang='lat' dir='ltr'><strong>Remigii</strong></span> <span class='ocrx_word' id='word_1_279' title='bbox 1869 2035 1965 2081; x_wconf 85' lang='lat' dir='ltr'><strong>apud</strong></span> <span class='ocrx_word' id='word_1_280' title='bbox 1986 2036 2155 2069; x_wconf 89' lang='lat' dir='ltr'><strong>Sanctum</strong></span> 
     </span>
     <span class='ocr_line' id='line_1_25' title="bbox 276 2100 2153 2148; baseline 0.001 -14"><span class='ocrx_word' id='word_1_281' title='bbox 276 2100 497 2135; x_wconf 86' lang='lat' dir='ltr'><strong>Germanum</strong></span> <span class='ocrx_word' id='word_1_282' title='bbox 519 2101 564 2134; x_wconf 89' lang='lat' dir='ltr'><strong>de</strong></span> <span class='ocrx_word' id='word_1_283' title='bbox 585 2101 701 2135; x_wconf 85' lang='lat' dir='ltr'><strong>Pratis</strong></span> <span class='ocrx_word' id='word_1_284' title='bbox 726 2101 770 2135; x_wconf 89' lang='lat' dir='ltr'><strong>ad</strong></span> <span class='ocrx_word' id='word_1_285' title='bbox 796 2113 940 2135; x_wconf 89' lang='lat' dir='ltr'><strong>manum</strong></span> <span class='ocrx_word' id='word_1_286' title='bbox 961 2101 1177 2136; x_wconf 85' lang='lat' dir='ltr'><strong>thesaurarii</strong></span> <span class='ocrx_word' id='word_1_287' title='bbox 1198 2102 1355 2136; x_wconf 87' lang='lat' dir='ltr'><strong>ecclesie</strong></span> <span class='ocrx_word' id='word_1_288' title='bbox 1376 2108 1501 2135; x_wconf 88' lang='lat' dir='ltr'><strong>nostre</strong></span> <span class='ocrx_word' id='word_1_289' title='bbox 1527 2102 1653 2135; x_wconf 90' lang='lat' dir='ltr'><strong>decem</strong></span> <span class='ocrx_word' id='word_1_290' title='bbox 1680 2102 1822 2135; x_wconf 92' lang='lat' dir='ltr'><strong>solidos</strong></span> <span class='ocrx_word' id='word_1_291' title='bbox 1847 2102 1956 2148; x_wconf 87' lang='lat' dir='ltr'><strong>paris.</strong></span> <span class='ocrx_word' id='word_1_292' title='bbox 1984 2103 2153 2148; x_wconf 77' lang='lat' dir='ltr'><strong>provide¹</strong></span> 
     </span>
     <span class='ocr_line' id='line_1_26' title="bbox 277 2166 2156 2215; baseline 0.001 -14"><span class='ocrx_word' id='word_1_293' title='bbox 277 2166 432 2201; x_wconf 84' lang='lat' dir='ltr'><strong>reddere</strong></span> <span class='ocrx_word' id='word_1_294' title='bbox 453 2167 688 2210; x_wconf 82' lang='lat' dir='ltr'><strong>tenebuntur,</strong></span> <span class='ocrx_word' id='word_1_295' title='bbox 714 2168 824 2202; x_wconf 91' lang='lat' dir='ltr'><strong>salvis</strong></span> <span class='ocrx_word' id='word_1_296' title='bbox 845 2168 953 2203; x_wconf 90' lang='lat' dir='ltr'><strong>nobis</strong></span> <span class='ocrx_word' id='word_1_297' title='bbox 978 2168 1239 2203; x_wconf 86' lang='lat' dir='ltr'><strong>nichilominus</strong></span> <span class='ocrx_word' id='word_1_298' title='bbox 1259 2169 1405 2203; x_wconf 88' lang='lat' dir='ltr'><strong>duobus</strong></span> <span class='ocrx_word' id='word_1_299' title='bbox 1426 2169 1586 2202; x_wconf 87' lang='lat' dir='ltr'><strong>denariis</strong></span> <span class='ocrx_word' id='word_1_300' title='bbox 1607 2169 1652 2202; x_wconf 92' lang='lat' dir='ltr'><strong>de</strong></span> <span class='ocrx_word' id='word_1_301' title='bbox 1673 2169 1820 2203; x_wconf 87' lang='lat' dir='ltr'><strong>censiva</strong></span> <span class='ocrx_word' id='word_1_302' title='bbox 1839 2169 1982 2215; x_wconf 88' lang='lat' dir='ltr'><strong>capitali</strong></span> <span class='ocrx_word' id='word_1_303' title='bbox 2003 2176 2039 2202; x_wconf 91' lang='lat' dir='ltr'><strong>et</strong></span> <span class='ocrx_word' id='word_1_304' title='bbox 2059 2169 2156 2203; x_wconf 87' lang='lat' dir='ltr'><strong>salva</strong></span> 
     </span>
     <span class='ocr_line' id='line_1_27' title="bbox 271 2233 2154 2282; baseline 0.001 -15"><span class='ocrx_word' id='word_1_305' title='bbox 271 2233 413 2279; x_wconf 88' lang='lat' dir='ltr'><strong>justitia</strong></span> <span class='ocrx_word' id='word_1_306' title='bbox 440 2240 564 2268; x_wconf 82' lang='lat' dir='ltr'><strong>nostra</strong></span> <span class='ocrx_word' id='word_1_307' title='bbox 592 2241 628 2268; x_wconf 92' lang='lat' dir='ltr'><strong>et</strong></span> <span class='ocrx_word' id='word_1_308' title='bbox 656 2234 756 2269; x_wconf 88' lang='lat' dir='ltr'><strong>salvo</strong></span> <span class='ocrx_word' id='word_1_309' title='bbox 784 2235 882 2268; x_wconf 88' lang='lat' dir='ltr'><strong>omni</strong></span> <span class='ocrx_word' id='word_1_310' title='bbox 910 2235 980 2269; x_wconf 88' lang='lat' dir='ltr'><strong>alio</strong></span> <span class='ocrx_word' id='word_1_311' title='bbox 1005 2237 1090 2281; x_wconf 91' lang='lat' dir='ltr'><strong>jure</strong></span> <span class='ocrx_word' id='word_1_312' title='bbox 1117 2243 1256 2270; x_wconf 90' lang='lat' dir='ltr'><strong>nostro.</strong></span> <span class='ocrx_word' id='word_1_313' title='bbox 1289 2236 1326 2271; x_wconf 89' lang='lat' dir='ltr'><strong>Si</strong></span> <span class='ocrx_word' id='word_1_314' title='bbox 1354 2248 1441 2270; x_wconf 93' lang='lat' dir='ltr'><strong>vero</strong></span> <span class='ocrx_word' id='word_1_315' title='bbox 1469 2236 1556 2269; x_wconf 89' lang='lat' dir='ltr'><strong>dicti</strong></span> <span class='ocrx_word' id='word_1_316' title='bbox 1582 2235 1873 2270; x_wconf 84' lang='lat' dir='ltr'><strong>Clarevallenscs</strong></span> <span class='ocrx_word' id='word_1_317' title='bbox 1897 2236 2154 2282; x_wconf 86' lang='lat' dir='ltr'><strong>proprietatem</strong></span> 
     </span>
     <span class='ocr_line' id='line_1_28' title="bbox 276 2300 2154 2348; baseline 0.001 -14"><span class='ocrx_word' id='word_1_318' title='bbox 276 2300 462 2346; x_wconf 87' lang='lat' dir='ltr'><strong>sepedicte</strong></span> <span class='ocrx_word' id='word_1_319' title='bbox 492 2300 622 2334; x_wconf 90' lang='lat' dir='ltr'><strong>domus</strong></span> <span class='ocrx_word' id='word_1_320' title='bbox 653 2307 753 2335; x_wconf 88' lang='lat' dir='ltr'><strong>extra</strong></span> <span class='ocrx_word' id='word_1_321' title='bbox 781 2313 924 2335; x_wconf 87' lang='lat' dir='ltr'><strong>manum</strong></span> <span class='ocrx_word' id='word_1_322' title='bbox 953 2314 1053 2336; x_wconf 91' lang='lat' dir='ltr'><strong>suam</strong></span> <span class='ocrx_word' id='word_1_323' title='bbox 1082 2303 1286 2348; x_wconf 73' lang='lat' dir='ltr'><strong>posuerint,</strong></span> <span class='ocrx_word' id='word_1_324' title='bbox 1314 2303 1445 2336; x_wconf 89' lang='lat' dir='ltr'><strong>domus</strong></span> <span class='ocrx_word' id='word_1_325' title='bbox 1475 2303 1552 2348; x_wconf 87' lang='lat' dir='ltr'><strong>ipsa</strong></span> <span class='ocrx_word' id='word_1_326' title='bbox 1579 2309 1745 2336; x_wconf 87' lang='lat' dir='ltr'><strong>cessante</strong></span> <span class='ocrx_word' id='word_1_327' title='bbox 1770 2302 1953 2336; x_wconf 84' lang='lat' dir='ltr'><strong>solutione</strong></span> <span class='ocrx_word' id='word_1_328' title='bbox 1974 2303 2154 2336; x_wconf 89' lang='lat' dir='ltr'><strong>dictorum</strong></span> 
     </span>
     <span class='ocr_line' id='line_1_29' title="bbox 276 2366 2153 2415; baseline 0.001 -15"><span class='ocrx_word' id='word_1_329' title='bbox 276 2367 402 2401; x_wconf 90' lang='lat' dir='ltr'><strong>decem</strong></span> <span class='ocrx_word' id='word_1_330' title='bbox 428 2366 630 2401; x_wconf 83' lang='lat' dir='ltr'><strong>solidorum</strong></span> <span class='ocrx_word' id='word_1_331' title='bbox 656 2367 774 2402; x_wconf 91' lang='lat' dir='ltr'><strong>solum</strong></span> <span class='ocrx_word' id='word_1_332' title='bbox 798 2380 949 2402; x_wconf 89' lang='lat' dir='ltr'><strong>censum</strong></span> <span class='ocrx_word' id='word_1_333' title='bbox 975 2369 1164 2415; x_wconf 86' lang='lat' dir='ltr'><strong>capitalem</strong></span> <span class='ocrx_word' id='word_1_334' title='bbox 1191 2370 1347 2403; x_wconf 87' lang='lat' dir='ltr'><strong>duorum</strong></span> <span class='ocrx_word' id='word_1_335' title='bbox 1373 2369 1606 2403; x_wconf 88' lang='lat' dir='ltr'><strong>denariorum</strong></span> <span class='ocrx_word' id='word_1_336' title='bbox 1633 2369 1835 2415; x_wconf 85' lang='lat' dir='ltr'><strong>predictum</strong></span> <span class='ocrx_word' id='word_1_337' title='bbox 1862 2368 1970 2402; x_wconf 91' lang='lat' dir='ltr'><strong>nobis</strong></span> <span class='ocrx_word' id='word_1_338' title='bbox 1990 2369 2153 2412; x_wconf 80' lang='lat' dir='ltr'><strong>debebit,</strong></span> 
     </span>
     <span class='ocr_line' id='line_1_30' title="bbox 277 2433 2155 2482; baseline 0.001 -15"><span class='ocrx_word' id='word_1_339' title='bbox 277 2433 378 2468; x_wconf 86' lang='lat' dir='ltr'><strong>salvo</strong></span> <span class='ocrx_word' id='word_1_340' title='bbox 399 2434 504 2468; x_wconf 78' lang='lat' dir='ltr'><strong>etiam</strong></span> <span class='ocrx_word' id='word_1_341' title='bbox 527 2433 635 2468; x_wconf 90' lang='lat' dir='ltr'><strong>nobis</strong></span> <span class='ocrx_word' id='word_1_342' title='bbox 659 2435 758 2468; x_wconf 91' lang='lat' dir='ltr'><strong>omni</strong></span> <span class='ocrx_word' id='word_1_343' title='bbox 778 2434 849 2469; x_wconf 88' lang='lat' dir='ltr'><strong>alio</strong></span> <span class='ocrx_word' id='word_1_344' title='bbox 864 2436 948 2481; x_wconf 90' lang='lat' dir='ltr'><strong>jure</strong></span> <span class='ocrx_word' id='word_1_345' title='bbox 973 2442 1112 2470; x_wconf 90' lang='lat' dir='ltr'><strong>nostro.</strong></span> <span class='ocrx_word' id='word_1_346' title='bbox 1136 2437 1176 2469; x_wconf 92' lang='lat' dir='ltr'><strong>ln</strong></span> <span class='ocrx_word' id='word_1_347' title='bbox 1201 2437 1306 2482; x_wconf 87' lang='lat' dir='ltr'><strong>cujus</strong></span> <span class='ocrx_word' id='word_1_348' title='bbox 1328 2436 1381 2470; x_wconf 91' lang='lat' dir='ltr'><strong>rei</strong></span> <span class='ocrx_word' id='word_1_349' title='bbox 1407 2436 1655 2470; x_wconf 87' lang='lat' dir='ltr'><strong>testimonium</strong></span> <span class='ocrx_word' id='word_1_350' title='bbox 1677 2442 1868 2481; x_wconf 87' lang='lat' dir='ltr'><strong>presentes</strong></span> <span class='ocrx_word' id='word_1_351' title='bbox 1888 2435 2027 2470; x_wconf 89' lang='lat' dir='ltr'><strong>litteras</strong></span> <span class='ocrx_word' id='word_1_352' title='bbox 2050 2436 2155 2482; x_wconf 86' lang='lat' dir='ltr'><strong>sigil-</strong></span> 
     </span>
     <span class='ocr_line' id='line_1_31' title="bbox 277 2500 2153 2537; baseline 0.001 -3"><span class='ocrx_word' id='word_1_353' title='bbox 277 2500 395 2535; x_wconf 90' lang='lat' dir='ltr'><strong>lorum</strong></span> <span class='ocrx_word' id='word_1_354' title='bbox 424 2507 632 2535; x_wconf 88' lang='lat' dir='ltr'><strong>nostrorum</strong></span> <span class='ocrx_word' id='word_1_355' title='bbox 660 2502 860 2536; x_wconf 82' lang='lat' dir='ltr'><strong>munimine</strong></span> <span class='ocrx_word' id='word_1_356' title='bbox 890 2501 1079 2537; x_wconf 87' lang='lat' dir='ltr'><strong>roboratas</strong></span> <span class='ocrx_word' id='word_1_357' title='bbox 1109 2503 1247 2536; x_wconf 88' lang='lat' dir='ltr'><strong>eisdem</strong></span> <span class='ocrx_word' id='word_1_358' title='bbox 1275 2503 1445 2536; x_wconf 86' lang='lat' dir='ltr'><strong>duximus</strong></span> <span class='ocrx_word' id='word_1_359' title='bbox 1474 2502 1740 2536; x_wconf 84' lang='lat' dir='ltr'><strong>concedendas.</strong></span> <span class='ocrx_word' id='word_1_360' title='bbox 1774 2503 1852 2536; x_wconf 87' lang='lat' dir='ltr'><strong>Dat.</strong></span> <span class='ocrx_word' id='word_1_361' title='bbox 1881 2514 1976 2536; x_wconf 90' lang='lat' dir='ltr'><strong>anno</strong></span> <span class='ocrx_word' id='word_1_362' title='bbox 2007 2503 2153 2536; x_wconf 90' lang='lat' dir='ltr'><strong>Domini</strong></span> 
     </span>
    </p>
   </div>
   <div class='ocr_carea' id='block_1_10' title="bbox 277 2567 1198 2611">
    <p class='ocr_par' dir='ltr' id='par_1_10' title="bbox 277 2567 1198 2611">
     <span class='ocr_line' id='line_1_32' title="bbox 277 2567 1198 2611; baseline 0.002 -10"><span class='ocrx_word' id='word_1_363' title='bbox 277 2568 328 2602; x_wconf 82' lang='lat' dir='ltr'><strong>M⁰</strong></span> <span class='ocrx_word' id='word_1_364' title='bbox 347 2567 599 2602; x_wconf 89' lang='lat' dir='ltr'><strong>ducentesimo</strong></span> <span class='ocrx_word' id='word_1_365' title='bbox 618 2569 702 2602; x_wconf 86' lang='lat' dir='ltr'><strong>xxo</strong></span> <span class='ocrx_word' id='word_1_366' title='bbox 722 2575 838 2611; x_wconf 76' lang='lat' dir='ltr'><strong>sexto,</strong></span> <span class='ocrx_word' id='word_1_367' title='bbox 862 2581 987 2603; x_wconf 87' lang='lat' dir='ltr'><strong>mense</strong></span> <span class='ocrx_word' id='word_1_368' title='bbox 1013 2570 1198 2603; x_wconf 86' lang='lat' dir='ltr'><strong>Januario.</strong></span> 
     </span>
    </p>
   </div>
   <div class='ocr_carea' id='block_1_11' title="bbox 275 2653 2154 2948">
    <p class='ocr_par' dir='ltr' id='par_1_11' title="bbox 275 2653 2154 2948">
     <span class='ocr_line' id='line_1_33' title="bbox 369 2653 2154 2688; baseline 0.001 -11"><span class='ocrx_word' id='word_1_369' title='bbox 369 2653 505 2685; x_wconf 76' lang='lat' dir='ltr'><strong>Origiuule</strong></span> <span class='ocrx_word' id='word_1_370' title='bbox 520 2653 546 2677; x_wconf 92' lang='lat' dir='ltr'><strong>iu</strong></span> <span class='ocrx_word' id='word_1_371' title='bbox 562 2654 638 2678; x_wconf 77' lang='lat' dir='ltr'><strong>Arch.</strong></span> <span class='ocrx_word' id='word_1_372' title='bbox 655 2654 757 2686; x_wconf 72' lang='lat' dir='ltr'><strong>depurt.</strong></span> <span class='ocrx_word' id='word_1_373' title='bbox 774 2654 806 2678; x_wconf 83' lang='lat' dir='ltr'><strong>de</strong></span> <span class='ocrx_word' id='word_1_374' title='bbox 826 2654 917 2678; x_wconf 81' lang='lat' dir='ltr'><strong>l&#39;Aube</strong></span> <span class='ocrx_word' id='word_1_375' title='bbox 931 2654 1050 2688; x_wconf 75' lang='lat' dir='ltr'><strong>(Troyes)</strong></span> <span class='ocrx_word' id='word_1_376' title='bbox 1065 2656 1079 2678; x_wconf 78' lang='lat'><strong>:³</strong></span> <span class='ocrx_word' id='word_1_377' title='bbox 1100 2655 1209 2679; x_wconf 78' lang='lat'><strong>11—157.</strong></span> <span class='ocrx_word' id='word_1_378' title='bbox 1226 2655 1326 2679; x_wconf 74' lang='lat' dir='ltr'><strong>Desunt</strong></span> <span class='ocrx_word' id='word_1_379' title='bbox 1339 2655 1391 2679; x_wconf 88' lang='lat' dir='ltr'><strong>duo</strong></span> <span class='ocrx_word' id='word_1_380' title='bbox 1411 2654 1514 2687; x_wconf 74' lang='lat' dir='ltr'><strong>sigilla;</strong></span> <span class='ocrx_word' id='word_1_381' title='bbox 1535 2658 1618 2678; x_wconf 72' lang='lat' dir='ltr'><strong>restat</strong></span> <span class='ocrx_word' id='word_1_382' title='bbox 1637 2656 1815 2686; x_wconf 76' lang='lat' dir='ltr'><strong>fragmentum</strong></span> <span class='ocrx_word' id='word_1_383' title='bbox 1837 2654 1943 2679; x_wconf 77' lang='lat' dir='ltr'><strong>tuenioli</strong></span> <span class='ocrx_word' id='word_1_384' title='bbox 1962 2655 2107 2679; x_wconf 79' lang='lat' dir='ltr'><strong>membran.</strong></span> <span class='ocrx_word' id='word_1_385' title='bbox 2123 2669 2154 2673; x_wconf 86' lang='lat'><em>-</em></span> 
     </span>
     <span class='ocr_line' id='line_1_34' title="bbox 276 2697 2154 2731; baseline 0.001 -9"><span class='ocrx_word' id='word_1_386' title='bbox 276 2698 305 2722; x_wconf 84' lang='lat' dir='ltr'><strong>lu</strong></span> <span class='ocrx_word' id='word_1_387' title='bbox 319 2697 369 2722; x_wconf 86' lang='lat' dir='ltr'><strong>hoc</strong></span> <span class='ocrx_word' id='word_1_388' title='bbox 383 2698 539 2723; x_wconf 81' lang='lat' dir='ltr'><strong>documento</strong></span> <span class='ocrx_word' id='word_1_389' title='bbox 553 2698 640 2730; x_wconf 75' lang='lat' dir='ltr'><strong>primu</strong></span> <span class='ocrx_word' id='word_1_390' title='bbox 655 2699 685 2723; x_wconf 80' lang='lat' dir='ltr'><strong>fit</strong></span> <span class='ocrx_word' id='word_1_391' title='bbox 699 2699 796 2723; x_wconf 73' lang='lat' dir='ltr'><strong>mentio</strong></span> <span class='ocrx_word' id='word_1_392' title='bbox 811 2699 905 2723; x_wconf 74' lang='lat' dir='ltr'><strong>domus</strong></span> <span class='ocrx_word' id='word_1_393' title='bbox 920 2707 935 2723; x_wconf 79' lang='lat' dir='ltr'><strong>a</strong></span> <span class='ocrx_word' id='word_1_394' title='bbox 951 2699 1171 2724; x_wconf 67' lang='lat' dir='ltr'><strong>Cinwrcienaibua</strong></span> <span class='ocrx_word' id='word_1_395' title='bbox 1187 2699 1359 2724; x_wconf 69' lang='lat' dir='ltr'><strong>claraevallis</strong></span> <span class='ocrx_word' id='word_1_396' title='bbox 1375 2699 1485 2723; x_wconf 74' lang='lat' dir='ltr'><strong>Parisiis</strong></span> <span class='ocrx_word' id='word_1_397' title='bbox 1500 2699 1643 2727; x_wconf 76' lang='lat' dir='ltr'><strong>habitatae,</strong></span> <span class='ocrx_word' id='word_1_398' title='bbox 1655 2699 1700 2723; x_wconf 85' lang='lat' dir='ltr'><strong>ubi</strong></span> <span class='ocrx_word' id='word_1_399' title='bbox 1716 2702 1908 2728; x_wconf 79' lang='lat' dir='ltr'><strong>remanserunt,</strong></span> <span class='ocrx_word' id='word_1_400' title='bbox 1922 2700 2069 2731; x_wconf 71' lang='lat' dir='ltr'><strong>usquedum</strong></span> <span class='ocrx_word' id='word_1_401' title='bbox 2085 2700 2154 2724; x_wconf 78' lang='lat' dir='ltr'><strong>nedi-</strong></span> 
     </span>
     <span class='ocr_line' id='line_1_35' title="bbox 275 2742 2150 2777; baseline 0.001 -10"><span class='ocrx_word' id='word_1_402' title='bbox 275 2742 336 2767; x_wconf 67' lang='grc' dir='ltr'><strong>θεία</strong></span> <span class='ocrx_word' id='word_1_403' title='bbox 350 2742 377 2767; x_wconf 79' lang='lat' dir='ltr'><strong>in</strong></span> <span class='ocrx_word' id='word_1_404' title='bbox 396 2742 464 2773; x_wconf 80' lang='lat' dir='ltr'><strong>loco,</strong></span> <span class='ocrx_word' id='word_1_405' title='bbox 484 2743 529 2775; x_wconf 78' lang='lat' dir='ltr'><strong>qui</strong></span> <span class='ocrx_word' id='word_1_406' title='bbox 544 2743 715 2768; x_wconf 77' lang='lat' dir='ltr'><strong>Cardinetnm</strong></span> <span class='ocrx_word' id='word_1_407' title='bbox 734 2744 882 2773; x_wconf 76' lang='lat' dir='ltr'><strong>dicebatur,</strong></span> <span class='ocrx_word' id='word_1_408' title='bbox 898 2753 940 2768; x_wconf 77' lang='lat' dir='ltr'><strong>nn.</strong></span> <span class='ocrx_word' id='word_1_409' title='bbox 958 2745 1020 2768; x_wconf 67' lang='grc' dir='ltr'><strong>12Ιι8</strong></span> <span class='ocrx_word' id='word_1_410' title='bbox 1038 2745 1169 2774; x_wconf 78' lang='lat' dir='ltr'><strong>inchoato,</strong></span> <span class='ocrx_word' id='word_1_411' title='bbox 1184 2746 1302 2776; x_wconf 75' lang='lat' dir='ltr'><strong>perfecta</strong></span> <span class='ocrx_word' id='word_1_412' title='bbox 1317 2746 1431 2773; x_wconf 75' lang='lat' dir='ltr'><strong>fuerunt,</strong></span> <span class='ocrx_word' id='word_1_413' title='bbox 1450 2745 1519 2777; x_wconf 88' lang='lat' dir='ltr'><strong>quod</strong></span> <span class='ocrx_word' id='word_1_414' title='bbox 1534 2753 1604 2768; x_wconf 76' lang='lat' dir='ltr'><strong>anno</strong></span> <span class='ocrx_word' id='word_1_415' title='bbox 1619 2744 1682 2768; x_wconf 74' lang='lat'><strong>1250</strong></span> <span class='ocrx_word' id='word_1_416' title='bbox 1695 2744 1790 2768; x_wconf 75' lang='lat' dir='ltr'><strong>evenit.</strong></span> <span class='ocrx_word' id='word_1_417' title='bbox 1808 2743 1873 2768; x_wconf 74' lang='lat' dir='ltr'><strong>Vide</strong></span> <span class='ocrx_word' id='word_1_418' title='bbox 1888 2744 1959 2768; x_wconf 76' lang='lat' dir='ltr'><strong>infru</strong></span> <span class='ocrx_word' id='word_1_419' title='bbox 1973 2748 2011 2768; x_wconf 82' lang='lat' dir='ltr'><strong>n⁰¹</strong></span> <span class='ocrx_word' id='word_1_420' title='bbox 2027 2745 2080 2774; x_wconf 72' lang='lat'><strong>168,</strong></span> <span class='ocrx_word' id='word_1_421' title='bbox 2098 2745 2150 2768; x_wconf 79' lang='lat'>192.</span> 
     </span>
     <span class='ocr_line' id='line_1_36' title="bbox 276 2787 2152 2821; baseline 0.001 -10"><span class='ocrx_word' id='word_1_422' title='bbox 276 2788 349 2811; x_wconf 81' lang='lat' dir='ltr'><strong>Anno</strong></span> <span class='ocrx_word' id='word_1_423' title='bbox 364 2787 425 2811; x_wconf 73' lang='lat'><strong>1254</strong></span> <span class='ocrx_word' id='word_1_424' title='bbox 440 2795 528 2812; x_wconf 72' lang='lat' dir='ltr'><strong>menne</strong></span> <span class='ocrx_word' id='word_1_425' title='bbox 543 2787 651 2812; x_wconf 72' lang='lat' dir='ltr'><strong>Octobri</strong></span> <span class='ocrx_word' id='word_1_426' title='bbox 673 2790 705 2813; x_wconf 34' lang='lat' dir='ltr'><strong>fri</strong></span> <span class='ocrx_word' id='word_1_427' title='bbox 722 2789 872 2821; x_wconf 71' lang='lat' dir='ltr'><strong>Stephanus</strong></span> <span class='ocrx_word' id='word_1_428' title='bbox 897 2789 980 2813; x_wconf 76' lang='lat' dir='ltr'><strong>ubba·</strong></span> <span class='ocrx_word' id='word_1_429' title='bbox 1004 2793 1030 2813; x_wconf 79' lang='lat' dir='ltr'><strong>et</strong></span> <span class='ocrx_word' id='word_1_430' title='bbox 1054 2793 1198 2813; x_wconf 72' lang='lat' dir='ltr'><strong>conventus</strong></span> <span class='ocrx_word' id='word_1_431' title='bbox 1218 2789 1375 2813; x_wconf 81' lang='lat' dir='ltr'><strong>Clurnevull.</strong></span> <span class='ocrx_word' id='word_1_432' title='bbox 1397 2789 1504 2813; x_wconf 84' lang='lat' dir='ltr'><strong>domum</strong></span> <span class='ocrx_word' id='word_1_433' title='bbox 1525 2797 1606 2821; x_wconf 70' lang='lat' dir='ltr'><strong>supra</strong></span> <span class='ocrx_word' id='word_1_434' title='bbox 1627 2789 1787 2813; x_wconf 81' lang='lat' dir='ltr'><strong>nominatum</strong></span> <span class='ocrx_word' id='word_1_435' title='bbox 1805 2798 1816 2811; x_wconf 75' lang='grc' dir='ltr'>α</span> <span class='ocrx_word' id='word_1_436' title='bbox 1833 2789 1911 2813; x_wconf 77' lang='lat' dir='ltr'><strong>sitnm</strong></span> <span class='ocrx_word' id='word_1_437' title='bbox 1930 2789 2005 2821; x_wconf 82' lang='lat' dir='ltr'><strong>juxtn</strong></span> <span class='ocrx_word' id='word_1_438' title='bbox 2026 2790 2152 2813; x_wconf 72' lang='lat' dir='ltr'><strong>Semnum</strong></span> 
     </span>
     <span class='ocr_line' id='line_1_37' title="bbox 276 2832 2152 2866; baseline 0.001 -10"><span class='ocrx_word' id='word_1_439' title='bbox 276 2839 359 2864; x_wconf 81' lang='lat' dir='ltr'><strong>prope</strong></span> <span class='ocrx_word' id='word_1_440' title='bbox 373 2832 511 2856; x_wconf 70' lang='lat' dir='ltr'><strong>ecclesiam</strong></span> <span class='ocrx_word' id='word_1_441' title='bbox 526 2833 552 2856; x_wconf 92' lang='lat' dir='ltr'><strong>S.</strong></span> <span class='ocrx_word' id='word_1_442' title='bbox 565 2832 701 2858; x_wconf 59' lang='lat' dir='ltr'><strong>landerici</strong></span> <span class='ocrx_word' id='word_1_443' title='bbox 718 2842 730 2857; x_wconf 72' lang='grc' dir='ltr'><strong>υ</strong></span> <span class='ocrx_word' id='word_1_444' title='bbox 746 2833 796 2858; x_wconf 72' lang='lat' dir='ltr'><strong>nub</strong></span> <span class='ocrx_word' id='word_1_445' title='bbox 811 2837 882 2859; x_wconf 76' lang='lat' dir='ltr'><strong>certo</strong></span> <span class='ocrx_word' id='word_1_446' title='bbox 896 2834 1046 2858; x_wconf 84' lang='lat' dir='ltr'><strong>conditione</strong></span> <span class='ocrx_word' id='word_1_447' title='bbox 1062 2843 1074 2857; x_wconf 83' lang='lat'>«</span> <span class='ocrx_word' id='word_1_448' title='bbox 1090 2837 1278 2858; x_wconf 69' lang='lat' dir='ltr'><strong>conce-uerunt</strong></span> <span class='ocrx_word' id='word_1_449' title='bbox 1287 2837 1313 2858; x_wconf 76' lang='lat' dir='ltr'><strong>et</strong></span> <span class='ocrx_word' id='word_1_450' title='bbox 1327 2834 1494 2858; x_wconf 78' lang='lat' dir='ltr'><strong>tradiderunt</strong></span> <span class='ocrx_word' id='word_1_451' title='bbox 1554 2833 1682 2866; x_wconf 69' lang='lat' dir='ltr'><strong>mugi-tro</strong></span> <span class='ocrx_word' id='word_1_452' title='bbox 1698 2832 1774 2858; x_wconf 82' lang='lat' dir='ltr'><strong>Petro</strong></span> <span class='ocrx_word' id='word_1_453' title='bbox 1795 2834 1864 2858; x_wconf 81' lang='lat' dir='ltr'><strong>dicto</strong></span> <span class='ocrx_word' id='word_1_454' title='bbox 1880 2834 1974 2865; x_wconf 75' lang='lat' dir='ltr'><strong>Regier</strong></span> <span class='ocrx_word' id='word_1_455' title='bbox 1993 2834 2088 2857; x_wconf 82' lang='lat' dir='ltr'><strong>clerico</strong></span> <span class='ocrx_word' id='word_1_456' title='bbox 2104 2842 2152 2857; x_wconf 76' lang='lat' dir='ltr'><strong>suo</strong></span> 
     </span>
     <span class='ocr_line' id='line_1_38' title="bbox 276 2875 2149 2911; baseline 0.001 -11"><span class='ocrx_word' id='word_1_457' title='bbox 276 2875 348 2900; x_wconf 74' lang='lat' dir='ltr'><strong>fideli</strong></span> <span class='ocrx_word' id='word_1_458' title='bbox 362 2879 388 2901; x_wconf 78' lang='lat' dir='ltr'><strong>et</strong></span> <span class='ocrx_word' id='word_1_459' title='bbox 398 2876 488 2909; x_wconf 78' lang='lat' dir='ltr'><strong>jurato</strong></span> <span class='ocrx_word' id='word_1_460' title='bbox 501 2877 588 2910; x_wconf 75' lang='lat' dir='ltr'><strong>quoad</strong></span> <span class='ocrx_word' id='word_1_461' title='bbox 608 2878 702 2902; x_wconf 81' lang='lat' dir='ltr'><strong>vixerit.</strong></span> <span class='ocrx_word' id='word_1_462' title='bbox 720 2878 869 2903; x_wconf 72' lang='lat' dir='ltr'><strong>habendam</strong></span> <span class='ocrx_word' id='word_1_463' title='bbox 884 2882 910 2903; x_wconf 85' lang='lat' dir='ltr'><strong>et</strong></span> <span class='ocrx_word' id='word_1_464' title='bbox 929 2879 1068 2904; x_wconf 75' lang='lat' dir='ltr'><strong>tenendum</strong></span> <span class='ocrx_word' id='word_1_465' title='bbox 1091 2887 1113 2908; x_wconf 73' lang='grc' dir='ltr'><strong>ι),</strong></span> <span class='ocrx_word' id='word_1_466' title='bbox 1130 2882 1159 2903; x_wconf 84' lang='lat' dir='ltr'><strong>ut</strong></span> <span class='ocrx_word' id='word_1_467' title='bbox 1177 2879 1276 2911; x_wconf 71' lang='lat' dir='ltr'><strong>legitur</strong></span> <span class='ocrx_word' id='word_1_468' title='bbox 1290 2879 1317 2903; x_wconf 92' lang='lat' dir='ltr'><strong>in</strong></span> <span class='ocrx_word' id='word_1_469' title='bbox 1339 2879 1495 2903; x_wconf 82' lang='lat' dir='ltr'><strong>documento</strong></span> <span class='ocrx_word' id='word_1_470' title='bbox 1514 2878 1614 2911; x_wconf 86' lang='lat' dir='ltr'><strong>duplici</strong></span> <span class='ocrx_word' id='word_1_471' title='bbox 1633 2878 1723 2910; x_wconf 70' lang='lat' dir='ltr'><strong>sigillo</strong></span> <span class='ocrx_word' id='word_1_472' title='bbox 1745 2878 1845 2902; x_wconf 85' lang='lat' dir='ltr'><strong>munito</strong></span> <span class='ocrx_word' id='word_1_473' title='bbox 1870 2882 1895 2902; x_wconf 85' lang='lat' dir='ltr'><strong>et</strong></span> <span class='ocrx_word' id='word_1_474' title='bbox 1917 2878 1943 2902; x_wconf 90' lang='lat' dir='ltr'><strong>in</strong></span> <span class='ocrx_word' id='word_1_475' title='bbox 1962 2879 2054 2902; x_wconf 81' lang='lat' dir='ltr'><strong>eodem</strong></span> <span class='ocrx_word' id='word_1_476' title='bbox 2074 2878 2149 2902; x_wconf 60' lang='grc' dir='ltr'><strong>Δια-ὴ.</strong></span> 
     </span>
     <span class='ocr_line' id='line_1_39' title="bbox 277 2921 856 2948; baseline 0.003 -3"><span class='ocrx_word' id='word_1_477' title='bbox 277 2921 399 2945; x_wconf 68' lang='lat' dir='ltr'><strong>Trecenti</strong></span> <span class='ocrx_word' id='word_1_478' title='bbox 414 2924 440 2946; x_wconf 76' lang='lat' dir='ltr'><strong>et</strong></span> <span class='ocrx_word' id='word_1_479' title='bbox 454 2921 480 2946; x_wconf 83' lang='lat' dir='ltr'><strong>in</strong></span> <span class='ocrx_word' id='word_1_480' title='bbox 495 2922 586 2946; x_wconf 75' lang='lat' dir='ltr'><strong>endem</strong></span> <span class='ocrx_word' id='word_1_481' title='bbox 601 2922 676 2947; x_wconf 74' lang='lat' dir='ltr'><strong>theca</strong></span> <span class='ocrx_word' id='word_1_482' title='bbox 691 2926 856 2948; x_wconf 70' lang='lat' dir='ltr'><strong>connervato.</strong></span> 
     </span>
    </p>
   </div>
   <div class='ocr_carea' id='block_1_12' title="bbox 371 2992 698 3026">
    <p class='ocr_par' dir='ltr' id='par_1_12' title="bbox 371 2992 698 3026">
     <span class='ocr_line' id='line_1_40' title="bbox 371 2992 698 3026; baseline 0.006 -10"><span class='ocrx_word' id='word_1_483' title='bbox 371 2992 393 3017; x_wconf 83' lang='grc'><strong>1.</strong></span> <span class='ocrx_word' id='word_1_484' title='bbox 410 2992 484 3025; x_wconf 73' lang='lat' dir='ltr'><strong>Orig.</strong></span> <span class='ocrx_word' id='word_1_485' title='bbox 501 3001 507 3017; x_wconf 85' lang='lat'><strong>:</strong></span> <span class='ocrx_word' id='word_1_486' title='bbox 527 3004 536 3015; x_wconf 86' lang='grc' dir='ltr'>ι</span> <span class='ocrx_word' id='word_1_487' title='bbox 550 2993 661 3026; x_wconf 76' lang='lat' dir='ltr'><strong>proinde</strong></span> <span class='ocrx_word' id='word_1_488' title='bbox 678 3005 698 3018; x_wconf 80' lang='grc' dir='ltr'><strong>ι.</strong></span> 
     </span>
    </p>
   </div>
  </div>
 </body>
</html>
