2580 3528
256 412 352 452 1253]
598 422 645 444 ΑΒ
679 422 784 444 anuo
818 421 896 444 mcc
931 421 1061 450 usous
1097 423 1144 444 An
1179 423 1408 446 rtttLtrruu
1445 425 1483 446 iv
1518 426 1607 447 nse.
1646 427 1782 448 rmxc.
2062 419 2123 451 241

255 502 398 541 peccata
427 507 492 530 sua
520 495 777 530 universaliter
806 495 921 528 valeat
949 495 1129 537 confiteri,
1159 503 1266 542 atque
1295 496 1340 530 ab
1374 498 1513 530 eisdem
1545 499 1784 543 penitenciam
1822 512 1886 545 pro
1920 502 2126 534 commissis

255 562 418 608 recipere
437 562 644 596 salutarem.
672 562 741 596 Cui
761 561 1020 595 consultationi
1046 563 1315 608 respondentes
1341 563 1498 598 diximus
1523 571 1558 598 et
1586 565 1741 599 dicimus
1762 566 1799 599 in
1820 566 1888 600 hoc
1910 567 2128 600 unanimiter

254 628 548 670 consencientes,
578 628 739 674 predicta
769 627 867 661 licite
898 640 1006 674 posse
1036 628 1116 662 fieri
1143 635 1180 662 et
1205 629 1353 663 debere.
1391 631 1427 664 Si
1457 631 1518 676 qui
1553 638 1671 664 autem
1708 632 1834 665 dicunt
1866 639 1926 666 aut
1960 633 2129 666 dixerunt

255 694 489 737 contrarium,
510 701 683 740 quantum
704 695 741 728 in
763 694 869 728 nobis
890 701 958 737 est,
981 695 1232 741 reprobamus,
1255 708 1449 730 erroneum
1471 705 1694 743 reputantes.
1718 699 1845 732 Actum
1868 711 1962 732 anno
1984 700 2126 733 Domini

255 761 354 795 MCC
375 761 680 807 quinquagesimo
701 761 878 803 secundo,
901 773 1026 795 mense
1045 763 1228 796 Januario.

348 858 416 882 Bibt.
433 862 486 883 nat.
503 859 598 886 Paris„
615 867 663 882 ms.
680 859 725 882 lat.
743 859 827 886 15921,
846 859 890 883 tot.
907 859 929 883 1,
945 873 976 877 ——
991 859 1204 888 Quetif-Echnrd,
1221 860 1271 885 SS.
1288 861 1353 886 Ord.
1370 862 1483 889 Praed..
1501 862 1520 890 l,
1537 862 1591 885 109.

256 1047 369 1085 217.
392 1059 574 1084 Innocentius
590 1059 634 1084 IV
646 1058 780 1085 Gualeero
796 1059 930 1095 episcopo
950 1060 1066 1085 romae.
1085 1059 1206 1085 nmndal
1221 1063 1251 1085 nt
1267 1068 1339 1094 mag.
1360 1061 1474 1094 'lugani
1488 1059 1524 1086 de
1541 1059 1674 1095 Seghuin,
1690 1062 1874 1096 procuratori
1893 1062 2016 1087 Univers.
2036 1062 2130 1087 Paris.

345 1107 375 1132 in
389 1107 480 1141 curia,
497 1106 534 1133 de
548 1107 721 1133 canonicatu
733 1107 892 1144 provideat.

1450 1152 1528 1181 1253,
1542 1151 1677 1177 Februarii
1689 1152 1727 1181 m.
1741 1152 1846 1178 Pet-usli.

349 1250 370 1256 ..
389 1224 572 1270 Episcopo
601 1225 838 1258 Tornacensi.
871 1224 948 1257 Illis
975 1225 1037 1270 qui
1066 1232 1252 1258 merentur
1279 1226 1501 1270 premiorum
1529 1232 1586 1259 est
1611 1226 1757 1259 dextera
1786 1227 2006 1272 porrigenda
2035 1234 2073 1260 ut
2099 1234 2134 1260 et

255 1289 365 1335 digna
400 1289 590 1332 retributio
626 1290 751 1324 merita
786 1289 977 1336 probitatis
1011 1290 1159 1324 extollat
1192 1298 1228 1324 et
1260 1303 1423 1336 congrue
1463 1291 1716 1324 retributionis
1756 1292 1933 1337 premium
1973 1293 2132 1338 dignitas

257 1355 464 1402 magnificet
490 1356 715 1389 meritorum.
744 1357 835 1391 Cum
863 1357 975 1402 igitur
1002 1357 1038 1389 in
1067 1357 1200 1390 dilecto
1222 1357 1297 1390 filio
1318 1358 1493 1403 magistro
1520 1359 1674 1403 lIugone
1708 1358 1752 1391 de
1779 1358 1956 1404 chhuin,
1983 1359 2130 1400 clerico,

255 1422 408 1455 scientie
437 1422 573 1456 donum
603 1428 639 1455 et
668 1422 841 1456 honestas
870 1434 1011 1456 morum
1043 1429 1240 1456 noscantur
1269 1423 1454 1456 socialiter
1480 1424 1691 1465 convenire,
1721 1436 1789 1457 nos
1818 1424 1983 1458 volentes
2014 1425 2131 1470 ipsum

255 1487 392 1522 ob'hoc
412 1494 450 1522 et
467 1489 774 1535 contemplatione
794 1489 917 1523 dilect.
940 1489 1096 1522 filiorum
1120 1490 1377 1536 magistrorum
1399 1497 1435 1523 ct
1459 1490 1653 1523 scolarium
1676 1491 1951 1532 Parisicnsium,
1978 1504 2130 1537 quornm

255 1554 460 1589 communia
486 1555 632 1601 negotia
658 1555 752 1589 idem
778 1555 823 1589 ad
850 1555 918 1589 hoc
944 1555 1147 1590 destinatus
1172 1555 1216 1590 ab
1243 1556 1297 1590 eis
1322 1556 1358 1589 in
1387 1563 1511 1590 nostra
1537 1557 1637 1590 curia
1659 1557 1867 1602 procuravit
1887 1563 1955 1591 tam
1977 1557 2134 1591 fideliter

255 1622 361 1667 quam
382 1621 596 1668 prudenter,
617 1622 790 1668 prosequi
811 1622 985 1668 gratiose,
1008 1622 1220 1656 mandamus
1245 1623 1416 1668 quatinus
1442 1623 1561 1668 ipsum
1589 1623 1646 1656 vel
1667 1630 1941 1669 procuratorem
1967 1625 2047 1669 cjus
2069 1636 2133 1669 pro

256 1699 299 1722 eo
319 1689 357 1722 in
379 1688 499 1734 aliqua
520 1688 756 1723 ecclesiarum
780 1695 839 1723 tue
859 1689 1015 1723 civitatis
1041 1689 1098 1723 vel
1125 1689 1298 1731 diocesis,
1325 1689 1522 1723 cathedrali
1549 1689 1606 1723 vel
1626 1690 1707 1732 alia,
1735 1690 1771 1723 in
1796 1702 1865 1735 qna
1890 1691 1969 1736 ipse
1991 1691 2135 1724 duxerit

254 1755 514 1801 acceptandum
534 1756 746 1789 auctoritate
768 1762 891 1789 nostra
913 1768 978 1802 per
1009 1762 1043 1789 te
1068 1755 1124 1790 vel
1153 1756 1262 1789 alium
1289 1756 1402 1802 recipi
1427 1757 1536 1790 facias
1557 1757 1593 1789 in
1614 1757 1828 1790 canonicum
1855 1763 1891 1790 ct
1915 1757 1952 1790 in
1973 1758 2132 1798 fratrem,

255 1821 400 1867 sibique
420 1822 614 1868 provideas
633 1822 692 1856 vel
712 1822 897 1868 provideri
922 1823 1032 1856 facias
1057 1823 1102 1856 de
1130 1822 1316 1868 prebenda
1342 1823 1373 1856 si
1400 1829 1501 1856 vacat
1525 1822 1659 1856 ibidem
1685 1823 1728 1856 ad
1750 1835 1903 1869 presens
1931 1823 1988 1857 vel
2009 1836 2133 1869 quam-

257 1888 410 1934 primum
437 1889 482 1922 ad
509 1888 546 1922 id
566 1888 742 1923 obtulerit
761 1901 800 1923 se
820 1889 984 1923 facultas.
1013 1890 1094 1922 Non
1115 1889 1282 1923 obstante
1310 1896 1444 1923 statuto
1471 1890 1516 1922 de
1546 1896 1646 1923 certo
1676 1890 1933 1923 canonicorum
1966 1902 2131 1931 numero,

249 1956 471 2000 juramento,
495 1954 771 1989 confirmatione
797 1956 898 1990 sedis
924 1955 1125 2002 apostolice
1152 1955 1210 1990 vel
1238 1968 1457 2002 quocunque
1485 1956 1555 1990 alio
1582 1957 1782 1990 munimine
1811 1956 1994 1998 roborato,
2021 1964 2081 1990 aut
2101 1957 2130 1990 si

255 2021 454 2056 direximus
473 2022 511 2055 in
530 2022 655 2056 eadem
677 2022 831 2056 ecclesia
852 2023 986 2068 scripta
1011 2029 1134 2056 nostra
1160 2035 1226 2068 pro
1251 2022 1332 2056 aliis
1358 2022 1506 2068 quibus,
1533 2028 1597 2057 etc.
1625 2023 1936 2064 ContradictoreS,
1958 2029 2022 2057 etc.
2053 2024 2130 2057 Dat.

256 2087 398 2122 Perusii
415 2088 492 2134 xiiij
514 2088 584 2122 kal.
606 2089 739 2130 Martii,
760 2101 855 2123 anno
876 2093 912 2123 x⁰

349 2186 412 2218 neg.
428 2186 485 2211 Vnt.
502 2187 646 2211 innocentii
662 2187 695 2211 tv
710 2195 753 2211 an.
768 2187 806 2215 to,
822 2195 863 2219 ep.
880 2188 935 2215 858,
952 2188 996 2212 tol.
1014 2187 1084 2212 2⁹5⁵.

255 2374 367 2412 218.
391 2385 572 2411 Innocentius
603 2385 646 2422 IV
668 2383 709 2411 ad
736 2384 927 2419 Reginaldum
955 2385 1119 2422 episcopum
1147 2385 1351 2419 Parisiensem,
1383 2393 1428 2410 cua
1453 2384 1494 2410 ad
1518 2384 1662 2411 biennium
1685 2383 1857 2418 facultatem
1886 2383 1939 2409 dat
1963 2382 2130 2409 absolvendi

343 2431 491 2460 scholar-ea
505 2432 542 2460 do
556 2432 680 2460 violenta
694 2433 724 2459 in
739 2433 858 2460 clericos
873 2442 1007 2460 manuum
1022 2434 1182 2470 injectione.

1495 2475 1570 2504 1253.
1585 2475 1673 2501 Hae-‘1⁰1'
1684 2475 1722 2504 12.
1738 2475 1843 2501 Pomeit‘.

345 2549 550 2596 Reginaldo·
580 2550 754 2596 episcopo
785 2550 1018 2584 Parisiensi'.
1056 2551 1107 2583 Ex
1138 2556 1237 2596 parte
1267 2556 1326 2583 tua
1358 2550 1425 2583 suit
1453 2548 1560 2582 nobis
1590 2548 1775 2582 humiliter
1803 2548 2059 2595 supplicatum,
2091 2555 2129 2582 ut

255 2628 336 2651 cum
358 2616 558 2651 incivitate
579 2623 638 2651 tua
659 2617 893 2651 innumerosa
915 2617 963 2650 sit
982 2616 1177 2650 scolarium
1200 2615 1407 2657 multitudo,
1429 2627 1583 2661 quorum
1605 2615 1750 2661 quidam
1772 2615 1954 2649 interdum
1980 2621 2129 2661 propter

255 2689 412 2717 mutuam
433 2683 666 2729 injectionem
688 2695 857 2717 manuum
879 2683 915 2717 in
935 2695 1111 2717 canonem
1132 2682 1202 2717 late
1227 2682 1407 2717 sententie
1429 2682 1646 2724 incidentes,
1673 2682 1718 2715 ad
1742 2681 1867 2715 sedem
1892 2681 2126 2728 apostolicam

254 2748 392 2795 absque
418 2749 520 2796 gravi
550 2749 714 2796 periculo
742 2761 980 2796 personarum
1009 2756 1046 2783 et
1071 2761 1193 2783 rerum
1222 2749 1417 2795 dispondio
1446 2748 1621 2782 accedere
1651 2755 1851 2794 nequeunt,
1885 2747 2128 2782 absolutionis

254 2814 473 2850 beneficium
503 2816 664 2862 petituri,
701 2828 812 2862 super
845 2816 913 2850 hoc
943 2817 998 2850 cis
1027 2816 1221 2862 providere
1252 2815 1540 2850 misericorditer
1568 2827 1792 2849 curaremus.
1828 2815 1880 2848 De
1915 2821 1973 2848 tua
2007 2814 2127 2859 itaque

255 2882 583 2929 circumspectione
607 2882 750 2929 plenam
772 2883 809 2916 in
830 2883 986 2917 Domino
1007 2883 1176 2917 fiduciam
1202 2882 1411 2917 obtinentes
1436 2882 1662 2928 presentium
1683 2881 1748 2915 tibi
1767 2881 1979 2915 auctoritate
1998 2892 2128 2914 concc-

256 2947 391 2990 «timus,
417 2955 457 2983 ut
478 2949 534 2983 eis
558 2961 675 2995 usque
699 2949 744 2984 ad
770 2949 971 2992 biennium,
998 2949 1195 2984 dummodo
1221 2949 1340 2995 passis
1365 2949 1533 2994 injuriam
1561 2949 1806 2982 satisfecerint
1824 2954 2073 3002 competenter
2093 2953 2126 2980 ct

382 3006 478 3032 Chare.
500 3006 578 3032 Um’r.
597 3007 693 3033 Porta.
710 3007 730 3032 1.
1974 3005 1999 3028 st
