2580 3528
466 381 527 414 160
1043 393 1361 414 CHARTULARHJM
1396 392 1586 414 uuivens.
1624 393 1753 415 PARIS.
2227 381 2339 425 ’[1237

467 495 488 530 1
501 494 574 531 13.
600 505 751 538 Gregorius
767 506 810 530 IX
821 505 949 531 concedit
965 505 1103 531 universis
1118 505 1265 539 magistris
1281 509 1308 531 el
1322 505 1505 531 scholaribus
1520 506 1736 532 Par-isiensibus
1752 510 1783 531 ut
1800 515 1853 542 per
1871 507 2049 542 septennium
2066 506 2163 533 nullus
2178 507 2207 532 in
2229 507 2341 533 univer·-

551 553 666 579 sitatem
689 553 890 588 magistrorum
914 554 955 579 vel
975 554 1148 580 scholarium
1171 563 1222 580 seu
1243 558 1378 579 rectorem
1402 554 1443 580 vel
1462 558 1677 590 procuratorem
1699 564 1794 581 eorum
1815 555 1843 580 in
1864 556 1949 581 certis
1972 555 2089 581 casibus
2111 555 2341 581 ercommunica-

553 602 647 634 tionis,
666 606 729 630 etc..
747 603 917 628 sententiam
932 602 1116 639 promulgat-c
1131 603 1250 628 audeat.

1711 653 1790 683 1237,
1805 653 1876 679 duni!
1888 654 1926 683 12,
1945 653 2053 680 riter-bii.

553 722 757 767 Gregorius
788 723 984 767 episcopus
1014 734 1143 756 servus
1173 734 1361 756 servorum
1389 723 1455 755 Dei
1481 722 1625 756 dilectis
1651 722 1736 755 filiis
1761 723 1945 757 universis
1966 724 2151 769 magistris
2172 730 2208 757 et
2227 723 2343 757 scola-

465 788 565 821 ribus
595 788 865 821 Parisiensibus
893 789 1044 821 salutem
1073 795 1105 821 et
1135 788 1369 833 apostolicam
1397 788 1704 822 benedictionem.
1733 790 1814 822 Non
1844 789 1950 823 decet
1975 802 2043 823 nos
2068 790 2173 827 vobis
2198 797 2344 836 aposto-

465 855 571 887 licum
608 867 742 900 negare
778 856 950 895 savorem,
987 867 1093 900 quem
1129 855 1262 888 vestris
1291 854 1466 888 videmini
1496 855 1636 888 meritis
1665 867 1889 901 comparare,
1923 856 2007 889 dum
2039 856 2166 890 dantes
2196 868 2341 902 operam

464 922 655 967 sapientie,
677 922 775 966 quod
806 922 1001 966 plurimum
1032 933 1099 954 nos
1126 921 1292 962 delectat,
1321 928 1445 954 nostre
1471 934 1536 955 vos
1562 922 1676 967 gratie
1702 923 1890 968 coaptatis,
1925 923 1987 968 qui
2012 923 2206 968 aliquando
2234 923 2345 956 disci-

465 988 574 1033 plinis
602 988 805 1021 scolasticis
834 988 1047 1021 insudantes
1075 988 1118 1021 ad
1147 1000 1327 1021 summum
1353 1000 1480 1021 sumus
1501 988 1587 1021 licet
1607 989 1777 1022 immeriti
1798 989 2049 1034 magisterium
2075 990 2226 1023 evocati.
2253 980 2344 1023 Hinc

464 1061 532 1095 est,
564 1055 661 1099 quod
692 1066 759 1086 nos
790 1055 903 1099 quieti
933 1061 1054 1087 vestre
1084 1061 1231 1100 paterna
1261 1054 1428 1088 volentes
1456 1055 1645 1100 diligentia
1674 1055 1868 1100 providere
1895 1056 2107 1089 auctoritate
2132 1055 2238 1090 vobis
2263 1068 2346 1102 pre-

464 1121 621 1154 sentium
643 1121 892 1167 indulgemus,
915 1128 954 1154 ut
974 1121 1097 1155 nullus
1119 1121 1155 1154 in
1177 1122 1449 1155 universitatem
1472 1122 1729 1167 magistrorum
1751 1122 1809 1156 vel
1830 1123 2037 1165 scolarium,
2061 1135 2126 1156 seu
2148 1124 2341 1156 rectorem*

464 1188 521 1221 vel
543 1195 814 1233 procuratorem
836 1200 976 1230 eorum,
993 1195 1054 1221 aut
1074 1200 1289 1233 quemquam
1313 1189 1422 1222 alium
1446 1201 1511 1234 pro
1532 1189 1625 1222 sacto
1642 1189 1700 1223 vel
1720 1190 1912 1222 occasione
1930 1190 2187 1223 Universitatis
2207 1202 2346 1223 excom-

466 1255 733 1296 municationis,
770 1255 1040 1300 suspensionis,
1075 1255 1133 1289 vel
1167 1255 1352 1288 interdicti
1391 1256 1592 1289 sententias
1625 1255 1756 1289 audeat
1798 1256 2032 1302 promulgare
2069 1256 2207 1301 absque
2246 1256 2347 1290 sedis

465 1321 664 1366 apostolice
692 1322 837 1354 licentia
865 1321 1028 1367 speciali,
1051 1328 1086 1355 et
1110 1322 1141 1355 si
1168 1322 1278 1355 suerit
1302 1322 1542 1367 promulgata,
1570 1322 1650 1367 ipso
1671 1323 1755 1367 jure
1782 1323 1829 1356 sit
1854 1323 1955 1356 irrita
1982 1330 2017 1356 et
2041 1323 2173 1365 inanis,
2195 1334 2347 1368 presen-

467 1388 563 1421 tibus
579 1388 710 1421 litteris
731 1395 813 1433 post
833 1389 1063 1433 septennium
1083 1388 1230 1421 minime
1247 1388 1424 1421 valituris.
1449 1390 1526 1422 Dat.
1549 1389 1704 1422 Viterbii
1726 1389 1749 1434 ij
1772 1389 1820 1422 id.
1843 1390 1955 1430 Junii7
1978 1389 2209 1435 pontificatus
2230 1390 2347 1423 nostri

465 1467 560 1487 aimo
582 1455 789 1487 undecimo.

559 1539 694 1570 Originale
710 1539 735 1562 iu
751 1540 828 1563 Arc-h.
845 1543 898 1563 nat.
916 1540 999 1562 Puris.
1018 1540 1045 1563 L.
1063 1539 1116 1567 ‘243'
1133 1544 1162 1562 11⁰
1178 1540 1231 1567 105,
1248 1540 1311 1563 olim
1327 1540 1353 1563 in
1369 1540 1446 1564 Arcb.
1464 1540 1586 1564 Univers.
1605 1529 1679 1564 Bulsa
1699 1540 1825 1572 plumbea
1845 1540 1897 1563 filis
1917 1541 2030 1564 cannab-
2046 1541 2216 1572 appeuditur.
2239 1541 2259 1564 Α
2274 1544 2349 1572 tergo

466 1592 547 1615 supra
563 1584 588 1606 in
604 1587 680 1615 parte
696 1583 803 1607 sinistra
820 1592 825 1607 ·.
844 1593 855 1606 «
872 1584 979 1607 Petatur
998 1584 1133 1607 renovatio
1154 1592 1213 1607 cum
1232 1584 1410 1616 perpetuitate
1426 1593 1448 1608 ».
1465 1585 1537 1608 Infra
1553 1593 1558 1608 -.
1577 1594 1588 1607 «
1606 1585 1699 1608 Petunt
1714 1585 1833 1616 sigillum
1848 1585 1881 1608 ud
1902 1593 2006 1612 causas,
2024 1593 2075 1608 non
2091 1586 2124 1608 nd
2140 1585 2350 1612 contrahendum

467 1632 595 1655 mutuum,
623 1629 667 1651 sed
688 1629 721 1651 nd
746 1631 873 1651 tractatus
894 1628 1060 1659 negotiorum
1084 1637 1202 1652 suorum.
1225 1629 1276 1652 Hec
1301 1629 1388 1652 littera
1408 1633 1448 1652 est
1472 1629 1497 1652 in
1518 1637 1597 1652 manu
1622 1629 1750 1652 auditoris
1771 1629 2003 1657 contradictarum,
2026 1637 2105 1661 quam
2124 1633 2217 1661 petunt
2236 1629 2349 1654 absolvi.

468 1674 516 1696 Pro
532 1673 583 1695 hiis
599 1673 702 1695 duobus
719 1673 838 1696 scribunt
853 1673 885 1696 de
900 1681 967 1696 novo
983 1673 1104 1704 magistri
1120 1673 1182 1704 iiij⁰¹
1197 1674 1352 1696 facultatum
1367 1682 1390 1698 ».
1406 1674 1499 1697 Postea
1514 1674 1567 1697 alia
1586 1682 1678 1697 manns
1694 1682 1791 1697 coaeva
1806 1674 1926 1705 adjunxit
1942 1682 1947 1697 ·.
1961 1682 1973 1696 ((
1989 1674 2030 1697 vel
2045 1677 2244 1706 procuratorem
2259 1682 2351 1698 eorum

467 1726 513 1740 seu
533 1721 661 1740 rectorem
681 1717 859 1749 cujuscunque
880 1721 925 1740 aut
945 1725 1161 1749 quarumcunque
1181 1721 1267 1741 rector
1292 1718 1370 1741 suerit
1395 1719 1559 1746 facultatum,
1576 1723 1625 1742 etc.
1642 1727 1653 1741 »
1670 1718 1768 1742 Deinde
1786 1726 1791 1742 :
1809 1727 1821 1741 «
1842 1718 1980 1742 Scribatur
1999 1719 2121 1743 Remensi
2140 1719 2349 1750 archiepiscopo,

466 1762 591 1793 episcopo
607 1765 632 1784 et
647 1762 745 1785 decano
761 1762 935 1785 Silvanecten.
952 1770 1002 1793 pro
1018 1762 1217 1785 conservatione
1232 1762 1436 1794 privilegiorum
1452 1763 1639 1786 Universitatis
1660 1763 1744 1786 Paris.
1761 1766 1786 1786 et
1800 1763 1914 1786 aliorum
1930 1763 2070 1791 bonorum,
2088 1772 2138 1795 que
2153 1763 2221 1787 dicte
2237 1763 2350 1788 Univer-

467 1806 539 1830 sitati
554 1814 678 1829 concessa
694 1809 756 1829 sunt
770 1809 793 1829 et
810 1806 934 1829 dicuntur
949 1806 1080 1837 pertinere
1097 1815 1118 1830 n.
1136 1807 1204 1829 Haec
1225 1807 1324 1838 scripta
1345 1808 1450 1830 fuerunt
1470 1816 1538 1830 anno
1560 1808 1629 1835 1246,
1651 1811 1791 1839 antequam
1812 1807 1979 1831 Innocentius
2000 1808 2033 1831 IV
2052 1808 2155 1831 litteras
2176 1807 2296 1839 Gregorii
2317 1808 2350 1831 IX

469 1851 603 1874 innovavit
617 1854 642 1874 et
658 1859 735 1873 usum
750 1851 833 1882 sigilli
849 1851 987 1874 concessit.
1004 1851 1169 1874 Universitas
1186 1851 1258 1874 misit
1273 1851 1403 1883 originale
1426 1852 1623 1883 praedictarum
1642 1852 1791 1875 lit-terarum
1805 1852 1838 1875 ad
1854 1852 2037 1875 Innocentium
2053 1852 2086 1876 lv
2101 1860 2162 1875 eum
2176 1852 2350 1884 petitionibus

469 1896 493 1918 iu
514 1899 588 1926 parte
609 1903 702 1918 aversa
723 1895 839 1926 scriptis.
860 1895 945 1918 Verba
967 1904 978 1918 «
1000 1896 1040 1918 vel
1061 1899 1259 1926 procuratorem
1279 1913 1308 1920 ...
1329 1896 1483 1919 facultatum
1505 1905 1516 1918 »
1538 1896 1669 1919 debebant
1690 1896 1813 1924 iudicare,
1839 1905 1850 1919 ι(
1873 1905 1918 1919 seu
1943 1899 2071 1919 rectorem
2091 1897 2132 1919 vel
2151 1899 2351 1927 procuratorem

467 1948 557 1962 corum
570 1948 580 1961 n
595 1940 620 1962 in
633 1939 726 1962 litteris
737 1939 867 1970 Gregorii,
881 1942 970 1970 utpote
982 1939 1116 1971 expressio
1128 1943 1188 1963 tunc
1201 1940 1286 1963 minus
1298 1943 1424 1967 correcta.
1438 1941 1534 1964 mutari
1549 1941 1644 1963 dehere
1660 1941 1803 1963 secundum
1813 1940 2008 1972 expressionem
2024 1949 2039 1963 a
2050 1940 2186 1972 magistris
2198 1940 2350 1969 indicatam,

468 1985 536 2007 sieut
560 1984 725 2007 Innocentius
749 1985 781 2007 {V
804 1992 895 2007 revera
918 1992 986 2007 anno
1010 1984 1079 2012 1246,
1103 1984 1196 2008 Octob.
1212 1986 1260 2012 23,
1284 1985 1353 2008 fecit.
1369 1985 1433 2008 Vide
1448 1985 1526 2008 infra.
1548 1985 1590 2008 Sic
1611 1985 1689 2008 etiam
1713 1985 1879 2008 Innocentius
1906 1985 1939 2008 lv
1959 1985 2009 2008 sub
2029 1985 2120 2008 eadem
2140 1985 2267 2016 temporis
2290 1988 2351 2008 nota

469 2029 667 2060 archiepiscopo
684 2028 813 2055 Romonsi,
829 2028 954 2060 episcopo
970 2032 995 2051 et
1010 2029 1107 2051 ‹lm-ano
1124 2029 1366 2052 Silvancctcusibus
1384 2033 1411 2052 ut
1426 2030 1658 2053 conservatoribus
1678 2029 1880 2060 privilegiorum
1896 2029 2005 2060 scripsit
2024 2029 2197 2060 petitionibus
2218 2029 2353 2054 Universi-

470 2073 530 2096 tatis
547 2081 672 2096 annuens.
690 2073 728 2096 Ad
743 2073 807 2095 haee
823 2073 881 2095 vide
897 2073 982 2097 Arc-h.
995 2073 1048 2103 fiir
1065 2073 1210 2097 Litteral.-
1226 2075 1288 2097 und
1304 2074 1520 2104 Kirchenqesch.
1535 2075 1581 2098 des
1596 2074 1746 2102 Mittelalt„
1764 2074 1809 2101 ΠΙ,
1826 2075 1872 2097 6211
1887 2082 1945 2105 sqq.
1961 2087 1993 2091 ——-
2007 2074 2198 2105 Apographum
2214 2073 2276 2097 anni
2291 2073 2352 2097 1244

471 2118 495 2140 in
517 2118 594 2141 Arch.
617 2117 696 2141 Univ.
712 2117 795 2140 Paris.
818 2118 891 2140 theca
914 2118 955 2141 lv.
972 2119 1000 2141 Α,
1024 2118 1061 2145 19,
1083 2117 1108 2142 h.
1135 2118 1198 2141 Cod.
1218 2118 1276 2141 vat.
1298 2119 1361 2149 Reg.
1382 2119 1437 2146 406,
1463 2119 1507 2141 sol.
1529 2118 1584 2142 11‘2.
1606 2118 1674 2142 Bibl.
1695 2118 1826 2149 Phillipps
1847 2118 1873 2141 in
1895 2118 2076 2147 Cheltenham,
2100 2126 2149 2142 ms.
2170 2119 2225 2147 876,
2247 2119 2292 2142 sol.
2312 2118 2351 2142 12.

470 2171 529 2184 vum
545 2161 651 2184 rubrica
667 2170 672 2185 ·.
691 2171 701 2183 α
719 2162 753 2185 Ut
769 2162 856 2184 nullus
879 2162 902 2184 iu
926 2162 1138 2187 Universitatem.
1156 2165 1283 2185 rectorem
1304 2171 1349 2185 scu
1369 2166 1554 2193 procuratores
1575 2162 1693 2194 ejusdcm
1713 2162 1829 2194 aliquam
1850 2162 2007 2186 sententiam
2027 2163 2124 2186 audeat
2138 2163 2313 2194 promulgare
2329 2170 2351 2186 a.

472 2207 594 2234 Butos-us,
613 2207 657 2233 ΙΗ,
675 2207 728 2229 159.

566 2278 587 2300 1.
605 2278 643 2301 Cf.
661 2277 693 2300 ad
710 2277 758 2300 hoe
774 2285 855 2308 supra
871 2281 899 2299 η’)
914 2278 953 2300 95.

478 2387 498 2423 1
512 2386 585 2423 14.
611 2396 761 2430 Gregorius
778 2391 822 2421 IX
835 2395 948 2422 Galtero
969 2395 1193 2432 archiepiscopo,
1214 2395 1419 2422 archidiacono
1440 2400 1467 2422 ct
1489 2396 1673 2432 Praecentori
1694 2396 1905 2422 Senonensibus
1931 2396 2051 2421 mandat
2071 2399 2102 2422 at
2121 2395 2271 2430 religiosos
2287 2393 2354 2422 illoc

563 2448 590 2470 et
605 2445 731 2479 clericos,
750 2445 800 2480 qui
815 2444 913 2470 domos
928 2454 998 2470 suas
1015 2445 1115 2470 taxari
1130 2445 1244 2471 minime
1256 2445 1418 2481 patiuntur,
1437 2445 1478 2471 ad
1493 2445 1544 2471 hoc
1560 2445 1742 2482 compellant.

1726 2526 1804 2556 1237,
1819 2526 1889 2552 duni!
1904 2526 1941 2555 75,
1959 2525 2067 2551 Visst-bii.

566 2596 770 2640 Gregorius
796 2596 992 2640 episcopus
1017 2607 1146 2628 servus
1168 2607 1357 2629 servorum
1380 2596 1445 2629 Dei
1466 2596 1666 2629 venerabili
1691 2596 1791 2629 fratri
1812 2622 1832 2628 ..
1856 2595 2134 2640 archiepiscopo
2156 2601 2191 2627 et
2211 2594 2355 2628 dilectis

477 2662 561 2694 filiis
586 2688 606 2694 ..
633 2661 887 2694 archidiacono
910 2668 945 2694 et
967 2688 988 2694 ..
1012 2662 1217 2706 precentori
1240 2662 1517 2695 senonensibus
1544 2662 1696 2696 salutem
1725 2669 1760 2695 et
1785 2662 2019 2707 apostolicam
2046 2661 2353 2694 benedictionem.

478 2728 607 2760 Dilecti
636 2727 699 2760 filii
728 2728 889 2772 magistri
919 2734 954 2760 et
981 2728 1140 2761 scolares
1172 2728 1397 2761 parisienses
1427 2741 1491 2761 sua
1519 2728 1626 2761 nobis
1656 2728 1830 2773 petitione
1861 2734 2121 2769 monstrarunt,
2148 2727 2246 2772 quod
2274 2739 2355 2760 cum

477 2794 563 2827 olim
598 2793 707 2826 iidem
743 2794 779 2826 in
815 2793 1002 2826 solvendis
1041 2793 1281 2838 hospitioruin
1317 2807 1465 2827 suorum
1502 2794 1744 2840 pensionibus
1784 2793 2064 2827 intolerabiliter
2101 2800 2354 2839 gravarentur,

481 2861 621 2894 tandem
645 2860 689 2893 de
719 2871 901 2893 consensu
931 2866 966 2893 et
991 2860 1173 2893 voluntate
1200 2861 1378 2893 carissimi
1399 2861 1435 2893 in
1465 2861 1611 2894 Christo
1634 2861 1698 2893 filii
1719 2861 1835 2894 nostri
1857 2887 1878 2893 ..
1903 2860 2056 2893 illustris
2078 2860 2178 2906 regis
2205 2860 2355 2893 Francie

480 2927 742 2960 deliberatione
773 2926 922 2972 provida
954 2933 1132 2960 taxatores
1157 2927 1199 2959 ad
1227 2926 1294 2959 hoc
1320 2927 1418 2960 viros
1445 2927 1618 2973 providos
1646 2927 1896 2972 deputarunt¹.
1920 2928 2053 2961 Verum
2081 2927 2163 2972 quia
2185 2926 2355 2959 nonnulli

2568 2558 2580 3035 .<mjz:<mmmffl—mm.-=vd.
2575 2523 2580 2548 n<
2578 2506 2580 2510 .
2578 2490 2580 2495 .
