2580 3528
442 377 506 409 176
1023 383 1343 407 annTvLAnluM
1379 383 1569 405 uuivssns.
1607 382 1737 404 rmus..
2218 369 2318 410 [1245

440 466 707 505 prosequentes
734 459 798 492 tibi
827 472 866 492 ac
894 459 1077 492 universis
1104 457 1297 491 abbatibus
1324 457 1584 491 Cisterciensis
1612 456 1775 497 Ordinis,
1799 462 1838 488 ut
1862 455 1899 488 id
1924 454 2040 488 libere
2067 454 2218 500 possitis
2243 452 2319 486 effi-

439 538 536 568 cere,
557 526 770 559 auctoritate
791 525 1015 571 presentium
1038 524 1286 570 indulgemus.
1310 523 1407 556 Nulli
1430 534 1532 568 ergo,
1554 528 1634 564 etc.,
1656 528 1782 556 nostre
1802 521 2070 563 concessionis,
2091 526 2155 555 etc.
2183 519 2218 553 Si
2236 519 2319 564 quis

439 600 573 635 autem,
594 598 658 627 etc.
683 594 760 626 Dat.
785 592 955 638 Lugduni
977 603 1063 624 non.
1086 591 1260 631 Januarii,
1284 589 1517 635 pontificatus
1539 589 1655 622 nostri
1676 601 1771 622 anno
1793 588 1969 621 secundo.

533 691 669 722 Originale
688 691 714 714 in
734 691 810 714 Arch.
828 690 930 721 depnrt.
946 690 978 712 de
997 689 1088 712 l'Aubc
1104 687 1231 719 (Troyes),
1249 688 1269 712 3
1283 687 1380 718 Hs257.
1397 687 1474 710 Bulla
1493 686 1620 718 plumbea
1635 686 1687 710 filis
1704 686 1779 709 serie.
1802 686 1864 709 ssavi
1879 689 1904 710 et
1918 686 1977 711 rub.
1993 686 2089 710 coloris
2105 686 2274 718 appenditur.
2291 686 2321 709 In

439 744 533 760 aversa
553 736 707 759 membrana
722 733 802 764 11.In
818 734 893 757 Arch.
916 734 1019 765 depart.
1036 734 1067 756 de
1086 734 1112 756 la
1128 732 1272 756 Gote-d'Or
1288 731 1392 763 (Dijon),
1408 731 1455 755 ubi
1473 734 1578 755 exstant
1597 731 1704 754 chartae
1724 730 1878 754 monasterii
1893 730 2085 759 Cisterciensis,
2101 738 2133 754 ne
2148 738 2201 754 una
2215 730 2321 762 quidem

439 781 552 812 epistola
575 788 655 811 super
674 780 724 803 huc
743 788 771 802 re
795 778 918 802 occurrit.
938 792 970 795 —
989 779 1052 809 Rog.
1073 778 1130 800 Vnt.
1153 776 1297 800 Innocentii
1317 776 1351 799 1v
1370 784 1412 800 an.
1434 777 1457 805 2,
1477 784 1519 807 ep.
1541 776 1595 804 147,
1617 776 1661 799 fol.
1683 776 1737 798 134.
1758 774 1859 798 Marino
1883 775 1915 798 de
1939 774 2022 798 Ebolo
2045 774 2173 800 collectio
2191 774 2218 798 in
2243 774 2320 798 Aren.

440 826 466 848 S.
487 825 558 849 Petri
577 825 674 848 Romae
693 824 750 847 cod.
772 824 799 847 C.
818 824 870 851 117,
889 823 932 846 sot.
949 823 1003 846 229.
1021 822 1098 845 Arch.
1113 822 1170 845 Vnt.
1192 829 1258 845 urm.
1275 821 1313 849 31,
1330 825 1359 844 n⁰
1375 821 1413 849 72,
1429 829 1470 852 ep.
1488 821 1558 844 2270.
1580 820 1704 843 D'Arhois
1726 820 1758 843 de
1777 819 1949 847 Jubainville,
1964 814 2068 844 Etudes
2084 826 2138 844 sur
2155 818 2232 844 l'e'tat
2253 818 2321 843 inte-

439 870 521 894 rieur
542 871 588 894 des
610 870 728 899 abbayes
748 867 951 895 cisterc-tennes,
979 876 1005 898 p.
1028 868 1082 890 360.
1108 880 1138 883 —
1159 867 1211 889 Iste
1237 865 1388 897 Stephanus
1414 864 1508 894 abbas,
1530 865 1636 888 natione
1660 864 1770 896 Anglus,
1793 867 1912 895 tempore
1935 871 1987 895 quo
2009 863 2036 887 S.
2057 863 2211 887 Edmundus
2235 863 2322 886 adhuc

440 914 601 946 theologiam
624 913 734 937 Parisiis
750 912 869 940 docebat,
886 912 991 935 scholas
1013 911 1131 943 ejusdem
1152 910 1280 938 visitavit,
1304 913 1330 934 et
1350 910 1444 933 exinde
1465 918 1525 933 cum
1551 918 1597 933 sex
1616 909 1676 932 aliis
1696 908 1863 932 auditoribus
1883 908 2013 940 praedicti
2043 907 2175 931 Edmundi
2196 907 2322 932 Ordinem

440 958 655 982 Cisterciensium
674 956 792 981 intravit.
814 957 876 980 Vita
893 956 922 980 S.
942 955 1098 983 Edmumti,
1123 956 1261 980 cantuar.
1281 954 1458 985 archiepisc„
1480 957 1587 977 auctore
1606 954 1753 977 Beni-ando
1778 952 1982 980 Pontiniaoensi,
2003 952 2075 983 apud
2094 952 2219 980 Manena,
2242 952 2321 977 Thes.

439 1010 500 1028 nov.
515 1003 622 1030 anecd„
640 1002 685 1030 ΙΙΙ,
703 1002 772 1024 1789.
787 1001 826 1024 Cf.
844 1000 946 1028 Surius,
963 1001 1003 1024 De
1017 1000 1145 1030 probatis
1160 1000 1335 1024 Sanctorum
1351 998 1476 1023 historiis
1491 998 1592 1029 (Colon.
1609 998 1688 1029 1577),
1704 998 1747 1026 Vt,
1763 998 1818 1021 371.

535 1087 556 1110 1.
574 1087 603 1110 In
618 1087 681 1117 Reg.
698 1089 767 1117 post.
785 1094 796 1108 (ι
814 1085 942 1108 virtutum
958 1093 969 1107 »
986 1092 1128 1116 perperam
1145 1083 1322 1115 interponitur
1337 1092 1349 1106 «
1365 1086 1456 1106 contra
1472 1092 1494 1106 n.
1509 1096 1541 1100 —
1556 1083 1579 1106 2.
1595 1083 1621 1106 1η
1637 1082 1705 1114 orig.
1721 1082 1818 1113 legitur
1835 1090 1840 1104 :
1859 1090 1870 1104 a
1886 1081 2002 1112 spetiosa
2014 1089 2037 1105 »-

446 1268 554 1305 134.
580 1277 760 1303 Innocentius
774 1276 962 1303 IVuniversis
978 1275 1090 1301 clericis
1103 1284 1158 1311 per
1172 1275 1390 1310 Lugdunensem
1402 1274 1580 1311 provinciam
1596 1273 1759 1300 constitutis
1775 1273 1842 1299 etin
1857 1271 1964 1298 scholis
1980 1271 2158 1307 theologicae
2171 1270 2325 1306 facultatis

530 1328 655 1361 fratrum
676 1325 915 1352 Praedicator-um
937 1324 1150 1350 Divionensium
1171 1323 1355 1350 studentibus
1378 1322 1508 1349 concedit
1528 1327 1558 1348 ut
1574 1326 1728 1359 proventus
1747 1331 1863 1348 suorum
1885 1321 2087 1355 beneficiorum
2108 1321 2217 1355 integre
2229 1319 2325 1356 perci-

529 1376 622 1412 piant,
641 1384 676 1401 ac
690 1375 717 1401 si
732 1374 857 1400 Parisiis
873 1374 902 1400 in
917 1373 1014 1400 eodem
1031 1373 1127 1399 studio
1143 1377 1295 1399 morentur.

1644 1422 1719 1450 7245,
1735 1420 1869 1447 Februarii
1880 1421 1905 1447 ⁶.
1922 1420 2037 1453 Lugduni.

535 1500 772 1533 Innocentius
808 1498 1005 1544 episcopus
1045 1509 1174 1531 servus
1214 1508 1403 1530 servorum
1445 1497 1509 1528 Dei
1550 1496 1694 1529 dilectis
1734 1495 1820 1528 filiis
1856 1495 2039 1528 universis
2077 1493 2223 1527 clericis
2262 1504 2327 1539 per

445 1567 730 1613 Lugdunensem
762 1565 984 1611 provinciam
1014 1564 1224 1598 constitutis
1255 1563 1406 1597 salutem
1439 1570 1473 1596 et
1507 1563 1741 1608 apostolicam
1777 1562 2084 1595 benedictionem.
2121 1560 2260 1593 Dilecte
2290 1560 2327 1593 in

444 1634 591 1668 Christo
627 1633 700 1666 filie
736 1632 871 1665 nobilis
907 1631 1275 1665 mulieris..ducisse
1310 1630 1541 1675 Burgundie⁴
1580 1629 1751 1675 precibus
1782 1628 1946 1662 inclinati
1980 1627 2193 1661 auctoritate
2222 1626 2351 1660 vobis-

446 1700 670 1746 presentium
701 1699 955 1744 indulgemus,
994 1705 1033 1731 ut
1063 1698 1272 1743 quicunque
1307 1703 1467 1730 vestrum
1499 1697 1536 1729 in
1566 1696 1678 1729 scolis
1710 1697 1858 1729 fratrum
1888 1695 2159 1728 Predicatorum
2196 1693 2328 1739 Dyvio-

446 1768 614 1801 nensium
636 1766 884 1812 Lingonensis
905 1765 1065 1798 diocesis
1087 1765 1208 1798 studio
1230 1764 1431 1797 institerint.
1450 1763 1649 1809 theologie,
1672 1762 1934 1796 beneficiorum
1958 1773 2107 1795 suorum
2129 1766 2328 1806 proventus

447 1835 588 1880 integre
623 1834 837 1880 percipiant,
870 1846 909 1866 ac
940 1833 969 1865 si
1000 1832 1161 1865 Parisins
1192 1832 1227 1863 in
1259 1831 1387 1864 eodem
1419 1831 1541 1864 studio
1571 1837 1812 1863 morarentur.
1849 1829 1946 1862 Nulli
1972 1840 2074 1874 ergo,
2101 1833 2181 1870 etc.,
2203 1833 2328 1861 nostre

445 1901 712 1941 concessionis,
735 1906 799 1934 etc.
824 1900 858 1933 Si
882 1900 964 1945 quis
986 1906 1118 1936 autem,
1141 1904 1206 1932 etc.
1231 1899 1308 1930 Dat.
1332 1897 1503 1943 Lugduni
1524 1898 1585 1942 viij
1608 1897 1657 1930 id.
1681 1896 1881 1937 Februarii,
1904 1908 1998 1929 anno
2020 1895 2196 1928 secundO.

541 2000 677 2031 Originale
698 1999 724 2022 in
745 1999 821 2022 Arch.
843 1999 945 2029 depart.
967 1998 999 2020 de
1019 1998 1045 2020 la
1061 1996 1204 2020 Cote-d'Or
1223 1996 1326 2027 (Dijon),
1349 1996 1378 2019 11.
1400 1997 1455 2019 932.
1477 1996 1553 2019 Deest
1573 1996 1654 2018 bulla.
1677 2009 1709 2012 —
1728 1995 1790 2025 ch.
1813 1995 1869 2017 Vut.
1892 1993 2035 2017 Innocentii
2056 1993 2089 2016 IV
2108 2001 2150 2016 un.
2172 1994 2194 2020 2,
2215 2001 2255 2023 ep.
2273 1993 2327 2021 220,

447 2045 492 2068 sol.
510 2045 563 2068 144.
580 2058 610 2061 —
626 2044 722 2075 Ripoll,
739 2044 814 2068 Bull.
833 2043 898 2067 Ord.
915 2043 1028 2070 Praeti„
1045 2042 1064 2069 1,
1082 2041 1136 2068 147,
1153 2045 1181 2063 n⁰
1196 2041 1235 2063 81.

542 2129 563 2152 1.
581 2128 680 2152 Alixiae
695 2128 727 2151 de
742 2128 878 2158 Vcrginco,
896 2127 1016 2159 conjugis
1032 2128 1148 2151 Eudonis
1165 2128 1211 2151 111.

454 2306 561 2343 135.
586 2313 768 2340 Innocentius
780 2315 823 2339 IV
834 2313 981 2347 magistris
997 2317 1024 2338 et
1040 2312 1221 2338 universitati
1235 2311 1411 2337 scholarium
1426 2310 1520 2336 Paris.
1539 2310 1772 2346 compositionem
1787 2308 1854 2335 olim
1871 2308 1945 2334 inter
1959 2308 2038 2344 ipsos
2053 2311 2141 2343 atque
2157 2306 2328 2343 episcopum,

539 2363 745 2390 cancellarium
761 2362 978 2398 capitulumque
993 2362 1088 2388 Paris.
1106 2363 1218 2396 factam
1233 2361 1269 2387 de
1285 2360 1403 2386 licentia
1419 2359 1519 2385 danda
1535 2359 1662 2395 aliisque
1678 2360 1838 2393 confirmat.

1635 2449 1712 2478 1245,
1727 2447 1862 2474 Februarii
1875 2448 1913 2477 13,
1929 2447 2044 2480 Lugduni.

543 2527 779 2561 Innocentius
811 2527 1008 2571 episcopus
1039 2538 1168 2559 servus
1204 2537 1392 2558 servorum
1425 2524 1488 2556 Dei
1526 2523 1670 2556 dilectis
1705 2522 1791 2555 filiis
1825 2521 2009 2567 magistris
2039 2527 2075 2553 et
2106 2517 2332 2552 universitati

453 2594 647 2627 scolarium
692 2593 951 2627 Parisiensium
998 2592 1150 2625 salutem
1196 2599 1231 2624 et
1273 2591 1508 2636 apostolicam
1553 2589 1860 2623 benedictionem.
1906 2589 1954 2620 Ea
1991 2598 2062 2632 que
2095 2585 2236 2631 judicio
2274 2583 2333 2618 vel

453 2660 650 2694 concordia
676 2660 926 2700 terminantur,
958 2659 1059 2692 firma
1084 2658 1220 2691 debent
1245 2664 1280 2691 et
1305 2657 1440 2690 illibata
1467 2657 1679 2702 persistere,
1708 2662 1744 2688 et
1770 2667 1815 2687 ne
1841 2655 1877 2687 in
1904 2653 2062 2687 recidive
2087 2651 2333 2685 contentionis

455 2726 669 2772 scrupulum
692 2725 913 2766 relabantur,
942 2725 1144 2770 apostolico
1172 2724 1344 2757 convenit
1371 2723 1532 2768 presidio
1561 2722 1790 2755 communiri.
1821 2723 1872 2754 Ex
1892 2726 1991 2766 parte
2013 2719 2194 2765 siquidem
2214 2724 2334 2752 vestra

457 2794 525 2827 fuit
549 2793 775 2839 propositum
802 2804 923 2825 coram
945 2791 1065 2832 nobis,
1092 2791 1189 2836 quod
1211 2803 1291 2823 cum
1319 2790 1405 2823 olim
1431 2790 1526 2822 inter
1553 2801 1618 2822 vos
1647 2800 1690 2821 ex
1711 2794 1810 2833 parte
1833 2799 1916 2828 una,
1938 2793 1974 2820 ct
1994 2785 2089 2819 bone
2110 2785 2285 2818 memorie
2310 2811 2331 2817 ..

458 2861 671 2906 episcopum
693 2866 729 2892 et
747 2886 768 2891 ..
787 2858 1041 2891 cancellarium
1064 2870 1103 2890 ac.
1125 2857 1279 2890 dilectos
1307 2855 1403 2888 filios
1424 2855 1618 2900 capitulum
1646 2854 1851 2887 Parisiense
1873 2865 1916 2886 ex
1936 2852 2059 2894 altera,
2086 2863 2197 2897 super
2217 2851 2335 2884 danda

459 2927 605 2961 licentia
636 2926 680 2959 ab
710 2926 839 2959 eodem
870 2924 1089 2958 cancellario
1119 2923 1304 2968 magistris
1333 2922 1543 2956 volentibus
1574 2922 1735 2967 incipere
1761 2921 1797 2953 in
1829 2919 1987 2966 singulis
2020 2918 2265 2960 facultatibus,
2300 2924 2336 2951 et

2572 662 2575 666 -
2572 553 2580 648 janam...
2576 534 2580 547 ..
2578 510 2580 514 .
