2580 3528
245 415 342 457 1256]
587 425 634 447 ΑΒ
667 425 774 447 nmo
807 424 884 447 mcc
919 424 1051 453 usone
1085 425 1134 446 An
1169 424 1398 446 PHILIPPUM
1433 424 1474 446 iv
1507 424 1596 446 aas.
1634 425 1770 447 rimae.
2049 417 2114 449 333

242 499 406 533 libellum
433 498 604 540 eundem,
625 499 686 544 qui
712 498 765 532 sic
790 498 918 544 incipit
940 509 947 531 :
969 498 1061 532 Ecce
1079 497 1236 532 videntes
1255 497 1456 532 clamabunt
1469 497 1589 542 foris,
1611 498 1746 543 quique
1772 499 1972 531 secundum
1999 500 2116 544 ipsius

243 565 386 600 titulum
416 577 424 599 :
461 565 656 599 Tractatus
684 565 802 599 brevis
823 564 867 599 de
892 564 1071 610 periculis
1098 564 1372 598 novissimorum
1405 564 1635 608 temporum⁸,
1669 572 1911 610 nuncupatur,
1948 572 2115 609 tanquam

241 632 422 678 iniquum,
449 632 646 666 scelestum
674 638 710 665 et
735 631 992 673 execrabilem,
1027 637 1063 664 et
1095 631 1346 664 institutiones
1375 643 1414 663 ac
1445 631 1660 663 documenta
1691 631 1727 663 in
1758 643 1800 663 eo
1832 631 1959 664 tradita
1994 638 2118 676 utpote

242 711 363 745 prava,
388 698 485 732 falsa·
506 705 543 732 et
570 698 705 732 nefaria
735 698 780 731 de
811 698 961 731 fratrum
990 705 1198 731 nostrorum
1232 697 1388 731 consilio
1415 698 1626 731 auctoritate
1653 697 1852 743 apostolica
1881 697 2119 743 reprobamus

242 772 278 800 et
307 766 346 799 in
375 772 590 812 perpetuum
624 765 950 811 condempnamus,
982 764 1147 798 districte
1181 764 1442 810 precipientes,
1470 771 1510 797 ut
1542 765 1763 810 quicumque
1798 764 1962 797 libellum
1999 765 2118 810 ipsum

242 832 423 874 habuerit,
449 844 531 866 eum
556 832 648 865 infra
674 838 756 865 octo
781 831 874 873 dies,
896 843 939 865 ex
966 843 1038 877 quo
1064 831 1275 876 hujusmodi
1302 837 1463 864 nostram
1491 831 1784 876 reprobationem
1813 838 1848 864 et
1874 831 2120 876 condempna-

242 900 378 934 tionem
399 899 560 940 sciverit,
582 910 734 944 prorsus
755 899 792 932 in
813 905 888 932 toto
909 905 945 931 et
965 898 1001 931 in
1022 897 1184 943 qualibet
1203 898 1260 931 sui
1282 904 1381 943 parte
1407 897 1622 931 comburere
1644 905 1679 931 et
1698 897 1845 931 abolere
1872 905 2054 943 procuret.
2078 899 2122 931 Et

242 967 280 1000 in
313 965 419 1000 illos’
445 966 508 1011 qui
535 965 645 1011 hujus
675 965 791 998 nostri
819 965 981 1010 precepti
1008 965 1143 998 fuerint
1170 971 1455 1010 contemptores,
1487 965 1872 998 excommunicationis
1902 965 2119 998 sententiam

241 1033 531 1080 promulgamus,
550 1032 704 1065 firmiter
724 1032 760 1065 in
782 1032 914 1065 virtute
939 1031 1148 1065 obedientie
1174 1031 1419 1076 prohibendo,
1441 1043 1486 1064 ne
1507 1032 1699 1077 quisquam
1726 1031 1928 1077 predictum
1954 1031 2118 1065 libellum

242 1111 306 1133 ore
331 1098 532 1145 apostolico
555 1100 628 1144 jam
655 1098 886 1144 dampnatum
916 1098 1119 1144 approbare
1146 1098 1203 1132 vel
1230 1097 1509 1143 quomodolibet
1537 1098 1730 1131 defensare
1756 1105 1951 1143 presumat.
1975 1098 2012 1132 Si
2037 1099 2120 1144 quis

242 1166 520 1212 presumpserit,
554 1172 721 1211 tanquam
756 1171 960 1206 contumax,
994 1164 1213 1198 inobediens
1242 1171 1278 1197 et
1305 1164 1455 1198 rebellis
1486 1166 1645 1198 Romane
1675 1165 1831 1198 ecclesie
1867 1165 1911 1198 ab
1949 1165 2121 1199 omnibus

242 1232 414 1266 fidelibus
440 1231 628 1272 habeatur,
654 1238 689 1265 et
717 1243 784 1265 nos
814 1230 1075 1264 nichilominus
1102 1231 1191 1264 alias
1220 1237 1345 1264 contra
1372 1243 1453 1264 eum
1483 1231 1601 1264 taliter
1630 1231 1887 1277 procedemus,
1909 1232 2006 1276 quod
2029 1244 2120 1277 pena

241 1299 424 1344 condigna
456 1298 687 1332 temerarium
715 1298 832 1338 feriet,
856 1304 891 1330 et
917 1297 978 1330 alii
1003 1309 1044 1330 ea
1070 1297 1254 1342 perterriti
1274 1309 1293 1330 a
1314 1297 1498 1330 similibus
1522 1297 1774 1331 srenabuntur.
1797 1298 1894 1331 Nulli
1916 1310 2019 1343 erg0,
2040 1304 2119 1340 etc.,

241 1371 366 1400 nostre
394 1364 676 1410 reprobationis,
708 1363 1064 1409 condempnationis,
1099 1363 1261 1409 precepti
1289 1370 1325 1396 et
1351 1363 1595 1406 inhibitionis,
1623 1370 1686 1398 etc.
1716 1365 1752 1398 Si
1781 1365 1863 1409 quis
1888 1371 2020 1406 autem,
2054 1371 2118 1399 etc.

240 1433 319 1466 Dat.
342 1431 509 1478 Anagnie
528 1431 566 1476 iij
589 1442 674 1463 non.
698 1430 883 1471 Octobris,
905 1429 1136 1476 pontificatus
1158 1430 1274 1463 nostri
1295 1441 1390 1463 anno
1411 1430 1587 1467 secundo.

333 1529 470 1562 Originale
484 1529 511 1553 in
526 1528 602 1553 Arch-
615 1531 668 1552 nat.
684 1528 769 1552 Paris.
787 1529 814 1552 L.
831 1529 886 1558 250,
902 1533 931 1552 n⁰
946 1529 999 1552 109.
1011 1528 1088 1552 Bulla
1102 1528 1229 1560 plumbea
1243 1528 1295 1552 filis
1310 1529 1402 1552 sericis
1418 1528 1481 1552 ssavi
1495 1531 1521 1551 et.
1534 1528 1609 1551 rubei
1625 1529 1721 1552 coloris
1737 1529 1906 1560 appenditur.
1923 1529 1952 1552 ln
1968 1530 2122 1554 membrana

238 1581 353 1599 avmn:
371 1582 384 1599 α
398 1573 597 1599 medicatorum
608 1581 630 1596 r.
641 1586 673 1590 —
686 1572 813 1598 Vidimus
829 1581 871 1597 an.
889 1574 951 1597 1:256
966 1573 993 1597 in
1007 1573 1083 1597 Δηὼ.
1100 1572 1203 1604 depart.
1216 1573 1248 1596 de
1262 1573 1288 1596 la
1304 1573 1455 1602 Gote-d'Or,
1472 1573 1549 1596 fonds
1565 1572 1753 1602 Dominicains,
1769 1573 1849 1596 liassc
1864 1574 1918 1596 930.
1935 1573 2002 1597 lbid.
2018 1575 2123 1599 cartu·

237 1618 311 1644 loire
327 1619 373 1643 do·
388 1618 576 1647 Dominicains,
593 1617 624 1642 Η.
641 1618 695 1646 221,
712 1618 757 1641 t'ol.
774 1617 830 1641 80¹².
847 1617 924 1642 Δηὼ.
940 1618 1042 1650 depart.
1059 1617 1091 1641 de
1106 1617 1131 1641 la
1147 1617 1263 1642 Gironde
1279 1617 1446 1647 (Boi-deunx),
1464 1617 1540 1641 fonds
1556 1617 1745 1648 Dominicains,
1760 1617 1841 1641 651¹²¹⁸
1859 1619 1936 1648 (suec.
1950 1618 2027 1650 xm),
2043 1627 2069 1650 p.
2082 1620 2120 1643 82.

238 1663 301 1688 eod.
326 1663 384 1689 Vnt.
412 1662 500 1687 ottob.
528 1662 568 1691 15,
595 1662 640 1686 fol.
661 1662 716 1686 208.
735 1661 823 1686 ottob.
847 1663 886 1691 56,
909 1662 955 1686 sol.
979 1662 1022 1686 141
1045 1661 1092 1694 (iiij
1118 1661 1155 1686 id.
1175 1661 1251 1686 Febr.
1277 1670 1319 1686 an.
1340 1662 1372 1694 3).
1395 1661 1458 1686 Cod.
1480 1661 1570 1694 privil.
1602 1661 1665 1686 Ord.
1687 1662 1748 1685 Min.
1774 1662 1808 1686 ad
1832 1662 1896 1686 Ord.
1919 1663 1993 1687 Serv.
2023 1663 2121 1687 Mariae

238 1707 375 1740 pertinens
389 1706 468 1740 (saec.
482 1707 557 1737 xtv).
573 1707 669 1731 Notata
684 1706 795 1738 dignum
809 1710 858 1735 est,
874 1706 942 1730 hanc
954 1706 1085 1731 celebrem
1100 1706 1177 1738 epist.
1194 1707 1285 1730 deesse
1300 1706 1328 1730 in
1343 1707 1407 1738 Reg.
1422 1707 1481 1731 Vat.
1496 1706 1637 1730 Alexandri
1652 1707 1693 1730 lv.
1710 1707 1874 1735 —Bnlaeus,
1891 1707 1937 1736 111,
1954 1707 2008 1731 310.

332 1791 355 1816 1.
378 1791 410 1816 Ei
431 1799 480 1824 per
501 1792 568 1815 dnos
594 1791 738 1823 magistros
762 1791 847 1816 Paris.
871 1799 903 1815 ex
925 1794 1001 1824 parte
1027 1791 1098 1823 regis
1122 1791 1249 1815 Ludovici
1272 1791 1470 1815 transmissum.
1492 1791 1556 1815 Vide
1578 1791 1649 1815 infra
1668 1795 1697 1814 11⁰
1717 1792 1770 1815 289.
1786 1805 1818 1809 —-
1835 1792 1857 1815 2.
1874 1791 1959 1816 Odoni
1979 1792 2011 1816 de
2029 1792 2122 1816 Castro

238 1835 380 1868 R-dulphi.
402 1849 436 1854 -
456 1836 479 1860 8.
502 1835 617 1860 johanni
636 1835 669 1859 da
688 1835 790 1860 'roueto
805 1835 878 1867 (Ord.
902 1835 1031 1866 (Παίονα).
1053 1849 1082 1854 -
1101 1836 1125 1860 4.
1148 1835 1254 1867 Hugoni
1273 1835 1305 1859 de
1330 1835 1357 1860 S.
1372 1835 1459 1859 Charo
1481 1835 1554 1865 (Ord.
1578 1835 1691 1868 Praed.).
1711 1849 1743 1853 -
1762 1837 1786 1860 5.
1810 1835 1924 1859 Johanni
1939 1836 2074 1861 Gnietano.
2090 1849 2122 1855 -

237 1881 262 1905 0.
290 1881 438 1905 Admorunt
462 1883 525 1904 tunc
556 1880 583 1904 in
608 1880 683 1904 curia
710 1879 779 1904 inter
806 1880 873 1904 alios
905 1880 1075 1908 flambertus,
1101 1888 1171 1912 mag.
1202 1879 1280 1908 0rd.;
1312 1879 1435 1904 Albai-tus
1464 1880 1576 1912 Magnus
1605 1879 1730 1912 (Thomas
1757 1880 1915 1912 Cantimpr.,
1946 1881 1987 1905 De
2011 1881 2120 1912 apibus,

238 1925 258 1950 Ι.
274 1925 298 1955 2,
313 1933 336 1949 c.
360 1925 399 1954 10,
415 1929 445 1948 1¹⁰
464 1925 508 1954 23ς
534 1924 610 1950 Vitas
628 1925 776 1953 Fratrum,
792 1925 810 1948 l.
826 1925 851 1954 4,
870 1933 893 1948 c.
912 1925 951 1954 24,
972 1928 1002 1948 n⁰
1019 1925 1058 1955 6);
1079 1924 1194 1948 Thomas
1210 1924 1326 1956 Aquinas
1345 1924 1513 1956 (Guillelmus
1534 1925 1566 1948 de
1585 1925 1669 1948 Tocco
1691 1924 1717 1948 in
1737 1926 1797 1949 ΑΛ.
1818 1925 1869 1949 SS.
1890 1925 1988 1954 Mart„
2009 1926 2029 1954 Ι,
2049 1925 2120 1958 666);

238 1969 359 1994 mini-ter
372 1977 431 2002 gen.
447 1968 511 1994 Ord.
530 1969 603 1998 uin..
623 1969 680 1993 scil.
699 1968 832 1993 lohannes
851 1969 883 1993 de
900 1969 996 1993 Parma
1015 1969 1118 1999 (Thoan.
1139 1969 1285 2001 cantimpr.
1305 1969 1324 1993 l.
1344 1977 1377 1998 c.,
1394 1969 1440 1992 ubi
1463 1969 1561 1993 dieitur
1581 1978 1593 1992 a
1614 1969 1799 1993 Bonaventura
1819 1977 1845 1997 ι>;
1871 1973 1913 1993 ast
1933 1970 2119 1994 Bonaventura

239 2021 282 2039 ιιι.
303 2014 374 2043 1257,
396 2013 473 2038 febr.
497 2014 521 2043 2,
541 2013 568 2038 in
587 2013 649 2038 uin.
670 2022 759 2046 gener.
780 2014 879 2038 electu·
901 2017 950 2042 est,
970 2017 1001 2038 ut.
1022 2013 1106 2046 liquet
1119 2022 1150 2037 ex
1172 2013 1331 2042 Salimbene,
1349 2015 1463 2041 Chron„
1481 2022 1508 2046 p.
1530 2014 1583 2037 1³7.
1607 2013 1688 2038 codd.
1706 2014 1822 2037 melioris
1847 2017 1923 2038 notae
1946 2014 2011 2039 libri
2031 2021 2121 2046 apum

239 2057 411 2090 supprimunt
424 2066 519 2082 nomen
533 2057 648 2082 mini-tri
667 2066 728 2090 gen.
743 2058 808 2083 Ord.
823 2058 896 2087 uim,
912 2058 950 2082 sic
967 2058 1032 2082 cod.
1047 2058 1106 2082 Vat.
1120 2058 1166 2082 lat.
1182 2059 1254 2087 4846,
1271 2058 1315 2082 fot.
1331 2059 1376 2087 405
1392 2058 1460 2082 Bibl.
1481 2058 1603 2082 Univers.
1620 2058 1719 2082 Bonon.
1739 2059 1807 2087 1674,
1825 2059 1869 2082 sol.
1888 2060 1932 2087 33;
1949 2059 2018 2082 Bibl.
2035 2058 2120 2083 Puris.

241 2110 305 2127 mss.
324 2102 371 2127 lat.
391 2102 462 2131 aas,
482 2102 527 2126 fol.
553 2101 597 2131 ³9;
627 2102 698 2132 3⁶⁸5,
721 2102 766 2127 tot.
787 2102 847 2132 308
868 2103 936 2127 Bibl.
957 2102 1037 2135 capit.
1061 2102 1088 2127 in
1107 2102 1216 2131 nvindo,
1236 2103 1307 2132 eea).
1326 2102 1484 2127 Guillelmus
1504 2103 1536 2126 da
1560 2103 1586 2126 S.
1614 2103 1708 2126 Amore
1733 2103 1792 2135 ipse
1822 2111 1873 2126 non
1898 2103 1998 2132 adsum
2030 2103 2120 2135 utique

240 2149 328 2171 umen
346 2149 409 2179 post
426 2146 680 2176 condemnationem,
702 2150 731 2171 ut
748 2150 822 2179 patet
841 2155 872 2172 ex
891 2147 948 2171 sui·
967 2147 1217 2179 Responsionibus,
1239 2155 1266 2180 p.
1283 2147 1338 2171 109.
1350 2160 1382 2166 -
1396 2148 1419 2171 7.
1434 2147 1474 2172 Al.
1492 2155 1497 2171 :
1515 2156 1527 2170 t(
1542 2147 1685 2171 salutarem
1702 2155 1723 2171 ι).
1740 2161 1770 2166 -
1785 2149 1807 2171 8.
1825 2147 1888 2171 Vide
1908 2156 1989 2181 supra
2018 2152 2047 2171 ιιΩ
2067 2149 2122 2176 256,

241 2199 268 2216 ιι.
283 2192 307 2215 ⁶.
322 2203 354 2209 —
367 2191 393 2215 ⁹.
407 2189 453 2215 Or.
470 2190 545 2215 addit
559 2199 572 2215 a
587 2191 657 2215 enim
673 2199 694 2215 ι.

242 2324 355 2363 289.
377 2333 546 2361 Alexander
566 2335 610 2362 IV
619 2334 759 2361 Ludovico
783 2336 844 2371 regi
868 2336 1009 2362 Franciae
1026 2338 1136 2370 fratres
1151 2335 1374 2362 Praedicator-es
1398 2339 1426 2362 et
1452 2335 1578 2362 Minores
1597 2335 1775 2361 commendat
1800 2339 1888 2371 atque
1915 2335 1942 2362 ei
1966 2335 2120 2362 denuntiat

331 2382 435 2410 librum
447 2391 502 2420 per
519 2383 635 2410 nuntios
648 2388 716 2410 utos
732 2383 942 2420 transmit-sum,
960 2384 1006 2411 cui
1021 2383 1123 2411 titulus
1138 2394 1147 2411 :
1162 2393 1178 2411 a
1194 2385 1235 2411 De
1247 2383 1386 2421 periculis
1406 2383 1621 2410 novissimorum
1642 2387 1797 2420 temporum
1813 2393 1838 2418 »‚
1856 2393 1874 2410 a
1889 2392 1921 2410 se
1936 2384 2118 2421 reprobatum

332 2435 362 2458 at
375 2431 593 2458 condemnatum
608 2440 680 2459 enea.

1418 2486 1492 2516 1260.
1509 2486 1626 2514 Octobri·
1643 2487 1680 2516 17,
1695 2486 1831 2519 Anagniae.

331 2558 538 2593 Alexander
564 2560 761 2606 episcopus
793 2572 923 2594 servus
955 2572 1145 2595 servorum
1177 2561 1243 2594 Dei
1269 2560 1460 2594 carissimo
1486 2561 1522 2594 in
1550 2560 1698 2595 Christo
1725 2560 1800 2594 filio
1829 2586 1849 2594 ..
1878 2561 2012 2595 illustri
2040 2562 2119 2608 regi

241 2625 391 2660 Francis
406 2625 560 2660 salutem
581 2632 616 2660 et
635 2626 872 2672 apostolicam
889 2626 1570 2676 benedictionem-QQPP-lififfissfflflss
1591 2627 1628 2660 in
1649 2633 1682 2660 te
1703 2638 1788 2661 vere
1809 2627 1951 2673 fulgere
1971 2628 2119 2674 conspi-

241 2691 350 2734 citur,
370 2692 432 2738 qui
453 2691 620 2738 depulsis
639 2693 786 2739 penitus
811 2694 932 2740 pravis
957 2693 1100 2728 actibus
1125 2693 1162 2727 in
1189 2693 1282 2727 lucis
1307 2692 1483 2739 operibus
1508 2693 1715 2735 delectaris,
1737 2693 1799 2739 qui
1824 2693 1944 2727 vitatis
1969 2694 2118 2728 omnino

243 2757 361 2792 noctis
386 2758 549 2793 tenebris
570 2759 607 2793 in
627 2759 700 2794 diei
726 2759 864 2794 lumine
889 2760 1066 2802 ambulas,
1088 2760 1247 2794 orrendo
1272 2760 1370 2800 vitia,
1398 2766 1433 2794 et
1456 2759 1694 2806 amplexando
1715 2760 1882 2802 virtutes,
1904 2761 2079 2807 fugiendo
2099 2774 2118 2795 a

242 2824 362 2859 noxiis
395 2831 432 2859 et
462 2824 682 2860 salutaribus
711 2826 927 2861 inherendo.
960 2828 1096 2861 Revera
1124 2826 1263 2860 clarent
1288 2826 1325 2860 in
1356 2833 1389 2860 te
1417 2826 1518 2860 firma
1547 2826 1653 2868 fides,
1681 2833 1717 2860 et
1743 2838 1831 2872 pura
1860 2827 2005 2861 devotio
2032 2839 2119 2873 erga

243 2890 415 2925 celestem
441 2902 579 2938 regem,
605 2893 711 2938 cujus
737 2893 834 2927 dono
861 2905 1015 2940 regnum
1042 2900 1226 2928 terrenum
1253 2893 1419 2927 nosceris
1444 2892 1625 2934 obtinere,
1652 2893 1737 2927 dum
1763 2893 1816 2927 sic
1841 2895 1921 2939 ejus
1946 2893 2118 2940 benepla-

243 2956 326 2991 citis
346 2963 380 2991 te
400 2964 561 3004 coaptas,
584 2958 682 3004 quod
702 2959 746 2993 ad
767 2971 850 2994 eum
870 2960 1037 3006 dirigens
1061 2967 1216 2994 mentem
1240 2966 1334 2994 tuam
1356 2967 1391 2994 et
1411 2960 1530 3006 ipsum
1553 2960 1589 2993 in
1611 2959 1683 2993 tuis
1703 2959 1908 2994 actionibus
1924 2960 2117 2993 constituis
