2580 3528
280 426 377 469 1244]
623 438 669 459 ΑΒ
703 437 809 459 Anno
844 436 923 459 mcc
957 436 1090 465 usqua
1124 437 1173 458 AD
1208 436 1441 458 Pnth’PUM
1476 436 1516 458 iv
1550 436 1640 458 aas.
1677 436 1815 458 ruane.
2094 427 2158 460 173

278 518 314 546 et
332 518 550 545 conventum
571 508 720 545 fratrum
742 510 1013 544 predicatorum
1036 510 1156 543 Sancti
1176 509 1301 544 Jacobi
1322 509 1541 543 Parisiensis
1562 521 1605 542 ex
1626 522 1696 543 una
1717 516 1817 555 parte
1839 516 1875 542 et
1894 521 1962 543 nos
1984 522 2026 542 ex
2047 510 2156 543 altera

276 579 408 612 suisset
422 578 672 612 controversia
686 589 798 623 super
816 577 972 623 quodam
989 577 1262 623 assignamento
1276 577 1374 622 quod
1389 576 1603 610 dicebamus
1618 576 1726 610 nobis
1742 576 1873 609 factum
1892 576 2007 609 fuisse
2023 588 2041 609 a
2061 576 2157 609 bone

277 645 452 679 memorie
480 644 645 679 Johanne
672 644 855 690 quondam
883 644 1022 677 decano
1052 643 1208 677 ecclesie
1238 650 1363 677 nostre
1393 655 1506 689 super
1532 643 1661 676 domos
1682 655 1753 688 que
1778 643 1926 675 fuerunt
1950 642 2156 687 ejusdem..

277 711 405 745 decani
424 711 514 758 sitas
538 711 700 745 Parisius
724 711 761 744 in
788 717 888 744 curta
912 710 1092 744 dictorum
1114 710 1262 744 fratrum
1289 710 1596 751 Predicatorum',
1618 716 1654 743 et
1679 709 1822 743 tandem
1849 721 1915 755 pro
1936 706 2034 742 bono
2060 710 2159 754 pacis

275 778 468 820 voluntati,
488 778 657 824 petitioni
677 784 712 811 et
732 778 846 823 quieti
867 777 1068 811 eorundem
1089 777 1239 811 fratrum
1261 776 1617 818 condescendentes,
1640 776 1859 822 quitavimus
1883 776 1919 808 in
1943 773 2156 821 perpetuum

277 844 384 878 dictis
416 871 437 877 ..
465 844 578 890 priori
613 851 648 878 et
676 844 872 878 conventui
907 851 943 877 ct
977 844 1095 889 quitas
1129 844 1364 878 clamavimus
1402 844 1532 877 domos
1567 843 1762 889 predictas,
1799 849 1835 876 et
1863 841 2038 888 quicquid
2062 842 2162 888 juris

276 911 417 945 ratione
437 912 700 957 cujuscumque
722 910 960 956 obligationis
987 911 1024 944 in
1050 911 1188 944 eisdem
1220 910 1444 944 habebamus
1468 910 1526 944 vel
1552 910 1623 944 alio
1648 921 1868 955 quocunque
1889 909 1998 942 modo
2023 908 2158 942 habere

276 985 499 1024 poteramus,
527 978 782 1024 promittentes
809 977 903 1011 bona
930 977 1014 1019 fide,
1039 978 1136 1023 quod
1159 978 1262 1011 istam
1289 978 1526 1023 quitationem
1554 977 1724 1010 decetero
1749 975 2009 1010 inviolabiliter
2035 975 2158 1009 obser-

276 1044 459 1086 babimus,
480 1051 515 1078 et
535 1045 634 1090 quod
654 1045 756 1090 ipsos
775 1071 796 1077 ..
815 1045 972 1090 priorem
996 1051 1029 1077 et
1050 1051 1270 1078 conventum
1296 1056 1408 1090 super
1429 1044 1536 1078 dictis
1562 1043 1733 1077 domibus
1758 1043 1967 1076 nullatenus
1988 1042 2158 1076 molesta-

276 1111 411 1153 bimus,
446 1123 513 1145 nec
547 1110 822 1157 procreabimus
856 1111 978 1156 aliquo
1014 1111 1122 1144 modo
1157 1111 1333 1157 deinceps
1367 1111 1565 1144 molestari.
1602 1111 1644 1143 In
1677 1111 1783 1155 cujus
1818 1110 1870 1143 rei
1905 1109 2155 1143 testimonium

276 1184 469 1224 presentes
498 1177 637 1212 litteras
666 1177 790 1224 sigillo
820 1184 946 1211 nostro
976 1177 1129 1211 fecimus
1159 1177 1336 1211 roborari.
1367 1178 1497 1211 Actum
1528 1189 1623 1210 anno
1653 1177 1798 1210 Domini
1830 1177 1880 1209 M⁰
1905 1175 2159 1209 ducentesimo

277 1244 558 1290 quadragesimo
578 1244 709 1290 primo,
727 1255 854 1278 mense
873 1244 1056 1290 Augusto.

369 1328 547 1361 Originatevin
562 1328 642 1353 Asch.
656 1332 710 1352 nat.
727 1329 810 1352 Paris.
829 1329 855 1352 S.
871 1329 942 1357 4229,
959 1333 989 1352 11⁰
1004 1329 1026 1352 7.
1043 1328 1170 1360 Superest
1184 1329 1328 1352 taeniolum
1343 1329 1582 1352 membranaceum.

369 1400 391 1424 1.
408 1399 473 1423 Vide
487 1407 569 1432 supra
584 1403 623 1423 πο·
635 1400 666 1423 43
681 1403 707 1423 et
719 1400 772 1423 125.

277 1512 386 1552 130.
410 1523 556 1549 statutum
579 1522 708 1559 Capituli
729 1522 877 1558 generalis
902 1522 968 1549 Ord.
995 1522 1100 1549 Praed.
1125 1522 1251 1548 Parisiis
1279 1522 1333 1548 sub
1358 1531 1433 1557 mag.
1457 1521 1587 1548 Iohanne
1613 1522 1764 1548 Teutonico
1787 1520 1927 1547 celebrati
1951 1522 1986 1548 de
2010 1522 2155 1549 erroribus

361 1571 489 1598 Parisiis
503 1580 580 1598 anno
595 1572 663 1599 1241
679 1571 888 1598 condemnatis.

1443 1630 1519 1660 1243,
1534 1629 1610 1656 danto
1623 1630 1734 1659 ineunte.
1750 1630 1868 1657 Ρανῐοὶίο.

363 1706 518 1738 Errores
546 1704 836 1750 condempnatos
866 1716 931 1750 per
964 1705 1161 1750 magistros
1191 1704 1436 1738 Parisienses*
1469 1704 1599 1738 fratres
1628 1716 1757 1738 omnes
1786 1704 1962 1738 abradant
1992 1705 2037 1738 de
2068 1716 2157 1749 qua-

273 1770 419 1805 ternis².

366 1856 414 1880 Mn.
431 1856 572 1880 Rutenens.
588 1855 671 1888 Capp.
687 1856 804 1888 general.
821 1855 884 1880 ord.
901 1856 993 1880 Praed.
1011 1856 1044 1879 ad
1066 1856 1154 1888 ipsum
1169 1855 1233 1880 ord.
1250 1856 1393 1888 pertinens.
1409 1870 1440 1873 —
1455 1856 1580 1884 martene,
1599 1856 1676 1881 Thes.
1691 1863 1755 1881 nov.
1770 1857 1908 1885 anecdot„
1925 1857 1968 1885 lv,
1984 1856 2055 1885 1685,
2071 1862 2100 1879 n⁰
2115 1856 2154 1880 13.

366 1927 389 1950 1.
406 1926 471 1950 Vide
484 1934 567 1959 supra
585 1931 616 1951 11⁰
635 1927 688 1951 128.
704 1941 736 1945 —
755 1928 777 1951 2.
799 1927 865 1951 Cum
883 1927 935 1951 isto
955 1930 1055 1951 statuto
1075 1928 1189 1951 fortasse
1209 1927 1332 1951 cohaeret
1350 1927 1424 1951 aliud
1443 1935 1486 1952 au.
1508 1927 1578 1956 1244,
1596 1936 1607 1951 (ι
1624 1927 1694 1959 quod
1713 1928 1824 1951 lectores
1844 1935 1926 1951 novas
1947 1927 2084 1959 opiniones
2104 1935 2155 1950 non

272 1971 416 2000 inveniunt,
431 1971 478 1995 sed
492 1971 686 1995 communion-es
702 1974 728 1995 et
743 1971 829 2003 magis
844 1971 1008 2004 approbatas
1024 1974 1170 2004 sequnntur
1185 1979 1206 1995 n.
1223 1972 1348 2000 Martene,
1364 1972 1382 1995 l.
1398 1980 1433 2001 c.,
1448 1980 1475 2004 p.
1493 1972 1562 1995 1686.

278 2137 386 2175 131.
409 2147 590 2174 Innocentius
604 2148 649 2174 IV
658 2147 699 2174 ad
721 2157 815 2183 regem
830 2148 981 2183 anciae,
999 2152 1030 2174 ut
1043 2148 1218 2175 ludaeorum
1238 2148 1336 2183 libros,
1355 2149 1406 2185 qui
1424 2147 1546 2174 Talmud
1564 2147 1700 2174 dicuntur
1718 2152 1746 2175 et
1762 2152 1886 2185 tempore
1908 2147 2036 2183 Gregorii
2051 2149 2095 2174 IX
2101 2157 2156 2184 per

362 2195 568 2222 cancellarium
592 2199 621 2222 et
643 2195 774 2223 doctores
798 2201 927 2232 regentes
951 2197 979 2223 in
1001 2206 1089 2223 saera
1110 2197 1223 2234 pagina
1246 2197 1372 2224 Parisiis
1400 2197 1563 2223 examinati
1584 2205 1680 2223 coram
1702 2197 1778 2223 clero
1803 2201 1830 2223 et
1851 2196 1959 2233 populo
1983 2197 2156 2223 concremati

362 2245 491 2279 filet-ant,
508 2247 566 2271 toto
582 2253 668 2280 regno
683 2245 892 2281 conquirendos
908 2249 936 2272 et
951 2245 1066 2281 ignibus
1082 2245 1219 2273 delendos
1234 2250 1321 2273 curet.

1529 2305 1605 2334 1244,
1621 2305 1684 2331 Maii
1696 2305 1721 2334 9,
1737 2304 1866 2331 Laterani.

364 2377 601 2410 Innocentius
621 2377 819 2423 episcopus
839 2389 969 2412 servus
989 2389 1178 2412 servorum
1200 2379 1267 2412 Dei
1288 2378 1423 2412 dilecto
1444 2378 1519 2412 filio
1541 2379 1726 2412 Ludovico
1748 2379 1825 2424 regi
1850 2378 1998 2411 Francie
2019 2377 2153 2411 illustri

274 2442 427 2477 salutem
455 2449 492 2477 et
517 2437 752 2489 apostolicam
793 2443 1099 2478 benedictionem.
1137 2445 1249 2491 Impia
1278 2445 1478 2479 Judeorum
1510 2444 1679 2490 perfidia,
1711 2445 1755 2477 de
1786 2456 1941 2490 quorum
1977 2443 2152 2478 cordibus

274 2515 424 2556 propter
449 2509 726 2544 immensitatem
757 2522 907 2544 suorum
942 2510 1122 2544 scelerum
1151 2511 1362 2556 redemptor
1391 2517 1518 2544 noster
1543 2510 1707 2544 velamen
1739 2523 1811 2544 non
1841 2510 2004 2552 abstulit,
2030 2517 2086 2545 set
2115 2511 2151 2544 in

273 2575 423 2610 cecitate
449 2588 519 2622 que
539 2577 694 2623 contigit
718 2588 762 2610 ex
780 2583 880 2623 parte
901 2577 938 2610 in
959 2577 1085 2619 lsrael,
1106 2576 1224 2611 adhuc
1246 2589 1391 2611 manere
1413 2577 1588 2623 permittit
1609 2584 1717 2623 prout
1736 2577 1920 2619 convenit,
1943 2589 2015 2611 non
2036 2584 2152 2611 atten-

274 2642 366 2676 dens
386 2642 483 2688 quod
505 2655 549 2676 ex
569 2642 646 2677 sola
670 2643 920 2677 misericordia
944 2643 1060 2689 pietas
1080 2643 1182 2689 ipsos
1203 2643 1397 2678 christiana
1420 2650 1598 2690 receptet,
1619 2650 1656 2677 et
1678 2643 1982 2678 cohabitationem
2004 2643 2150 2678 illorum

273 2709 452 2743 sustineat
483 2709 674 2755 patienter,
700 2709 761 2744 illa
792 2710 985 2744 committit
1008 2710 1184 2752 enormia,
1210 2722 1281 2756 que
1306 2710 1445 2756 stupori
1471 2710 1706 2744 audientibus
1733 2717 1768 2744 et
1793 2710 2038 2744 referentibus
2067 2717 2150 2744 sunt

273 2774 430 2809 horrori.
454 2776 527 2821 Ipsi
549 2776 645 2809 enim
667 2776 799 2822 ingrati
821 2777 977 2810 Domino
997 2778 1083 2811 Jesu
1110 2776 1271 2819 Christo,
1293 2777 1355 2823 qui
1381 2777 1660 2811 conversionem
1687 2789 1813 2810 eorum
1835 2789 1878 2810 ex
1898 2789 1964 2811 sue
1985 2776 2152 2823 longani-

273 2841 408 2876 mitatis
441 2842 621 2877 affluentia
656 2844 835 2889 patienter
868 2850 1044 2889 expectat,
1076 2843 1213 2878 nullam
1246 2843 1507 2890 pretendentes
1536 2844 1792 2878 verecundiam
1827 2843 1934 2890 culpe
1969 2855 2048 2883 sue,
2085 2856 2151 2877 nec

274 2915 484 2943 reverentes
514 2908 689 2944 honorem
720 2910 805 2944 fidei
834 2909 1044 2952 christiane,
1075 2911 1222 2945 omissis
1252 2923 1318 2945 seu
1345 2911 1563 2957 contemptis
1592 2910 1675 2957 lege
1701 2912 1867 2956 Mosayca
1897 2917 1933 2944 ct
1963 2909 2150 2956 prophetis

274 2974 447 3020 quasdam
469 2975 683 3010 traditiones
703 2977 890 3011 seniorum
910 2989 1060 3011 suorum
1082 2984 1301 3023 sequuntur,
1327 2989 1439 3023 super
1458 2977 1593 3023 quibus
1616 2989 1680 3011 eos
1702 2977 1737 3010 in
1759 2976 1950 3022 evangelio
1973 2976 2149 3009 Dominus
