2580 3528
483 378 548 411 298
1069 385 1386 409 CHARTULARIUM
1420 383 1611 406 UNIVERS.
1647 383 1776 405 Panis.
2253 375 2352 416 [1255

484 510 595 550 258.
618 521 786 548 Aleoeander
801 523 845 548 IV
858 521 978 547 mandat
997 520 1156 555 Reginaldo
1179 519 1310 555 episcopo
1332 518 1426 544 Paris.
1453 521 1483 543 ut
1509 517 1538 543 in
1559 515 1701 542 abolendo
1726 517 1935 544 Introductorio
1953 518 2113 555 prudenter
2139 519 2290 556 procedat,
2316 528 2351 547 ne

572 572 680 605 fratres
696 571 821 597 Minores
837 579 873 596 ex
887 570 938 596 hoc
955 569 1043 595 ullum
1058 569 1240 605 opprobrium
1256 568 1412 593 incurrant.

1645 616 1720 646 1255,
1734 615 1879 643 Novembri&
1892 616 1917 647 4,
1932 617 2066 650 Anwniao.

572 694 777 727 Alexander
811 693 1005 738 episcopus
1045 703 1173 725 servus
1207 702 1395 723 servorum
1430 690 1498 723 Dei
1531 690 1732 724 venerabili
1766 691 1868 724 fratri
1897 717 1917 724 ..
1941 690 2115 737 episcopo
2153 691 2352 726 Parisiensi

484 761 635 794 salutem
664 767 699 793 et
722 759 955 805 apostolicam
980 757 1285 790 benedictionem.
1315 756 1496 790 Libellum
1522 757 1717 802 quendam,
1737 762 1802 792 etc.
1822 758 1917 792 sicut
1943 769 2054 803 supra
2078 766 2116 791 n⁰
2144 760 2221 801 257,
2248 771 2353 805 usque

483 827 574 860 illud
594 827 701 859 idem.
723 825 982 859 Dez'nde:Cum
1009 825 1129 868 itaque
1155 823 1292 856 nostris
1320 823 1385 856 tibi
1407 823 1536 857 demus
1561 824 1693 857 litteris
1713 824 1750 857 in
1775 824 1966 867 mandatis,
1989 831 2028 858 ut
2046 824 2211 858 libellum
2231 825 2351 871 ipsum

484 900 519 926 et
545 904 671 926 omnes
700 892 846 924 cedulas
879 891 1104 935 supradictas
1131 890 1343 922 auctoritate
1372 897 1497 923 nostra
1526 890 1636 924 facias
1665 890 1803 924 aboleri
1828 891 2037 937 generalem
2063 893 2352 926 excommunica—

482 959 591 991 tionis
622 958 835 991 sententiam
866 957 1056 1002 proferens
1086 956 1123 988 in
1154 968 1281 989 omnes
1310 956 1466 989 eundem
1498 956 1663 990 libellum
1692 963 1728 990 et
1755 957 1904 991 cedulas
1933 957 2032 1003 ipsas
2060 957 2250 1001 habentes,
2279 959 2352 992 nisi

481 1025 571 1057 infra
599 1030 735 1056 certum
763 1024 968 1064 terminum,
999 1035 1105 1067 quem
1135 1022 1179 1055 ad
1208 1022 1276 1055 hoc
1304 1022 1508 1068 prefixeris,
1536 1023 1598 1056 illa
1623 1023 1793 1056 duxerint
1816 1024 1962 1069 penitus
1987 1023 2166 1057 abolenda
2185 1024 2351 1058 faciendo

481 1090 630 1122 eandem
659 1089 873 1122 sententiam
899 1089 936 1121 in
956 1089 1047 1121 locis
1068 1089 1104 1121 in
1126 1088 1260 1133 quibus
1281 1089 1454 1134 expedire
1475 1089 1613 1123 videris
1634 1089 1873 1135 solempniter
1893 1089 2072 1135 publicari
2094 1102 2102 1123 z
2126 1090 2296 1125 volumus
2317 1098 2353 1125 et

478 1156 690 1189 fraternitati
717 1162 777 1188 tue
805 1167 870 1200 per
898 1155 1096 1200 apostolica
1125 1155 1258 1200 scripta
1284 1155 1511 1198 mandamus,
1539 1157 1709 1201 quatinus
1737 1157 1836 1202 quod
1863 1156 1930 1189 tibi
1963 1169 2029 1203 per
2056 1157 2201 1191 easdem
2229 1158 2351 1203 injun-

479 1223 598 1268 gimus
625 1222 763 1255 litteras
785 1222 914 1267 exequi
935 1221 1083 1255 studeas
1105 1221 1313 1267 diligenter.
1335 1224 1486 1264 Verum,
1513 1223 1596 1268 quia
1616 1223 1762 1256 illorum
1786 1223 1923 1257 Christi
1948 1235 2162 1269 pauperum,
2181 1224 2354 1258 videlicet

479 1289 693 1322 dilectorum
721 1289 878 1321 filiorum
903 1289 1053 1321 fratrum
1079 1288 1229 1322 Ordinis
1255 1289 1452 1331 Minorum,
1479 1301 1613 1322 nomen
1639 1296 1674 1322 et
1697 1290 1825 1323 famam
1850 1290 1955 1323 illesa
1983 1302 2127 1336 semper
2151 1297 2188 1324 et
2210 1291 2352 1337 integra

478 1356 644 1400 cupimus
672 1355 897 1391 conservari,
930 1367 1035 1400 quos,
1068 1355 1162 1389 sicut
1191 1355 1450 1398 intelleximus,
1482 1356 1672 1389 affectione
1706 1363 1855 1401 paterna
1884 1363 1920 1389 et
1946 1356 2193 1391 benivolentia
2224 1369 2352 1403 prose-

478 1422 601 1467 queris
623 1422 786 1467 speciali,
808 1434 918 1467 super
939 1434 1010 1466 quo
1032 1422 1156 1467 dignis
1172 1428 1206 1455 te
1224 1422 1261 1454 in
1278 1423 1434 1455 Domino
1455 1422 1626 1456 laudibus
1646 1423 1957 1465 commendamus,
1978 1424 2203 1468 presentium
2224 1430 2351 1457 tenore

478 1489 698 1534 precipimus
733 1489 829 1534 quod
867 1489 918 1522 sic
953 1489 1165 1534 prudenter,
1197 1489 1249 1522 sic
1279 1495 1394 1531 caute,
1427 1489 1478 1522 sic
1506 1489 1658 1535 provide
1682 1489 1720 1522 in
1745 1489 1936 1535 apostolici
1962 1501 2074 1536 super
2099 1490 2168 1524 hoc
2193 1490 2351 1524 mandati

479 1556 690 1589 executione
721 1555 909 1600 procedas,
932 1555 1031 1600 quod
1058 1555 1144 1588 dicti
1169 1556 1299 1589 fratres
1329 1556 1469 1589 nullum
1500 1568 1543 1589 ex
1569 1556 1638 1589 hoc
1664 1556 1900 1602 opprobrium
1931 1556 2140 1602 nullamque
2169 1557 2350 1591 infamiam

478 1622 665 1655 incurrere
685 1622 826 1655 valeant
846 1622 922 1655 sive
948 1629 1082 1663 notam,
1109 1628 1145 1655 et
1164 1621 1428 1667 obloquutores
1450 1629 1485 1655 et
1505 1622 1616 1655 emuli
1643 1635 1716 1655 non
1743 1623 1887 1668 possint
1909 1623 2039 1656 exinde
2061 1635 2206 1657 sumere
2227 1629 2351 1657 contra

478 1689 579 1733 ipsos
609 1688 792 1721 materiam
823 1688 1068 1721 detrahendi¹.
1101 1689 1180 1721 Dat.
1213 1689 1379 1734 Anagnie
1407 1689 1431 1734 ij
1462 1701 1548 1722 non.
1576 1689 1812 1731 Novembris,
1844 1689 2075 1734 pontificatus
2109 1690 2226 1723 nostri
2255 1701 2350 1723 anno

479 1755 608 1800 primo.

570 1853 712 1883 Maynum
729 1853 822 1878 Chart.
839 1853 901 1877 eccl.
917 1853 1013 1878 Paris.
1029 1853 1056 1876 in
1071 1853 1147 1877 Arch.
1164 1856 1218 1876 nat.
1234 1853 1318 1877 PariS.
1336 1854 1384 1877 LL.
1402 1854 1456 1883 183,
1474 1854 1517 1877 sol.
1533 1854 1604 1878 18912.
1621 1867 1649 1872 —-
1665 1854 1789 1884 Bulaeus,
1803 1854 1849 1883 III,
1866 1854 1919 1878 293.

571 1937 593 1959 1.
611 1937 734 1960 Summus
754 1937 871 1968 pontifex
890 1938 954 1961 haec
974 1937 1099 1969 episcopo
1119 1938 1203 1961 Paris.
1226 1938 1348 1970 injunxit,
1365 1938 1427 1970 quia
1446 1942 1537 1962 auctor
1556 1938 1619 1962 libri
1637 1937 1870 1963 Introductorius
1888 1947 1956 1962 unus
1977 1947 2008 1962 ex
2027 1939 2155 1962 fratribus
2176 1939 2270 1963 Minor.
2291 1938 2350 1968 fuit,

480 1981 535 2003 scil.
557 1982 587 2004 sr.
610 1981 750 2005 Gerardus.
775 1991 786 2004 «
803 1982 945 2005 Occasione
968 1982 1046 2005 istius
1067 1982 1229 2012 Ghirardini,
1251 1983 1345 2006 scribit
1363 1986 1500 2014 praeterea
1520 1983 1679 2012 Salimbene,
1697 1983 1848 2006 ordinatum
1867 1986 1907 2006 est
1925 1986 1955 2006 nt
1974 1983 2005 2006 de
2027 1986 2112 2006 cetero
2132 1984 2235 2007 nullum
2253 1991 2351 2008 novum

480 2025 608 2056 scriptum
627 2029 698 2048 extra
720 2026 838 2049 ordinem
861 2027 1021 2058 publicetur,
1041 2027 1093 2050 nisi
1112 2027 1187 2058 prius
1210 2027 1289 2050 fuerit
1312 2035 1359 2058 per
1381 2027 1533 2050 ministrum
1555 2032 1580 2051 et
1599 2027 1756 2051 diffinitores
1776 2027 1802 2050 in
1822 2027 1980 2059 provinciali
1997 2027 2114 2059 capitulo
2133 2028 2321 2060 approbatum.
2337 2035 2349 2051 ))

481 2069 594 2098 ΟῙινονι.,
610 2070 650 2093 ed.
668 2071 765 2100 Parm.‚
778 2080 804 2102 p.
821 2072 875 2094 236.
894 2071 1071 2095 Nihilominus
1091 2075 1179 2095 tamen
1198 2072 1290 2098 Matth.
1310 2071 1394 2095 Paris.
1413 2072 1462 2102 (ed.
1476 2072 1573 2102 Luard,
1588 2072 1619 2102 V,
1635 2073 1699 2102 598),
1715 2072 1820 2096 Richer.
1836 2072 1930 2095 Senon.
1948 2072 2053 2097 Chron.
2071 2073 2159 2102 (Mon.
2179 2073 2273 2097 Germ.
2288 2072 2349 2103 SS„

480 2114 553 2142 XXV,
570 2115 633 2143 328),
653 2114 764 2140 Roman
778 2117 811 2139 de
827 2116 855 2139 la
870 2116 943 2140 Rose
958 2116 1006 2145 (ed.
1024 2117 1107 2145 Meon,
1124 2116 1156 2144 11,
1178 2124 1202 2139 v.
1220 2116 1297 2139 12799
1316 2124 1385 2148 sqq„
1401 2117 1477 2139 12804
1493 2118 1561 2148 sqq.)
1577 2116 1675 2148 aliique
1690 2119 1824 2140 auctorem
1839 2116 1880 2140 vel
1900 2119 2019 2140 auctores
2036 2117 2131 2140 fratres
2152 2116 2350 2140 Praedicatores

479 2158 660 2189 designarunt.

482 2298 592 2334 259.
616 2307 783 2333 Alexander·
798 2310 842 2334 IV
856 2308 896 2334 ad
920 2309 1112 2335 lIaimericam
1133 2309 1338 2335 cancellarium
1360 2309 1555 2336 Parisiensem
1576 2313 1606 2335 ut
1632 2309 1749 2344 regendi
1767 2309 1893 2335 Parisiis
1914 2309 1943 2335 in
1962 2309 2065 2345 aliqua
2083 2309 2227 2344 facultate
2246 2308 2353 2336 nemim·

569 2356 713 2382 licentiam
729 2357 846 2391 tribuat,
865 2358 914 2393 qai
929 2357 1042 2384 litteras
1059 2358 1236 2394 apostolicas
1252 2368 1263 2383 α
1284 2359 1376 2392 Quasi
1391 2358 1498 2393 lignum
1514 2359 1588 2385 vitae
1601 2368 1612 2383 »
1630 2358 1754 2384 noluerit
1769 2358 1928 2385 observare.

1645 2448 1717 2478 1255,
1734 2447 1881 2474 Decembris
1897 2448 1920 2477 7,
1937 2447 2063 2474 Laterani.

570 2519 775 2553 Alexander
795 2521 990 2566 episcopus
1012 2533 1140 2555 servus
1162 2533 1350 2555 servorum
1372 2522 1438 2555 Dei
1460 2522 1592 2555 dilecto
1613 2522 1688 2555 filio
1708 2549 1728 2554 ..
1749 2521 1964 2555 cancellario
1985 2521 2182 2554 Parisiensi
2198 2520 2351 2554 salutem

485 2591 519 2616 et
538 2585 769 2629 apostolicam
795 2586 1099 2620 benedictionem.
1123 2588 1223 2621 Licet
1242 2600 1309 2621 nos
1331 2588 1416 2621 olim
1442 2601 1507 2634 pro
1530 2588 1641 2622 studii
1661 2588 1879 2622 Parisiensis
1899 2587 2176 2621 conservatione
2197 2586 2350 2632 quedam

485 2650 578 2683 circa
605 2652 763 2684 studium
789 2653 908 2698 ipsum
937 2654 980 2686 de
1006 2655 1155 2687 fratrum
1181 2661 1389 2688 nostrorum
1411 2655 1566 2688 consilio
1591 2655 1743 2700 provide
1768 2654 1979 2688 duxerimus
2007 2653 2221 2695 ordinanda,
2243 2660 2350 2698 prout

485 2716 522 2748 in
550 2716 680 2750 litteris
710 2719 845 2752 nostris
874 2721 1003 2753 exinde
1023 2721 1211 2763 confectis,
1235 2733 1304 2766 que
1331 2721 1444 2766 Quasi
1468 2721 1607 2767 lignum
1631 2722 1716 2755 νὶΐε1
1739 2721 1930 2766 incipiunt,
1958 2720 2104 2765 plenius
2130 2719 2350 2762 continetur,

485 2783 651 2815 nonnulli
676 2790 793 2817 tamen
814 2786 977 2831 magistri
998 2793 1033 2820 et
1053 2787 1212 2820 scolares
1233 2788 1459 2821 Parisienses
1485 2787 1749 2821 ordinationem
1771 2787 1899 2832 ipsam,
1921 2793 1959 2819 ut
1983 2786 2201 2828 audivimus,
2224 2779 2351 2820 obser-

485 2860 567 2881 vare
602 2861 674 2882 non
708 2859 889 2893 curarunt,
930 2853 1039 2886 immo
1073 2853 1111 2886 in
1144 2854 1261 2899 ipsius
1295 2854 1406 2887 studii
1444 2853 1752 2899 perturbationem
1793 2859 1915 2886 contra
1954 2853 2069 2898 ipsam
2101 2852 2351 2898 multipliciter

487 2915 695 2948 moliuntur.
723 2917 897 2951 Volentes
925 2919 1049 2964 igitur,
1077 2926 1116 2952 ut
1142 2920 1276 2965 prefata
1304 2927 1427 2954 nostra
1455 2920 1635 2953 ordinatio
1660 2919 1704 2953 ab
1730 2919 1900 2953 omnibus
1926 2925 2135 2953 reverenter
2156 2925 2192 2952 et
2212 2918 2351 2964 simpli—

610 2974 649 2998 38.
