2618 3640
279 411 376 451 1210]
620 419 666 441 ΑΒ
700 418 806 440 Anao
840 417 919 440 mcc
953 417 1086 445 usone
1120 416 1169 438 An
1203 416 1432 438 PHILJPPUM
1470 415 1508 437 iv
1544 415 1633 437 REG.
1673 416 1809 437 FnANc.
2112 406 2155 439 69

277 494 440 540 recipere
472 492 632 527 voluerit
659 491 718 526 vel
747 491 798 524 ibi
832 491 988 524 idoneus
1023 490 1193 523 inventus
1226 489 1347 528 fuerit,
1384 489 1545 534 predicta
1580 489 1656 521 Ada
1687 495 1722 521 et
1749 489 1921 534 magister
1952 488 2157 534 Stephanus

276 559 464 606 predictus
482 558 541 593 vel
561 558 652 592 alter
672 569 813 599 eorum,
836 557 897 602 qui
918 563 1003 590 tunc
1024 556 1133 589 fuerit
1154 563 1356 602 superstes.
1378 562 1592 601 potestatem
1614 554 1798 588 habebunt
1820 555 1980 600 quandiu
2001 555 2155 588 vixerint

275 626 320 660 ad
354 626 516 672 predicte
551 625 682 658 domus
717 624 965 670 provisionem
1000 635 1193 668 personam
1228 622 1332 655 aliam
1371 622 1540 655 idoneam
1574 634 1613 655 ac
1648 621 1719 654 sibi
1753 621 1918 666 placitam
1958 621 2155 654 Parisiensi

275 693 449 739 episcopo
473 690 709 738 presentandi
734 697 769 723 et
794 702 833 723 se
858 689 1141 731 intromittendi3
1174 689 1240 722 sed
1264 696 1348 734 post
1372 701 1498 722 corum
1524 688 1662 721 obitum
1685 695 1756 721 tota
1778 688 1939 733 provisio
1961 694 1997 720 et
2015 688 2156 732 justitia

275 759 407 793 domus
436 758 554 804 ipsius
583 757 628 791 ad
657 757 900 790 Parisiensem
934 756 1147 802 episcopum
1182 756 1219 789 in
1253 762 1468 802 perpetuum
1498 754 1707 800 pertinebit.
1744 756 1912 788 Preterea
1948 754 2156 788 Renoaldus

274 825 412 860 Cherin
442 831 478 858 et
505 824 640 870 sybilla
671 835 762 857 uxor
792 825 871 869 ejus
902 830 938 856 et
967 835 1095 856 omnes
1123 823 1210 856 dicti
1231 823 1396 856 canonici
1425 823 1459 856 S.
1484 822 1658 855 Honorati
1679 834 1745 867 pro
1766 821 1930 854 remedio
1956 821 2155 854 animarum

274 904 420 926 suarum
446 892 490 925 ad
515 890 831 925 conservationem
858 890 988 923 (lomus
1014 890 1176 935 predicte
1198 896 1234 923 et
1253 890 1554 923 sustentationem
1577 901 1776 934 pauperum
1799 888 1993 922 scolarium
2019 887 2155 921 ibidem

274 958 496 992 manentium
524 969 635 991 unum
664 963 851 1002 arpentum
882 963 991 999 terre,
1020 957 1081 1002 qui
1103 963 1159 989 est
1179 957 1280 1002 juxta
1301 956 1526 989 cemiterium
1549 955 1711 1001 predicte
1732 955 1887 988 ecclesie
1909 956 1943 988 S.
1969 955 2155 997 Honorati,

274 1025 456 1059 dederunt
489 1031 525 1058 et
557 1030 832 1058 concesserunt.
870 1025 944 1057 lIoc
979 1030 1097 1056 autem
1137 1024 1268 1056 factum
1307 1023 1375 1056 fuit
1412 1022 1558 1068 publice
1593 1023 1637 1055 de
1672 1034 1857 1055 concensu
1896 1022 2155 1055 canonicorum

274 1092 435 1126 omnium
462 1092 497 1125 S.
526 1091 701 1124 Honorati
727 1097 763 1124 et
789 1091 899 1123 totius
927 1090 1074 1136 capituli
1102 1090 1136 1123 S.
1159 1090 1332 1124 Germani
1360 1090 1689 1123 Antisiodorensis.
1718 1091 1766 1122 Ut
1789 1096 1909 1122 autem
1940 1088 2008 1122 hoc
2039 1096 2154 1122 ratum

273 1165 310 1192 et
335 1159 595 1192 inconcussum
624 1164 843 1203 permaneat,
874 1164 1080 1202 presentem
1109 1157 1277 1203 paginam
1304 1156 1510 1202 sigillorum
1539 1163 1747 1190 nostrorum
1776 1156 1976 1189 munimine
2001 1156 2155 1189 fecimus

273 1225 451 1260 roborari.
473 1225 603 1258 Actum
624 1236 719 1258 anno
740 1224 856 1270 gratie
877 1225 1078 1266 MCCVIII,
1101 1236 1226 1257 mense
1247 1223 1458 1257 Februario.

365 1322 556 1355 Apographum
570 1331 638 1346 saec.
656 1322 725 1346 XVII
745 1322 771 1345 in
791 1322 867 1345 Arch.
889 1325 942 1345 nut.
964 1322 1048 1345 Paris.
1070 1322 1098 1345 L.
1119 1323 1174 1350 569,
1195 1326 1225 1345 n⁰
1239 1323 1269 1345 35
1284 1330 1315 1345 ex
1329 1321 1438 1353 antiquo
1455 1322 1583 1346 chartul.
1600 1321 1628 1346 S.
1647 1321 1790 1346 Honorati
1806 1321 1860 1351 (tol.
1882 1321 1997 1351 7512-76b)‚
2013 1329 2044 1344 ex
2054 1329 2114 1352 quo,
2126 1323 2156 1344 ut

271 1367 384 1396 videtur,
406 1367 530 1395 Bulaeus,
553 1367 599 1395 111,
623 1367 663 1395 45,
692 1375 769 1390 suum
796 1369 894 1390 textum
922 1367 1078 1389 mendosum
1104 1366 1261 1398 desumpsit.
1290 1367 1320 1390 In
1346 1366 1423 1389 Arch.
1451 1369 1503 1389 nat.
1534 1366 1582 1390 LL.
1610 1367 1688 1389 66-68
1711 1369 1832 1397 superest
1851 1366 2033 1389 tantummodo
2056 1366 2153 1390 Chart-

271 1419 339 1436 saec.
363 1412 454 1440 xvnl,
477 1411 523 1435 ubi
544 1414 665 1435 nostrum
686 1411 872 1434 documentum
891 1419 943 1434 non
965 1410 1067 1442 integre
1086 1419 1170 1442 neque
1191 1411 1225 1434 ad
1248 1411 1359 1434 verbum
1384 1412 1505 1434 refertur.
1523 1411 1552 1434 ln
1572 1410 1707 1442 praedicto
1722 1410 1878 1442 apographo
1896 1410 1974 1440 (sicut
1987 1410 2066 1433 etiam
2082 1411 2153 1441 apud

269 1456 407 1486 Eulaeum)
427 1456 492 1480 haec
511 1455 604 1479 charta
624 1456 723 1479 inserta
742 1459 782 1479 est
797 1455 892 1479 litteris
912 1455 993 1486 vulgo
1014 1455 1144 1479 Vidimus
1159 1455 1237 1478 dictis
1254 1464 1314 1478 cum
1333 1455 1382 1478 hoc
1401 1455 1537 1486 prooemio
1553 1463 1558 1478 ·.
1577 1463 1588 1478 <⁴
1609 1455 1746 1478 Universis
1768 1458 1903 1486 presentes
1923 1455 2025 1478 litteras
2048 1455 2153 1486 inspec-

269 1500 337 1525 turis
353 1501 503 1532 Stephanus
519 1500 722 1524 archidiaconus
738 1501 781 1531 (et)
798 1500 854 1524 Odo
869 1499 1043 1523 cancellarius
1060 1499 1106 1531 [et]
1121 1499 1280 1523 parisiensis
1296 1499 1419 1523 officialis
1435 1500 1547 1523 salutem
1563 1499 1589 1522 in
1604 1499 1724 1522 Domino.
1741 1499 1838 1522 Notum
1854 1499 1974 1527 facimus,
1987 1507 2034 1522 nos
2050 1499 2152 1522 litteras

269 1545 403 1577 sigillatas
419 1545 508 1576 sigillo
522 1545 591 1568 bone
605 1545 731 1568 memorie
745 1545 815 1568 Petri
830 1545 964 1577 quondum
979 1544 1098 1576 episcopi
1118 1544 1278 1568 Parisiensis
1299 1547 1324 1568 et.
1344 1544 1436 1567 decani
1456 1544 1589 1576 totiusque
1608 1543 1719 1575 capituli
1736 1544 1761 1567 S.
1785 1543 1910 1567 Germani
1929 1543 2152 1567 Antisiodorensis

269 1589 427 1613 Parisiensis
442 1597 495 1612 non
509 1589 677 1618 cancellatas,
694 1597 746 1612 non
761 1589 858 1612 oblitus
874 1597 921 1612 nec
935 1589 963 1612 in
977 1588 1067 1620 aliqua
1081 1591 1158 1620 parte
1174 1589 1215 1612 sui
1229 1589 1339 1612 viciatus
1355 1588 1502 1620 inspexisse
1518 1588 1598 1611 verbo
1614 1588 1647 1611 ad
1662 1588 1774 1611 verbum
1789 1588 1839 1611 sub
1854 1588 1903 1611 hac
1919 1589 2003 1611 forma
2020 1595 2041 1611 ».
2058 1588 2087 1611 In
2103 1588 2154 1611 fine

268 1634 368 1666 legitur
383 1641 389 1658 ἰ
408 1643 419 1657 α
435 1634 531 1658 Datum
546 1642 615 1657 anno
629 1633 733 1658 Domini
748 1633 815 1658 MCC
830 1633 1035 1666 quadragesimo
1050 1637 1143 1657 octavo
1159 1641 1249 1657 mense
1264 1633 1335 1657 Julio
1350 1641 1372 1656 )).
1389 1633 1464 1665 Apud
1480 1633 1609 1656 Bulaeum
1625 1641 1630 1656 z
1647 1641 1715 1656 anno
1731 1633 1800 1656 1245.
1818 1633 1910 1656 Lector
1930 1641 1992 1656 vero
2007 1633 2152 1655 monendus

269 1681 310 1702 est
334 1686 381 1702 nec
403 1686 501 1702 annum
523 1678 594 1708 1248,
616 1687 664 1702 nec
683 1679 744 1702 1245
769 1678 910 1702 convenire
932 1686 991 1702 cum
1012 1681 1140 1710 tempore,
1161 1687 1213 1710 quo
1233 1678 1290 1702 odo
1309 1678 1484 1701 cancellarius
1504 1677 1562 1706 fuit,
1583 1685 1645 1701 nam
1666 1685 1734 1700 anno
1756 1678 1817 1700 1244
1836 1677 1893 1709 jam
1913 1677 1946 1700 ad
1970 1677 2152 1700 cardinalatus

269 1722 398 1747 honorem
411 1726 550 1755 promotus
565 1725 629 1746 erat.

364 1808 392 1831 1.-
406 1807 500 1832 Petrus
515 1807 547 1831 de
562 1808 701 1836 Nemonrs,
718 1807 866 1831 1208-1219.

273 2023 347 2061 10.
371 2033 552 2059 Innocentius
581 2034 628 2059 III
651 2034 737 2059 Petro
765 2033 928 2059 Parisii-nsi
956 2033 1090 2070 episcopo
1119 2033 1241 2059 mandat
1270 2037 1301 2059 ut
1328 2033 1450 2060 leomae
1477 2034 1618 2070 provisori
1643 2037 1670 2059 et
1697 2032 1841 2067 fratribus
1871 2032 2025 2067 religiosae
2050 2031 2150 2058 domus

353 2090 516 2118 pauperum
535 2081 711 2108 scholarium
735 2083 762 2108 S.
786 2081 908 2108 Thomae
923 2081 959 2108 de
983 2083 1103 2118 Lapara
1122 2083 1219 2109 Paris.
1238 2082 1385 2109 licentiam
1401 2082 1512 2109 tribuat
1531 2081 1716 2108 construendi
1730 2081 1883 2118 capellam,
1902 2089 1936 2107 ac
1953 2081 2150 2107 coemeterium

357 2131 400 2157 eis
415 2130 567 2157 benedicat
581 2130 660 2157 salvo
670 2131 738 2166 jure
751 2131 926 2167 parochiali.

1443 2208 1514 2238 1210,
1530 2207 1664 2234 Februarii
1679 2208 1716 2237 12,
1733 2207 1861 2233 Laterani.

358 2294 594 2327 Innocentius
633 2295 830 2340 episcopus
868 2307 998 2329 servus
1037 2307 1227 2330 servorum
1267 2297 1333 2329 Dei
1367 2295 1568 2330 venerabili
1603 2295 1703 2329 fratri
1738 2295 1911 2340 episcopo
1951 2293 2148 2326 Parisiensi

269 2359 421 2394 salutem
451 2366 488 2394 et
514 2360 750 2406 apostolicam
783 2361 1090 2395 benedictionem.
1128 2364 1179 2396 Ex
1209 2369 1308 2408 parte
1339 2363 1555 2396 dilectorum
1591 2362 1748 2395 filiorum
1779 2361 1916 2394 Thomc
1947 2359 2148 2406 provisoris

268 2433 304 2460 et
327 2427 476 2460 fratrum
504 2427 679 2473 religiose
707 2428 838 2461 domus
868 2440 1067 2474 pauperum
1094 2429 1289 2462 scolarium
1316 2430 1351 2463 S.
1374 2429 1512 2462 Thome
1534 2428 1700 2474 martyris
1721 2427 1939 2461 parisiensis
1965 2426 2072 2459 nobis
2092 2433 2149 2459 est

267 2493 454 2527 humiliter
487 2493 729 2540 supplicatum
760 2501 810 2536 ut⁷
842 2507 923 2528 cum
953 2495 1007 2528 cis
1037 2507 1102 2541 per
1135 2495 1230 2529 bone
1266 2496 1440 2529 memorie
1475 2495 1661 2529 Urbanum
1692 2506 1817 2540 papam
1846 2493 2146 2540 predecessorem

267 2566 432 2595 nostrum
453 2573 670 2594 concessum
692 2561 752 2603 sit,
770 2561 867 2607 quod
888 2574 953 2607 per
974 2561 1207 2595 diocesanum
1230 2562 1442 2608 episcopum
1464 2562 1554 2608 ipsis
1575 2561 1705 2595 debeat
1725 2561 1941 2594 cimiterium
1963 2559 2146 2601 benedici,

267 2638 379 2673 super
411 2626 480 2660 hoc
516 2627 581 2661 tibi
615 2627 778 2661 scribere
809 2628 1058 2674 dignaremur,
1089 2629 1271 2674 propriam
1303 2628 1374 2662 sibi
1403 2628 1642 2662 construendi
1676 2627 1850 2673 capellam
1885 2626 2145 2660 nichilominus

266 2693 511 2728 concedentes
541 2701 768 2740 potestatem.
800 2696 875 2728 Nos
905 2707 994 2741 crgo
1024 2696 1239 2729 fraternitati
1269 2702 1341 2738 tue,
1369 2708 1449 2729 cum
1480 2695 1551 2729 loci
1576 2695 1795 2728 diocesanus
1822 2694 1970 2735 existas,
2002 2693 2144 2726 deferre

265 2759 432 2794 volentes
459 2772 524 2807 per
550 2760 749 2807 apostolica
777 2761 841 2795 tibi
870 2762 1003 2808 scripta
1028 2762 1267 2809 precipiendo
1288 2763 1514 2804 mandamus,
1536 2762 1707 2807 quatinus
1733 2761 1933 2795 secundum
1957 2759 2143 2793 memorati

266 2827 542 2873 predecessoris
575 2828 691 2862 nostri
726 2829 1005 2863 concessionem
1040 2829 1257 2863 cimiterium
1288 2830 1341 2863 eis
1372 2829 1582 2875 hujusmodi
1617 2828 1827 2870 benedicas,
1858 2835 1906 2869 et,
1935 2827 2035 2860 salvo
2060 2828 2143 2871 jure

266 2893 477 2939 parochiali,
504 2893 685 2929 licentiam
712 2895 766 2929 eis
791 2895 930 2930 tribuas
958 2897 1140 2942 propriam
1167 2896 1406 2930 construendi
1434 2895 1640 2942 capcllam⁴‚
1663 2907 1774 2941 super
1795 2907 1880 2941 quo,
1903 2894 1933 2927 si
1959 2893 2144 2927 contentio

266 2959 385 3006 aliqua
418 2967 512 2995 mota
542 2961 652 2996 fuerit
680 2969 716 2996 et
743 2963 881 2997 vocatis
911 2963 973 3009 qui
1003 2964 1139 2997 suerint
1174 2963 1367 3006 evocandi,
1400 2975 1526 2997 eorum
1556 2962 1799 3008 appellatione
1835 2967 1970 2995 remota
2001 2959 2141 3005 justitia
