2580 3528
243 415 340 456 1277]
582 423 630 447 Aa
662 423 770 447 Auno
803 424 882 447 lucc
915 424 1048 453 usous
1082 425 1130 446 An
1165 424 1394 447 PHtLIPPUM
1430 425 1470 447 ιν
1504 426 1594 448 nac.
1632 426 1768 448 nunc.
2050 418 2115 451 553

331 499 406 532 166.
429 497 537 542 Quod
562 503 748 543 peccatum
774 504 899 531 contra
925 504 1102 537 naturam,
1128 504 1254 544 utpote
1278 498 1416 532 abusus
1442 499 1478 532 in
1503 499 1615 540 coitu,
1637 499 1721 532 licet
1741 500 1787 533 sit
1807 507 1931 533 contra
1953 507 2113 534 naturam

241 565 390 612 speciei,
417 576 491 598 non
516 571 635 598 tamen
660 571 718 598 est
736 571 861 598 contra
887 571 1049 598 naturam
1074 565 1267 599 individui.

330 633 406 666 167.
428 631 535 675 Quod
570 630 789 677 quibusdam
824 631 943 677 signis
982 631 1149 665 sciuntur
1186 631 1375 666 hominum
1414 632 1638 666 intentiones
1677 639 1712 666 et
1748 633 1966 667 mutationes
2003 633 2116 666 inten-

240 698 393 741 tionum,
421 705 458 732 et
482 710 526 732 an
547 698 609 732 ille
636 698 860 732 intentiones
884 698 1106 744 perficiendo
1127 699 1212 739 sint,
1240 706 1276 732 et
1299 699 1399 744 quod
1419 711 1484 744 per
1505 699 1594 732 tales
1615 699 1751 745 figuras
1778 700 1944 733 sciuntur
1964 707 2116 734 eventus

240 765 534 812 peregrinorum,
573 765 765 811 captivatio
799 764 1000 807 hominum,
1036 765 1171 799 solutio
1210 766 1447 812 captivorum,
1485 772 1520 799 et
1551 778 1595 799 an
1629 766 1739 800 suturi
1773 766 1846 800 sint
1879 766 2038 800 scientes
2072 779 2116 799 an

240 831 414 866 latrones.

335 899 411 933 168.
433 898 541 942 Quod
565 898 787 932 continentia
813 911 887 932 non
913 899 1003 932 est¹⁸
1032 898 1278 933 essentialiter
1299 899 1427 933 virtus.

333 966 408 999 169.
431 960 538 1009 Quod
564 966 722 1012 perfecta
746 965 965 999 abstinentia
990 965 1035 999 ab
1060 973 1140 999 actu
1165 966 1286 999 carnis
1310 967 1511 1012 corrumpit
1535 967 1702 1000 virtutem
1730 973 1766 1000 et
1790 967 1949 1012 speciem
1960 967 1998 999 ⁷⁹.

333 1033 407 1066 170.
430 1032 537 1076 Quod
563 1043 701 1078 pauper
724 1031 833 1066 bonis
857 1033 1002 1066 fortune
1028 1044 1101 1066 non
1127 1039 1248 1078 potest
1269 1032 1362 1066 bene
1388 1045 1497 1078 agere
1523 1033 1560 1066 in
1585 1033 1797 1067 moralibus.

335 1100 409 1133 171.
431 1099 539 1142 Quod
563 1098 762 1140 humilitas,
789 1106 898 1145 prout
921 1099 1004 1144 quis
1030 1111 1102 1132 non
1129 1100 1322 1133 ostentat⁸⁰
1347 1111 1388 1133 ea
1414 1112 1484 1146 que
1509 1099 1630 1142 habet,
1651 1100 1717 1134 sed
1738 1100 1930 1146 vilipendit
1951 1108 1986 1134 et
2006 1101 2118 1134 humi-

244 1165 305 1199 liat
329 1177 383 1208 se,
409 1177 483 1199 non
509 1171 566 1199 est
589 1165 717 1199 virtus.
742 1186 787 1190 —
813 1166 936 1207 Error,
963 1165 994 1199 si
1020 1165 1271 1211 intelligatur:
1299 1178 1365 1199 nec
1389 1166 1506 1200 virtus
1532 1179 1598 1200 nec
1623 1173 1724 1200 actus
1747 1167 1946 1201 virtuosus.

335 1233 410 1267 172.
433 1232 540 1276 Quod
565 1231 757 1265 delectatio
790 1232 826 1265 in
855 1232 996 1265 actibus
1023 1232 1193 1266 venereis
1226 1244 1298 1266 non
1330 1233 1482 1278 impedit
1509 1240 1626 1266 actum
1658 1246 1723 1267 seu
1755 1245 1861 1267 usum
1896 1234 2117 1268 intellectus.

334 1300 409 1333 173.
430 1298 537 1342 Quod
562 1298 714 1332 scientia
739 1299 1003 1332 contrariorum
1035 1299 1154 1332 solum
1181 1306 1237 1332 est
1261 1299 1418 1339 causa⁸¹,
1446 1312 1557 1347 quare
1583 1300 1700 1333 anima
1726 1300 1912 1334 rationalis
1938 1308 2058 1346 potest
2083 1302 2118 1334 in

243 1365 430 1412 opposita3
456 1371 493 1398 et
516 1365 614 1411 quod
640 1365 800 1411 potentia
826 1365 1042 1411 simpliciter
1066 1377 1138 1399 una
1164 1377 1236 1398 non
1262 1372 1383 1411 potest
1408 1366 1445 1399 in
1470 1367 1650 1412 opposita,
1677 1367 1747 1400 nisi
1777 1379 1842 1412 per
1870 1367 2053 1406 accidens.
2085 1375 2118 1402 et

242 1433 381 1467 ratione
405 1432 569 1466 alterius.

333 1500 408 1534 174.
431 1498 538 1542 Quod
563 1498 684 1533 fabule
709 1505 746 1532 et
769 1498 858 1532 salsa
884 1505 970 1532 sunt
995 1499 1032 1532 in
1058 1498 1141 1545 lege
1167 1498 1377 1539 christiana,
1404 1500 1497 1533 sicut
1523 1500 1560 1533 in
1585 1499 1679 1533 aliis.

334 1567 408 1600 175.
431 1565 538 1610 Quod
563 1565 622 1599 lex
645 1565 841 1599 christiana
867 1565 1019 1611 impedit
1042 1565 1245 1599 addiscere.

333 1634 408 1668 176.
431 1632 539 1676 Quod
562 1631 718 1666 felicitas
742 1631 897 1666 habetur
920 1633 958 1666 in
981 1633 1048 1666 ista
1059 1632 1086 1650 n
1110 1633 1196 1674 vita,
1223 1639 1258 1666 et
1282 1645 1356 1666 non
1381 1633 1419 1666 in
1443 1633 1523 1667 alia.
1555 1653 1561 1659 ·

334 1701 409 1734 177.
431 1699 540 1743 Quod
564 1711 638 1732 non
664 1705 750 1733 sunt
774 1699 973 1745 possibiles
998 1699 1067 1733 alie
1092 1700 1261 1742 virtutes,
1289 1700 1358 1734 nisi
1384 1701 1574 1745 acquisite,
1602 1701 1660 1735 vel
1685 1701 1819 1734 innate.

335 1767 410 1801 178.
432 1765 540 1810 Quod
564 1765 686 1800 finis⁸⁸
711 1765 928 1800 terribilium
955 1772 1011 1800 est
1035 1778 1146 1800 mors.
1181 1787 1226 1792 —
1255 1768 1379 1808 Error,
1406 1767 1437 1801 si
1463 1767 1630 1802 excludat
1661 1768 1794 1802 inferni
1819 1769 2031 1802 terrorem⁸⁴
2058 1769 2121 1815 qui

243 1840 427 1867 extremus
446 1839 514 1867 est.

335 1901 410 1935 179.
432 1900 541 1944 Quod
566 1911 641 1934 non
667 1906 723 1934 est
746 1899 1010 1942 confitendum,
1036 1899 1107 1933 nisi
1132 1899 1177 1933 ad
1201 1901 1460 1946 apparentiam.

334 1967 410 2001 180.
432 1966 540 2010 Quod
564 1978 639 2000 non
664 1973 720 2000 est
744 1966 934 2000 orandum.

335 2034 411 2068 181.
433 2033 541 2077 Quod
565 2034 712 2068 castitas
737 2045 811 2067 non
837 2040 894 2067 est
918 2034 1034 2079 majus
1060 2033 1210 2076 bonum,
1238 2046 1344 2080 quam
1371 2035 1530 2080 perfecta
1555 2034 1822 2069 abstinentia⁸⁸.

336 2100 412 2134 182.
433 2100 541 2144 Quod
566 2099 744 2146 possibile
768 2106 836 2142 est,
863 2100 962 2146 quod
987 2101 1047 2134 fiat
1071 2100 1283 2135 naturaliter
1309 2101 1515 2135 universale
1541 2101 1716 2135 diluvium
1742 2103 1852 2149 ignis.

336 2167 410 2200 183.
432 2166 542 2210 Quod
566 2166 722 2213 simplex
746 2167 950 2210 fornicatio,
977 2174 1101 2213 utpote
1127 2167 1237 2201 soluti
1262 2179 1343 2201 cum
1370 2167 1502 2210 soluta,
1529 2180 1603 2202 non
1628 2175 1683 2202 est
1708 2176 1907 2215 peccatum.

338 2233 413 2268 184.
435 2232 542 2277 Quod
571 2233 706 2268 creatio
737 2245 811 2267 non
840 2240 896 2268 est
925 2233 1133 2280 possibilis,
1164 2234 1329 2280 quamvis
1359 2235 1579 2268 contrarium
1614 2235 1811 2269 tenendum
1842 2237 1889 2269 sit
1917 2236 2117 2269 secundum

245 2299 368 2334 fidem.

337 2367 411 2400 185.
433 2365 541 2409 Quod
565 2377 639 2399 non
669 2372 723 2400 est
748 2378 889 2408 verum,
915 2366 1014 2412 quod
1043 2366 1181 2412 aliquid
1212 2367 1272 2400 ssat
1301 2378 1345 2400 ex
1374 2367 1525 2410 nichilo,
1553 2379 1673 2414 neque
1702 2369 1832 2402 sactum
1864 2369 1911 2402 sit
1939 2369 1976 2402 in
2006 2369 2119 2415 prima

245 2433 441 2467 creatione.

337 2500 412 2534 186.
434 2499 541 2543 Quod
571 2498 688 2534 celum
722 2511 906 2546 nunquam
936 2499 1106 2546 quiescit,
1133 2499 1215 2545 quia
1239 2500 1427 2546 generatio
1454 2501 1680 2543 inferiorum,
1710 2513 1780 2547 que
1810 2508 1867 2536 est
1891 2502 1974 2536 finis
1999 2509 2119 2536 motus

245 2561 328 2604 celi,
353 2573 497 2596 cessare
527 2573 600 2596 non
626 2561 759 2604 -debet;
790 2561 858 2596 alia
888 2561 1029 2604 ratio⁸‘‚
1060 2560 1144 2607 quia
1172 2561 1289 2595 cetum
1319 2573 1426 2596 suum
1456 2574 1539 2597 esse
1570 2569 1606 2597 et
1633 2574 1734 2597 suam
1764 2564 1933 2598 virtutem
1963 2563 2073 2598 habet
2100 2577 2119 2599 a

247 2635 387 2663 motore
409 2640 496 2670 suo;
523 2635 559 2663 et
583 2627 650 2662 hec
674 2635 867 2663 conservat
890 2628 1008 2662 celum
1035 2639 1100 2674 per
1119 2639 1226 2662 suum
1253 2635 1402 2663 motum.
1425 2629 1531 2664 Unde
1551 2630 1582 2664 si
1605 2637 1766 2665 cessaret
1785 2642 1804 2664 a
1825 2637 1937 2674 motu,
1959 2638 2120 2666 cessaret

244 2694 290 2731 ab
314 2707 410 2730 esse.

337 2762 413 2798 187.
436 2762 542 2807 Quod
575 2774 643 2797 nos
675 2763 782 2809 pejus
813 2769 874 2798 aut
903 2762 1034 2797 melius
1068 2762 1322 2809 intelligimus,
1354 2761 1423 2796 hoc
1458 2763 1626 2809 provenit
1659 2763 1704 2798 ab
1738 2764 1924 2799 intellectu
1959 2766 2118 2811 passivo,

246 2840 354 2876 quem
380 2828 502 2863 dicim
528 2841 611 2864 esse
636 2829 833 2876 potentiam
859 2829 1083 2864 sensitivam.
1109 2849 1154 2855 —
1178 2830 1303 2871 Error,
1329 2829 1412 2875 quia
1437 2828 1542 2864 hoc”
1567 2830 1671 2876 ponit
1694 2842 1806 2865 unum
1832 2831 2055 2866 intellectum
2083 2832 2119 2865 in

246 2894 431 2939 omnibus,
451 2902 513 2930 aut
531 2895 761 2943 equalitatem
782 2896 819 2930 in
836 2895 1007 2931 omnibus
1027 2895 1229 2930 animabus.

338 2962 412 2997 188.
439 2962 546 3007 Quod
571 2963 602 2997 si
629 2963 667 2997 in
690 2962 813 3010 aliquo
838 2962 990 2998 humore
1015 2963 1147 2998 virtute
1173 2961 1359 2996 stellarum
1386 2962 1621 2998 deveniretur
1639 2964 1683 2998 ad
1705 2964 1809 2998 talem
1832 2964 2117 3011 proportionem,

372 3020 467 3046 Char&
488 3019 568 3046 Unio.
584 3020 680 3046 Parst-
697 3020 718 3046 1.
1965 3022 1996 3047 70
