2580 3528
228 404 324 445 1259]
562 415 610 437 ΑΒ
643 415 752 437 auxo
785 415 863 438 mcc
899 415 1031 444 usqua
1067 417 1116 437 An
1152 416 1384 438 rnimrrux
1420 417 1461 438 n·
1495 418 1584 440 aas.
1622 419 1758 441 rnxxc.
2037 412 2103 445 387

221 544 335 582 336.
357 553 526 581 Alexander
539 555 585 580 IV
593 553 763 580 Ludovicum
784 563 877 589 regem
898 554 1040 581 Franciae
1055 554 1197 590 hortatur,
1215 559 1247 581 ut
1261 559 1361 582 contra
1373 557 1459 592 pacis
1475 556 1639 583 turbatores
1655 557 1768 583 brachii
1781 558 1944 584 saecularis
1960 559 2103 585 auxilium

311 602 468 640 impendat,
485 612 541 640 quo
555 603 642 629 citius
650 604 752 639 jurgia
768 604 797 630 in
817 603 1007 630 universitate
1021 604 1184 630 Parisiensi
1199 608 1301 630 exorta
1317 609 1544 642 compescantur.

1453 703 1529 733 1259,
1544 704 1615 730 duvii
1628 704 1666 734 13,
1682 703 1817 737 Anagnino.

312 775 518 810 Alexander
537 776 735 822 episcopus
756 788 886 810 servus
906 788 1096 810 servorum
1119 777 1184 810 Dei
1205 778 1395 811 carissimo
1417 778 1453 811 in
1475 778 1622 813 Christo
1644 778 1719 812 filio
1738 805 1760 811 ..
1783 779 1862 824 regi
1884 780 2103 812 Francorum

223 843 358 877 illustri
378 843 530 877 salutem
551 850 588 877 et
606 843 841 889 apostolicam
863 842 1169 878 benedictionem.
1191 845 1283 878 Dum
1305 845 1505 890 apostolice
1524 845 1624 878 sedis
1646 857 1836 879 sermones
1857 853 1890 879 ct
1913 846 2045 891 scripta
2065 858 2105 879 ea

224 910 523 956 promptitudine,
557 911 727 956 quotiens
751 917 811 944 tue
836 910 1046 944 celsitudini
1072 910 1276 953 mittuntur,
1303 912 1462 945 assumis
1490 919 1529 946 ut
1547 912 1706 946 videaris
1732 913 1768 945 in
1795 912 1868 946 illis
1894 925 1976 946 eum
1999 914 2106 958 cujus

223 977 262 1010 in
299 977 408 1010 terris
433 977 534 1010 vices
563 976 649 1011 licet
677 977 847 1011 immeriti
872 978 1037 1023 gerimus
1065 978 1212 1019 intueri,
1239 978 1416 1024 expandis
1445 979 1571 1024 utique
1601 979 1709 1012 latius
1743 979 2105 1013 animadvertendum

223 1043 356 1077 ceteris
377 1043 679 1077 christianissime
700 1044 906 1077 devotionis
928 1044 1124 1090 exemplar,
1147 1045 1245 1090 quod
1270 1045 1385 1090 palam
1412 1058 1558 1091 semper
1582 1045 1717 1079 effulsit
1744 1046 1780 1079 in
1806 1046 1951 1079 excelso
1974 1046 2107 1080 throno

224 1109 408 1144 benedicti
437 1123 456 1144 a
485 1111 641 1144 Domino
673 1111 778 1157 regni
808 1111 872 1144 tui.
905 1111 995 1144 Hinc
1026 1111 1134 1144 uobis
1163 1118 1199 1145 et
1227 1112 1383 1145 ecclesie
1408 1111 1545 1146 Christi
1577 1113 1752 1146 accrescit
1782 1113 1930 1146 assidue
1958 1113 2106 1146 materia

225 1177 426 1223 spiritualis
455 1177 688 1211 exultationis
717 1184 753 1211 et
782 1177 913 1219 laudis,
945 1177 1029 1211 hinc
1063 1190 1210 1224 quoque
1247 1179 1283 1211 in
1318 1179 1518 1224 pressuris,
1549 1191 1639 1224 quas
1670 1179 1795 1213 eadem
1827 1180 1981 1213 ecclesia
2011 1180 2108 1213 inter

225 1243 428 1277 fluctuosos
459 1244 585 1277 mundi
617 1243 726 1289 hujus
761 1244 918 1289 impetus
953 1245 1182 1278 extrinsecus
1221 1245 1382 1290 inquieta
1420 1246 1639 1291 perpetitur,
1680 1246 1911 1292 refrigerium
1953 1247 2109 1292 percipit

224 1310 367 1344 interne
391 1310 655 1344 consolationis
679 1317 715 1343 et
740 1310 851 1356 pacis.
880 1311 985 1352 Sane,
1012 1311 1177 1356 quamvis
1203 1311 1537 1361 experimentorum
1564 1312 1784 1354 testimonia,
1810 1312 1854 1346 de
1876 1320 2016 1346 tuarum
2039 1325 2108 1346 nos

225 1376 432 1410 letificantia
461 1377 687 1410 incremento
712 1377 898 1419 virtutum,
926 1389 1016 1422 quas
1042 1377 1212 1411 sublimis
1237 1385 1406 1411 venustat
1430 1377 1630 1420 humilitas,
1656 1379 1796 1424 jugiter
1821 1379 2108 1421 increbrescunt,

224 1442 293 1477 hoc
318 1449 437 1477 tamen
462 1455 559 1477 nunc
582 1443 677 1477 inter
701 1443 795 1477 bona
821 1450 880 1477 tua
901 1443 1056 1477 letanter
1078 1450 1114 1477 et
1135 1450 1321 1490 gratanter
1345 1444 1567 1490 accepimus,
1594 1445 1693 1490 quod
1715 1445 1759 1478 ad
1782 1446 1941 1479 savorem
1966 1446 2108 1492 regium

224 1516 349 1544 contra
383 1510 601 1544 Parisiensis
635 1510 748 1544 studii
782 1510 989 1544 turbatores
1022 1511 1112 1544 viris
1147 1511 1326 1557 pacificis,
1364 1511 1542 1557 sapientie
1577 1512 1648 1545 otia
1683 1512 1847 1545 studiosa
1886 1510 2117 1555 colentibus,v

224 1576 510 1623 impendendum
542 1589 671 1623 preces
705 1584 742 1611 et
779 1576 1050 1612 exhortationes
1084 1577 1285 1624 apostolice
1316 1584 1350 1611 te
1381 1590 1536 1624 pronum
1566 1585 1602 1611 et
1631 1578 1840 1612 benivolum
1876 1579 2110 1621 invenerunt,

225 1655 337 1690 super
374 1655 446 1690 quo
485 1643 671 1678 serenitati
707 1651 766 1678 tue
800 1644 997 1690 gratiarum
1033 1644 1238 1678 exolvimus
1272 1645 1447 1678 actiones.
1483 1645 1575 1679 Cum
1611 1652 1730 1678 autem
1769 1645 1970 1679 venerabili
2008 1646 2110 1680 fratri

225 1716 352 1744 nostro
378 1737 398 1743 ..
431 1710 606 1756 episcopo
636 1710 833 1744 Parisiensi
863 1717 988 1745 contra
1019 1710 1227 1745 turbatores
1258 1711 1407 1745 eosdem
1438 1711 1583 1745 diversa
1618 1712 1782 1745 mandata
1817 1712 2041 1752 dederimus,
2073 1713 2110 1746 in

225 1776 360 1822 quibus
394 1777 619 1823 exequendis
649 1777 767 1823 ipsum
799 1784 944 1824 oportet
973 1778 1108 1824 regalis
1139 1778 1300 1824 potentie
1330 1777 1479 1812 brachio
1509 1778 1686 1824 adjuvari,
1721 1779 1977 1812 celsitudinem
2014 1786 2109 1813 tuam

226 1846 398 1890 rogamus
430 1850 466 1878 et
496 1843 684 1878 hortamur
706 1851 841 1879 attente
866 1845 903 1878 in
929 1845 1186 1879 remissionem
1208 1844 1274 1879 tibi
1295 1845 1544 1891 peccaminum
1571 1845 1768 1879 suadentes
1794 1846 1964 1892 quatinus
1990 1847 2109 1880 eidem

225 1910 400 1956 episcopo
425 1910 470 1944 ad
490 1911 797 1957 compescendum
823 1918 858 1945 et
880 1898 1106 1958 puniendum
1134 1911 1231 1950 illos,
1254 1919 1363 1958 prout
1383 1912 1556 1958 expedire
1577 1913 1804 1958 cognoverit,
1829 1913 2012 1947 dexteram
2038 1920 2111 1947 tra-

226 1976 300 2011 dite
327 1977 393 2011 tibi
422 1977 599 2012 divinitus
628 1978 819 2024 potestatis
848 1979 1079 2021 accomodes,
1110 1979 1283 2024 quotiens
1310 1979 1424 2012 fueris
1448 1979 1662 2024 requisitus,
1692 1986 1731 2013 ut
1754 1986 1814 2013 tuo
1844 1992 1995 2014 munere
2016 1981 2112 2015 inter

225 2042 409 2090 inquietos
426 2044 605 2078 innocens
623 2044 856 2091 pacificorum
876 2045 1118 2091 tranquillitas
1140 2046 1335 2087 muniatur,
1362 2045 1587 2092 cupientium
1609 2045 1742 2080 studiis
1762 2059 1888 2080 vacare
1915 2047 2109 2093 prudentie

227 2116 301 2144 tuta
325 2099 556 2145 convalescat
584 2111 734 2153 utilitas,
761 2119 796 2146 et
820 2112 952 2146 exinde
979 2112 1076 2158 apud
1100 2113 1215 2146 Deum
1243 2119 1388 2146 tuorum
1413 2119 1554 2147 crescat
1575 2113 1744 2146 cumulus
1770 2114 1995 2147 meritorum.
2028 2115 2107 2148 Dat.

226 2176 393 2223 Ana'gnie
418 2177 467 2211 id.
488 2178 601 2220 Junii,
623 2179 854 2224 pontificatus
876 2179 991 2213 nostri
1015 2191 1110 2213 anno
1134 2179 1274 2225 quinto.

319 2274 456 2307 originale
470 2275 497 2299 in
512 2275 589 2300 Arch.
605 2279 658 2300 nat.
675 2276 759 2301 Parin.
775 2277 800 2301 J.
815 2277 870 2307 1⁵2,
879 2281 908 2301 n⁰
923 2277 960 2301 10.
977 2277 1054 2300 Bulla
1069 2276 1195 2308 plumbea
1206 2277 1258 2300 filis
1269 2277 1382 2301 cannab.
1397 2277 1607 2309 appenditur.—
1622 2278 1747 2309 Layettes
1765 2279 1803 2302 du
1818 2278 1906 2302 tre'sor
1920 2279 1966 2303 des
1983 2278 2108 2306 Chartes.

225 2322 254 2342 ¹¹⁶
267 2319 338 2343 ⁴4⁹5.
352 2319 428 2351 Apud
444 2319 582 2347 Jourdain,
598 2324 627 2344 n⁰
642 2320 695 2346 176.
711 2328 743 2345 ex
758 2321 864 2349 Bulaeo,
879 2321 925 2350 ln,
941 2322 996 2349 ³55,
1012 2328 1155 2353 perperam
1170 2322 1284 2345 refertur
1299 2321 1332 2344 ad
1349 2329 1360 2344 a
1374 2321 1434 2345 idun
1458 2321 1522 2345 Julii
1539 2330 1562 2345 »-
1580 2321 1656 2346 Recte
1676 2321 1822 2350 Duchesne,
1840 2322 1912 2347 Hist.
1928 2322 2030 2348 Fr'anc.
2044 2322 2106 2351 SS..

226 2363 256 2392 V,
271 2364 326 2388 86³.

228 2511 341 2551 337.
364 2521 533 2550 Alexander
547 2523 776 2551 IVcancellar-io
792 2526 819 2551 S.
844 2525 1002 2559 Genovesae
1021 2523 1168 2560 praecipit
1192 2532 1227 2550 ne
1251 2523 1298 2550 cui
1316 2522 1464 2550 licentiam
1484 2522 1602 2559 regendi
1622 2523 1651 2550 in
1670 2523 1773 2560 aliqua
1792 2524 1937 2559 facultate
1957 2525 2105 2561 concedat,

314 2571 373 2598 nisi
383 2572 468 2608 priua
476 2572 620 2608 juraverit
633 2581 665 2599 ⁸0
679 2572 821 2599 'nandum
836 2572 999 2610 apostolica
1014 2576 1224 2599 exsecuturum.

1454 2621 1531 2652 1269,
1548 2621 1619 2648 dum‘ae'
1631 2622 1670 2652 18,
1685 2622 1821 2656 Anaym'ae.

314 2694 520 2730 Alexander
553 2697 751 2743 episcopus
780 2710 911 2732 servus
941 2709 1132 2731 servorum
1164 2697 1230 2730 Dei
1261 2696 1395 2731 dilecto
1425 2696 1501 2730 lilio
1533 2696 1750 2731 cancellario
1786 2698 1942 2732 ecclesie
1978 2700 2107 2734 Sancte

225 2761 413 2796 Genovese
442 2763 660 2798 parisiensis
689 2764 842 2798 salutem
873 2771 909 2798 et
937 2763 1172 2810 apostolicam
1203 2763 1512 2797 benedictionem.
1539 2763 1768 2797 Presentium
1800 2764 1864 2798 tibi
1894 2766 2106 2800 auctoritate

226 2827 463 2874 precipiendo
491 2830 704 2865 mandamus
735 2831 906 2877 quatinus
936 2830 1076 2864 nullum
1111 2830 1281 2864 decetero
1313 2829 1481 2863 licenties
1510 2829 1672 2863 Parisius
1703 2830 1739 2863 in
1773 2830 1893 2877 aliqua
1925 2832 2104 2874 lacultate,

226 2893 298 2927 nisi
327 2894 430 2940 prius
451 2896 552 2941 jin-et
579 2897 830 2932 ordinationes
857 2904 891 2931 ct
921 2904 1052 2931 statuta
1084 2909 1149 2943 pro
1179 2895 1376 2942 tranquillo
1401 2902 1497 2930 statu
1526 2896 1745 2931 Parisiensis
1774 2897 1886 2931 studii
1918 2899 2054 2932 dudum
2087 2912 2104 2932 a

228 2960 335 2995 nobis
362 2961 477 3005 edita,
508 2969 544 2997 et
572 2975 613 2998 ea
647 2976 718 3010 que
752 2965 986 2999 continentur
1019 2964 1055 2997 in
1090 2964 1194 3009 ipsis,
1228 2975 1268 2997 se
1300 2962 1561 2997 inviolabiliter
1595 2970 1837 3004 servaturum,
1868 2971 1901 2998 ct
1932 2977 2106 3010 expresse
