2580 3528
460 404 525 437 226
1041 408 1361 432 CHARTULAMUM
1395 405 1585 428 umvsns.
1623 403 1751 425 mnis.
2196 401 2199 404 ⁴
2232 392 2330 433 [1252

467 530 574 567 199.
598 538 692 565 Adam
715 538 864 574 episcopus
886 535 1105 562 silvanectensis
1121 537 1252 567 testatur,
1270 541 1301 558 se
1315 531 1433 566 aliquas
1448 529 1589 566 epistolas
1604 528 1763 554 Innocentii
1778 528 1825 561 IV,
1844 536 1920 563 quae
1939 528 2097 564 respiciunt
2116 527 2332 554 Universitatem

552 587 754 622 Parisiensem,
773 585 885 612 vidisse.

1773 626 1852 656 1252,
1866 625 1999 652 Februarii
2013 626 2046 652 11,

554 710 743 744 Universis
764 714 954 754 presentes
975 707 1113 739 litteras
1134 703 1355 749 inspecturis
1375 703 1418 735 A.
1437 701 1503 734 Dei
1520 701 1634 747 gratia
1656 700 1942 734 silvanectensis
1963 701 2160 747 episcopus
2179 701 2331 734 salutem

465 778 502 810 in
523 777 689 810 Domino.
713 774 893 808 Noveritis
915 785 982 806 nos
1002 784 1096 805 anno
1123 770 1268 803 Domini
1294 769 1488 802 millesimo
1515 767 1767 800 ducentesimo
1793 767 2104 813 quinquagesimo*
2119 767 2249 813 primo,
2273 767 2331 800 die

465 843 644 876 dominica
671 848 754 887 post
780 840 942 874 octabam
973 837 1234 884 purificationis
1262 836 1365 868 beate
1395 834 1508 868 Marie
1533 834 1701 880 virginis,
1730 833 1869 867 litteras
1897 834 2034 867 domini
2061 846 2152 880 pape
2178 834 2332 867 inferius

465 915 650 943 annotatas
680 907 884 952 inspexisse
916 906 954 938 in
980 904 1046 937 hec
1073 903 1194 937 verba.
1223 903 1426 947 Sequuntur
1452 900 1622 946 epistolae
1653 901 1818 946 superius
1846 901 2046 946 exscriptae
2073 901 2114 934 η’·
2137 888 2224 942 7138,
2255 901 2332 942 142,

466 977 542 1017 162,
565 976 640 1016 163,
665 975 738 1007 165.

558 1072 693 1103 Originule
708 1071 733 1093 in
749 1070 824 1093 Arch.
841 1073 893 1093 nat.
911 1069 994 1092 Paris.
1009 1069 1042 1091 M.
1058 1069 1114 1095 66³,
1129 1071 1157 1090 11⁰
1173 1068 1186 1090 3
1199 1075 1203 1095 ;
1221 1068 1398 1098 fragmentum
1411 1066 1494 1097 sigilli
1509 1065 1577 1089 cerei
1592 1065 1711 1097 episcopi
1726 1065 1840 1089 tueniolo
1854 1066 1965 1090 membr.
1982 1066 2150 1098 appenditur.

463 1286 573 1324 200.
598 1297 741 1322 Statutum
763 1294 799 1320 de
817 1293 1014 1330 promovendis
1036 1292 1076 1318 ad
1095 1292 1263 1318 cathedram
1284 1296 1311 1318 et
1331 1292 1455 1327 regimen
1475 1301 1579 1318 sacrae
1603 1292 1766 1328 scripturae
1787 1295 1814 1318 et
1834 1291 1870 1318 de
1884 1291 1990 1317 scholis
2010 1291 2147 1327 ejusdem,
2162 1291 2335 1327 praesertim

552 1344 649 1381 quoad
663 1344 821 1379 religiosos.

1537 1391 1611 1421 1252.
1627 1398 1719 1417 menso
1731 1390 1875 1420 Februario,
1891 1389 1911 1425 [
1911 1390 2022 1416 Pal-leisc
2022 1389 2048 1424 J.

553 1468 730 1512 Quoniam
751 1468 788 1500 in
809 1466 1037 1512 promotione
1058 1466 1102 1499 ad
1123 1465 1330 1498 cathedram
1351 1471 1387 1498 et
1407 1465 1572 1511 regimen
1593 1477 1694 1498 sacre
1716 1466 1898 1511 scripture
1925 1465 1962 1498 in
1982 1464 2104 1498 studio
2125 1464 2238 1497 Paris.
2262 1475 2336 1498 non

464 1536 582 1569 solum
613 1541 697 1568 sunt
727 1533 943 1567 attendenda
972 1533 1097 1565 merita
1125 1544 1378 1577 personarum,
1407 1532 1473 1565 sed
1501 1532 1607 1566 etiam
1639 1531 1757 1565 honor
1789 1531 1958 1574 civitatis,
1985 1543 2129 1564 necnon
2160 1537 2197 1564 et
2223 1531 2336 1564 totius

464 1602 575 1636 studii
596 1608 709 1635 status
731 1607 766 1634 et
785 1600 956 1633 honestas
972 1600 1073 1644 juxta
1094 1599 1225 1632 summi
1246 1598 1429 1644 pontificis
1450 1598 1737 1632 ordinationem⁴
1767 1598 1895 1632 merito
1921 1605 2008 1631 sunt
2027 1597 2227 1643 pensanda,
2251 1597 2336 1630 ideo

463 1669 631 1702 doctores
660 1667 885 1700 Parisienses
912 1666 1099 1700 actualiter
1124 1666 1162 1698 in
1188 1665 1373 1711 theologia
1401 1672 1573 1711 regentes
1602 1665 1768 1699 volentes
1798 1665 1835 1698 in
1862 1671 2051 1711 posterum
2078 1664 2187 1698 statui
2214 1664 2272 1697 sui
2302 1670 2338 1697 et

465 1735 686 1769 studentium
718 1735 754 1767 in
783 1733 967 1779 theologia
996 1733 1157 1766 Parisius
1183 1732 1410 1766 honestatem
1439 1744 1598 1775 servare,
1628 1739 1663 1766 et
1689 1732 1931 1778 promotionis
1956 1732 2076 1765 locum
2103 1730 2336 1765 studentibus

465 1809 669 1847 opportuno
701 1808 862 1846 tempore
891 1812 1092 1842 reservare,
1124 1799 1388 1833 deliberatione
1418 1812 1530 1845 super
1558 1799 1629 1833 hiis
1659 1799 1777 1833 habita
1808 1811 1889 1833 cum
1920 1798 2075 1832 consilio
2106 1797 2275 1844 diligenti
2303 1804 2339 1831 et

464 1875 613 1902 tractatu
640 1868 684 1901 de
711 1868 930 1913 prudentum
956 1867 1111 1900 consilio
1138 1867 1370 1900 concorditer
1391 1867 1665 1908 ordinaverunt,
1691 1873 1730 1900 ut
1756 1867 1802 1900 de
1827 1873 1949 1899 cetero
1977 1865 2177 1911 religiosus
2204 1864 2336 1910 aliquis

465 1947 538 1968 non
558 1934 696 1967 habens
717 1934 911 1979 collegium
940 1940 975 1966 et
999 1933 1056 1966 cui
1082 1940 1138 1966 est
1162 1945 1180 1966 a
1203 1934 1286 1978 jure
1314 1933 1460 1978 publice
1487 1933 1619 1967 docere
1644 1932 1881 1979 prohibitum,
1909 1932 1953 1966 ad
1979 1944 2107 1965 eorum
2127 1931 2336 1965 societatem

466 2001 673 2034 nullatenus
703 2000 920 2033 admittatur.
949 2000 1134 2039 Ceterum,
1166 2000 1248 2045 quia
1276 2007 1398 2045 preter
1424 2000 1679 2033 necessitatem
1710 2000 1968 2045 magistrorum
1999 1998 2336 2043 multiplicationem

466 2068 617 2100 maxime
646 2079 756 2112 super
783 2067 937 2100 eundem
966 2078 1115 2111 gregem
1144 2078 1217 2099 non
1246 2066 1363 2100 solum
1393 2067 1572 2112 scriptura
1599 2067 1734 2108 divina,
1763 2078 1888 2100 verum
1919 2066 2025 2099 etiam
2056 2065 2149 2099 sacri
2179 2075 2338 2098 canones

467 2134 703 2173 detestantur,
727 2133 868 2166 dicente
894 2133 999 2166 heato
1026 2133 1160 2166 Jacobo
1185 2145 1191 2166 :
1216 2147 1232 2164 «
1255 2133 1374 2166 Nolite
1396 2133 1520 2178 plures
1542 2134 1706 2179 magistri
1728 2133 1820 2173 fieri,
1849 2133 2009 2166 scientes
2030 2132 2201 2177 quoniam
2223 2132 2338 2176 majus

461 2200 639 2245 judicium
662 2200 803 2233 sumitis
826 2213 857 2241 »,
883 2206 919 2232 et
943 2200 1147 2245 Gregorius
1173 2200 1217 2233 ad
1245 2201 1433 2234 Rusticum
1458 2200 1673 2234 monachum
1696 2213 1703 2234 :
1728 2216 1743 2232 «
1767 2201 1807 2233 ln
1833 2200 1976 2246 apibus,
2001 2199 2132 2244 inquit,
2159 2205 2216 2232 est
2239 2197 2340 2243 prin-

466 2279 552 2312 ceps
582 2279 676 2299 unus
704 2273 738 2299 et
764 2278 875 2312 grues
906 2278 1011 2299 unam
1043 2273 1247 2311 sequuntur
1277 2267 1405 2300 ordine
1435 2267 1592 2301 litterato
1624 2281 1640 2298 »
1669 2279 1676 2300 :
1704 2268 1787 2301 ideo
1818 2267 1972 2313 predicti
2002 2265 2165 2311 magistri
2195 2264 2340 2298 ordina-

466 2340 608 2375 verunt,
634 2340 673 2366 ut
693 2333 836 2378 singula
858 2333 1116 2378 religiosorum
1138 2333 1293 2379 collegia
1319 2334 1477 2379 singulis
1502 2335 1687 2380 magistris
1714 2341 1793 2368 actu
1823 2333 2036 2380 regentibus
2062 2339 2098 2365 et
2116 2332 2221 2365 unica
2242 2330 2340 2364 scola

468 2400 511 2432 de
538 2406 658 2432 cetero
689 2399 761 2432 sint
790 2400 994 2432 contenta².
1024 2401 1192 2432 Preterea
1220 2412 1300 2433 cum
1328 2401 1467 2446 grande
1495 2401 1580 2434 fidei
1611 2402 1813 2447 periculum
1842 2401 2028 2434 immineat
2062 2406 2098 2433 et
2128 2411 2147 2432 a
2176 2397 2340 2432 ratione³

468 2466 661 2510 plurimum
690 2466 867 2507 dissonet,
896 2472 934 2498 ut
961 2466 1153 2511 quisquam
1180 2467 1251 2499 sibi
1279 2474 1396 2500 sumat
1421 2467 1598 2501 honorem
1626 2468 1796 2501 cathedre
1825 2479 2006 2502 sacrarum
2035 2466 2250 2506 litterarum,
2278 2463 2342 2509 qui

470 2544 534 2564 nec
572 2532 731 2576 seipsum
773 2532 986 2565 examinavit
1025 2533 1234 2578 diligenter,
1274 2546 1341 2567 nec
1380 2534 1423 2567 ab
1464 2547 1506 2567 eo
1542 2535 1603 2580 qui
1644 2535 1875 2568 licentiandis
1910 2545 2062 2580 preesse
2097 2530 2339 2577 dignoscitur,

472 2598 670 2630 secundum
691 2598 840 2630 sormam
862 2598 1117 2632 Universitatis
1139 2612 1157 2632 a
1178 2611 1319 2633 summo
1342 2601 1512 2646 pontifice
1535 2601 1739 2635 roboratam
1755 2601 1919 2647 legitime
1936 2600 1983 2634 sit
2002 2605 2165 2639 vocatus,
2187 2597 2341 2630 maxime

471 2675 550 2695 cum
573 2663 658 2695 alias
684 2663 777 2696 inter
802 2664 971 2697 doctores
997 2664 1225 2711 theologicos
1251 2673 1438 2700 tractatum
1465 2668 1575 2701 fuerit
1600 2675 1635 2701 et
1654 2668 1887 2701 concorditer
1907 2666 2114 2706 inhibitum,
2143 2676 2189 2697 ne
2208 2663 2341 2708 aliquis

471 2729 711 2762 bachellarius
732 2730 768 2761 in
790 2729 993 2775 theologica
1017 2731 1183 2765 facultate
1210 2740 1466 2778 promoveatur·
1490 2734 1533 2767 ad
1559 2734 1779 2776 cathedram,
1805 2734 1876 2767 nisi
1902 2733 2004 2779 prius
2025 2732 2187 2777 seipsum
2209 2729 2342 2763 exami-

473 2795 610 2828 naverit
622 2799 645 2835 ⁴,
673 2795 796 2828 saltem
819 2796 961 2840 aliquos
987 2797 1102 2830 libros
1124 2798 1308 2844 theologie
1335 2800 1498 2845 glosatos
1520 2807 1555 2834 et
1576 2801 1780 2834 Sententias
1802 2801 1839 2833 in
1865 2799 1976 2833 scolis
2002 2799 2156 2844 alicujus
2177 2796 2347 2842 magistri

472 2868 551 2894 actu
582 2861 743 2906 regentis
773 2861 968 2907 diligenter
1002 2863 1190 2908 legendo:
1219 2866 1355 2899 idcirco
1390 2867 1588 2913 supradicti
1629 2867 1792 2913 magistri
1832 2873 2018 2900 tractatum
2053 2865 2272 2898 antedictum
2308 2868 2343 2895 et

474 2938 692 2960 consensum
725 2934 847 2960 mutuo
878 2936 1094 2962 renovantes
1133 2943 1315 2965 consensu
1346 2933 1593 2976 firmaverunt,
1626 2940 1661 2967 et
1696 2934 1742 2967 ita
1780 2933 1950 2966 decetero
1985 2931 2172 2966 observari
2207 2929 2342 2963 debere

599 2984 638 3008 29.
