2580 3528
257 437 355 479 1255]
599 448 647 470 AB
680 447 786 470 Anno
821 447 899 470 mcc
933 446 1065 475 usone
1099 447 1148 468 AD
1182 446 1414 469 Pfflmrruia
1449 447 1489 470 iv
1523 448 1612 470 aas.
1650 449 1786 471 rnANc.
2061 442 2127 475 295

255 521 504 567 multipliciter
531 521 718 562 variando,
739 527 775 554 et
793 520 895 566 prius
916 520 1010 553 dicta
1035 527 1305 565 consequenter
1329 520 1498 565 negando
1523 521 1614 554 male
1641 521 1711 554 sibi
1736 522 1907 555 conscius
1932 523 2053 556 subito
2081 525 2126 558 de

254 588 397 622 civitate
430 587 595 623 recessit.
623 587 783 620 Tandem
818 587 914 620 idem
950 586 1146 632 episcopus
1181 593 1354 632 quantum
1388 587 1434 619 de
1460 587 1558 632 jure,
1586 587 1695 620 immo
1724 587 1807 632 plus
1836 600 1941 633 quam
1973 590 2017 622 de
2042 591 2126 634 jure

254 652 384 700 potuit,
404 653 609 699 procedens
635 665 701 699 per
725 653 919 686 dilationes
947 653 1122 698 plurimas
1143 653 1180 686 in
1201 653 1390 698 predictis,
1411 665 1492 686 cum
1519 665 1585 686 nec
1611 654 1737 686 samam
1763 661 1887 687 contra
1913 655 2124 700 magistrum

253 719 418 754 invenire
443 718 561 766 potuit
583 719 822 761 laborantem,
847 731 915 753 nec
939 726 1189 753 accusatorum
1215 731 1282 753 seu
1307 719 1607 753 denunciatorum
1633 720 1766 765 aliquis
1790 728 1992 766 appareret,
2019 734 2127 755 cano-

253 787 332 820 nica
357 787 574 833 purgatione
598 786 643 820 ab
663 787 744 832 ipso
771 786 946 832 magistro
970 786 1015 819 ad
1040 798 1183 819 omnem
1210 786 1459 831 suspicionem
1480 793 1657 832 perpetuo
1678 786 1954 830 excludendam,
1976 800 2127 833 presen-

253 852 351 887 tibus
370 852 452 898 iiij⁰¹
471 852 635 887 millibus
660 852 877 886 clericorum
898 852 944 886 ob
965 852 1142 886 honorem
1167 859 1298 898 sponte
1323 859 1489 886 nostrum
1516 852 1634 886 oblata
1660 853 1816 886 eundem
1843 854 2055 900 magistrum
2081 855 2126 888 ab

252 919 421 953 instantia
445 919 577 965 judicii
609 920 667 953 sui
697 919 962 953 sententialiter
992 918 1172 960 liberavit,
1207 919 1408 953 secundum
1443 919 1542 965 quod
1571 919 1609 952 in
1638 920 1727 953 actis
1761 920 1925 965 ejusdem
1961 922 2126 967 episcopi

252 985 376 1032 sigillo
406 997 474 1020 suo
506 986 660 1031 signatis
691 985 836 1031 plenius
865 986 1085 1019 continetur.
1114 987 1268 1031 Propter
1294 997 1364 1030 que
1393 985 1560 1019 scandala
1590 992 1626 1019 et
1657 986 1876 1020 offendicula
1904 987 2124 1032 supradicta,

252 1063 395 1086 necnon
420 1058 456 1086 et
478 1052 548 1086 alia
573 1052 739 1098 plurima,
763 1064 833 1098 que
854 1051 1004 1098 longum
1030 1059 1129 1085 esset
1154 1051 1388 1097 presentibus
1415 1064 1598 1094 enarrare,
1619 1063 1693 1085 non
1718 1053 1899 1086 immerito
1925 1055 2124 1099 provocati,

251 1119 423 1164 precipue
443 1125 592 1164 propter
611 1118 851 1152 execrabilem
872 1118 969 1152 illam
989 1119 1158 1164 injuriam
1180 1119 1422 1164 supradictam
1444 1118 1552 1152 nobis
1568 1118 1739 1152 omnibus
1760 1120 1797 1152 in
1818 1131 1974 1165 persona
1995 1121 2123 1166 prefati

250 1185 415 1230 magistri
435 1185 628 1219 Guillermi
653 1185 698 1218 de
724 1186 855 1219 Sancto
874 1186 1023 1226 Amore,
1045 1185 1251 1218 fidelissimi
1273 1185 1414 1231 patroni
1435 1186 1564 1227 nostri,
1586 1186 1762 1222 seditiose
1782 1198 1822 1219 ac
1844 1187 2012 1232 nequiter
2031 1187 2124 1220 irro-

249 1258 381 1297 gatam,
398 1263 504 1297 quam
525 1251 700 1284 cordibus
719 1251 949 1297 singulorum
971 1258 1135 1284 nostrum
1158 1251 1301 1284 infixam
1322 1251 1555 1284 dissimulare
1575 1264 1642 1285 nec
1662 1252 1831 1285 volumus
1848 1264 1914 1285 nec
1931 1252 2120 1295 debemus,

250 1329 366 1363 usque
392 1318 436 1351 ad
460 1318 586 1351 intima
610 1318 791 1352 viscerum
817 1324 1026 1351 nostrorum
1054 1317 1369 1351 inconsolabiliter
1398 1318 1547 1351 sauciati
1576 1330 1728 1351 necesso
1755 1318 1949 1352 habuimus
1979 1326 2122 1354 nostras

250 1383 319 1418 huc
346 1396 463 1430 usque
493 1384 721 1429 suspendere
749 1383 939 1417 lectiones.
967 1385 1078 1417 Tanta
1105 1384 1230 1429 igitur,
1261 1391 1362 1429 pater
1389 1384 1567 1429 piissime,
1596 1384 1809 1418 crudelitate
1837 1386 2020 1427 commoti,
2052 1393 2121 1419 tam

249 1450 427 1496 stupenda
447 1450 658 1484 inventione
677 1450 818 1483 attoniti
838 1450 1051 1483 admirando
1072 1450 1103 1483 si
1123 1450 1242 1496 placet
1261 1450 1571 1495 expergiscimini,
1593 1451 1821 1484 attendentes
1846 1451 2002 1496 qualiter
2020 1453 2121 1497 juxta

247 1516 443 1551 veridicam
469 1513 626 1562 apostoli
652 1516 879 1562 prophetiam
907 1517 1065 1562 operarii
1092 1516 1240 1550 subdoli
1267 1517 1405 1562 (glossa
1432 1528 1440 1549 :
1473 1531 1489 1548 «
1521 1517 1651 1550 callide
1683 1517 1752 1550 sub
1779 1518 1902 1563 specie
1930 1518 2153 1564 religionis·

247 1583 473 1629 decipientes
494 1584 525 1627 »)
544 1583 582 1616 in
602 1582 804 1616 humilitate
825 1590 860 1616 et
881 1583 1060 1629 religione
1081 1583 1295 1629 angelorum
1317 1583 1499 1616 seducunt
1517 1583 1654 1629 (glossa
1677 1595 1684 1616 z
1708 1597 1725 1614 «
1748 1584 1809 1629 qui
1828 1584 1998 1617 videntur
2018 1586 2122 1630 quasi

247 1649 371 1683 nuncii
391 1650 459 1683 Dei
478 1661 544 1695 per
563 1649 723 1695 speciem
744 1656 781 1683 et
799 1649 1038 1683 humilitatem
1065 1649 1257 1695 religionis
1279 1651 1322 1693 n).
1345 1651 1390 1683 Et
1413 1649 1480 1683 hec
1505 1656 1591 1683 sunt
1614 1649 1749 1695 quibus
1774 1657 1930 1695 possunt
1954 1650 2121 1685 homines

245 1715 350 1750 facile
370 1715 510 1750 seduci.
531 1716 737 1750 Attendatis
761 1716 917 1762 qualiter
943 1716 992 1750 sel
1019 1716 1231 1758 draconum,
1257 1716 1381 1750 vinum
1409 1728 1548 1758 eorum,
1571 1723 1607 1750 et
1625 1728 1807 1750 venenum
1831 1717 1998 1763 aspidum
2024 1718 2121 1752 insa-

246 1782 379 1816 nabile.
402 1783 488 1816 Nam
507 1782 709 1816 secundum
730 1783 950 1829 Gregorium
970 1795 978 1816 ε
1002 1797 1018 1815 «
1041 1784 1155 1816 Nemo
1176 1783 1259 1829 plus
1279 1790 1387 1816 nocet
1406 1783 1444 1816 in
1464 1782 1619 1817 ecclesia
1640 1783 1720 1825 Dei,
1738 1795 1845 1829 quam
1865 1784 1927 1829 qui
1949 1796 2120 1829 perverse

245 1860 360 1895 agens
385 1861 519 1883 nomen
543 1849 653 1883 habet
675 1850 876 1884 sanctitatis
895 1850 954 1884 vel
979 1850 1134 1884 ordinis.
1156 1829 1406 1908 »fil—{tendatis
1431 1850 1550 1892 etiam,
1573 1857 1674 1896 pater
1700 1850 1942 1892 sanctissime,
1966 1851 2121 1896 qualiter

244 1914 312 1958 illi,
334 1916 396 1962 qui
420 1915 595 1950 mundum
621 1927 661 1950 se
685 1923 857 1950 asserunt
880 1917 1090 1962 reliquisse,
1114 1929 1211 1950 nunc
1236 1916 1305 1950 sub
1332 1916 1485 1962 quadam
1512 1916 1601 1950 falsa
1626 1917 1749 1962 specie
1776 1917 1920 1962 pietatis
1948 1930 1987 1950 se
2013 1919 2119 1963 majo-

246 1980 350 2016 ribus
375 1981 486 2028 hujus
512 1982 638 2016 mundi
664 1983 824 2029 negotiis
849 1983 1098 2029 implicantes,
1125 1983 1351 2029 posteriores
1381 1985 1461 2029 ejus
1490 1983 1628 2029 glorias
1658 1983 1822 2017 ambiunt
1851 1990 1887 2016 et
1916 1990 2117 2026 sectantur;

246 2047 402 2094 qualiter
421 2049 526 2083 etiam
547 2049 614 2092 illi,
637 2050 699 2095 qui
719 2049 763 2083 ab
783 2050 888 2084 initio
909 2062 975 2084 sue
996 2050 1250 2084 conversionis
1275 2050 1463 2096 elegerant
1487 2050 1523 2083 in
1549 2050 1725 2084 altissima
1749 2049 1951 2084 humilitate
1976 2058 2012 2084 et
2036 2063 2118 2096 pau-

245 2120 384 2159 pertate
403 2114 550 2150 Christo
570 2116 727 2150 Domino
747 2116 924 2159 famulari,
947 2129 1044 2150 nunc
1063 2116 1134 2150 sub
1155 2123 1320 2163 pretextu
1341 2116 1487 2150 consilii
1507 2123 1544 2150 et
1563 2116 1728 2150 doctrine
1753 2117 1790 2149 in
1816 2116 1964 2162 palaciis
1990 2129 2116 2163 regum

245 2186 282 2214 et
308 2180 403 2215 aulis
426 2181 630 2228 principum
655 2182 888 2217 dominantur
911 2190 1036 2217 contra
1060 2183 1221 2230 glossam
1247 2177 1381 2217 Mathei
1405 2184 1438 2228 xj
1466 2183 1519 2217 sic
1545 2183 1724 2216 dicentem
1753 2195 1760 2216 ε
1790 2197 1806 2214 «
1834 2183 1963 2228 Rigida
1987 2184 2056 2217 vita
2083 2191 2118 2217 et

246 2246 445 2292 predicatio
470 2247 579 2282 debet
602 2248 786 2283 declinare
810 2249 973 2283 mollium
1000 2250 1152 2296 palacia,
1180 2262 1251 2296 que
1275 2251 1506 2295 frequentant
1530 2249 1647 2283 induti
1673 2249 1846 2282 mollibus
1869 2249 2069 2283 adulantes.
2098 2263 2115 2281 »

245 2313 319 2346 Nec
338 2313 529 2347 attendunt
547 2315 646 2360 quod
666 2315 712 2348 de
726 2315 816 2349 viris
837 2316 972 2350 sanctis
993 2323 1111 2350 cantat
1129 2315 1283 2350 ecclesia
1308 2328 1315 2350 :
1343 2330 1360 2348 «
1383 2316 1495 2350 Aulas
1521 2316 1640 2361 regias
1666 2322 1967 2360 contempnentes
1993 2327 2115 2361 perve-

246 2385 378 2413 nerunt
392 2379 437 2413 ad
453 2391 565 2426 regna
580 2380 742 2415 celestia.
761 2395 777 2413 >›
794 2382 999 2416 Attendatis
1018 2382 1292 2424 nichilominus,
1310 2389 1411 2428 pater
1430 2388 1568 2423 sancte,
1590 2381 1745 2426 qualiter
1765 2381 1830 2422 illi,
1848 2381 1909 2426 qui
1931 2381 2016 2414 olim
2033 2394 2113 2415 cum

243 2445 410 2491 apostolo
435 2446 681 2491 spectaculum
707 2447 791 2481 huic
815 2448 952 2482 mundo
978 2448 1057 2482 fieri
1083 2460 1123 2482 se
1147 2448 1368 2495 gaudebant,
1389 2454 1450 2482 aut
1469 2454 1566 2481 certe
1587 2447 1819 2489 simulabant,
1841 2454 2006 2493 tanquam
2030 2460 2114 2493 pur—

243 2518 410 2557 gamenta
430 2511 539 2558 hujus
560 2513 685 2547 mundi
706 2520 742 2547 et
761 2514 921 2548 omnium
943 2515 1162 2561 peripsema,
1185 2526 1281 2548 nunc
1301 2514 1381 2547 sine
1402 2513 1621 2559 prelatorum
1643 2513 1787 2547 licentia
1813 2514 2048 2559 predicando,
2069 2515 2114 2548 ad

243 2577 478 2623 penitentiam
498 2579 736 2622 admittendo,
752 2580 992 2623 absolvendo,
1011 2580 1161 2627 ligando
1179 2580 1250 2614 sibi
1269 2586 1482 2626 potestatem
1502 2579 1658 2613 ecclesie
1676 2586 1896 2625 usurpantes
1914 2580 1950 2613 in
1967 2580 2113 2614 immen-

243 2655 323 2678 sum
351 2643 444 2679 ultra
473 2657 678 2680 mensuram
708 2646 835 2693 regule
865 2647 1069 2693 gloriantur
1096 2647 1133 2680 in
1160 2647 1290 2681 alienis
1318 2646 1520 2688 laboribus,
1551 2646 1587 2679 id
1617 2653 1674 2680 est
1702 2646 1739 2679 in
1768 2646 1939 2692 plebibus
1968 2627 2143 2699 alienis)

242 2709 379 2753 Nolite,
405 2718 507 2757 pater
530 2713 778 2755 sanctissime,
806 2720 936 2748 tantam
963 2713 1232 2748 simulationem
1260 2713 1505 2755 dissimulare,
1532 2719 1663 2747 tantam
1691 2713 1888 2758 perniciem
1915 2714 2113 2748 conniven-

242 2775 340 2811 tibus
359 2777 477 2813 oculis
496 2780 731 2825 pertransire.
749 2780 869 2814 Nolite
888 2780 955 2814 bec
972 2780 1078 2815 vobis
1094 2792 1177 2815 esse
1195 2780 1392 2827 incognita,
1411 2792 1482 2826 que
1493 2781 1567 2825 jam
1584 2779 1696 2826 vulgo
1715 2786 1750 2813 et
1768 2791 1894 2826 parum
1910 2780 2111 2814 scientibus

242 2850 328 2877 suut
345 2851 480 2890 aperta.
503 2845 575 2879 Sed
594 2845 661 2880 hec
686 2846 861 2881 hactenus
885 2847 930 2881 ad
955 2854 1110 2881 vestram
1138 2847 1174 2880 in
1199 2847 1264 2880 hac
1290 2853 1390 2893 parte
1417 2846 1644 2893 prudentiam
1670 2846 1893 2880 excitandam
1919 2847 2109 2881 sufficiant.

330 2910 433 2944 Nunc
459 2918 577 2946 autem
598 2912 643 2946 ad
663 2919 783 2947 vestre
804 2920 954 2960 paterne
978 2914 1123 2960 pietatis
1148 2913 1374 2948 clementiam
1402 2919 1633 2947 recurrentes
1658 2913 1743 2947 totis
1764 2912 1958 2946 desideriis
1979 2913 2110 2947 obnixe

242 2975 412 3011 duximus
452 2978 749 3025 supplicandum,
793 2981 964 3026 quatinus
1013 2981 1184 3027 prefatam
1230 2979 1615 3015 excommunicationis
1657 2979 1872 3013 sententiam
1917 2979 2107 3013 invalidam
