2580 3528
232 403 330 445 1264]
572 413 620 435 AB
653 412 760 435 xxxo
793 412 872 435 uec
905 411 1038 440 usqua
1071 411 1120 433 An
1156 411 1387 434 miturrux
1423 412 1463 433 1v
1498 413 1586 434 aizo.
1623 413 1759 435 rnxxc.
2041 405 2105 438 437

230 529 343 568 395.
371 538 503 566 Urbanus
519 539 565 566 IV
573 538 738 565 doctoribus
753 539 782 564 in
797 538 911 565 arcibus
932 539 1058 565 Parisiis
1073 539 1237 574 regentibus
1252 537 1374 565 mandat
1396 541 1427 563 ut
1449 537 1616 572 magistrum
1636 537 1800 564 Gualternm
1820 538 1856 564 de
1878 539 1995 564 Vnt-erin
2011 548 2107 565 eorum

317 588 469 623 consortio,
487 596 543 624 quo
556 591 621 614 erat
632 588 772 624 privatus,
787 588 952 614 restituant.
1329 590 1332 596 “

1260 646 1336 676 7204,
1351 646 1440 671 uranii
1449 645 1495 675 28,
1510 646 1580 678 apud
1592 644 1680 671 Urbem
1697 646 1820 671 Veterem.

314 721 507 756 Universis
532 721 746 755 doctoribus
771 721 932 756 Parisius
952 721 989 754 in
1010 720 1149 755 artibus
1168 720 1396 766 regentibus.
1420 720 1569 754 Sincere
1590 719 1798 753 devotionis
1822 719 1972 752 affectus
1999 731 2104 764 quem

226 788 272 822 ad
297 788 532 835 apostolicam
560 788 684 822 sedem
707 794 742 821 et
762 800 955 834 personam
977 795 1137 822 nostram
1159 787 1288 834 geritis
1309 799 1377 821 nos
1397 787 1538 820 inducit
1562 793 1601 820 ut
1624 786 1744 820 securi
1771 786 1876 820 vobis
1902 786 2106 831 precamina

227 855 443 901 dirigamus.
467 855 560 889 Sane
581 854 715 888 dilecto
736 854 812 888 filio
834 855 1008 901 magistro
1029 854 1204 889 Gualtero
1226 854 1270 887 de
1291 854 1475 895 Vaceria¹,
1497 853 1631 886 clerico
1651 852 1911 886 Ambianensis
1932 853 2105 894 diocesis,

226 921 476 956 intelleximus
509 922 705 963 referente,
736 921 835 967 quod
863 933 930 955 vos
964 921 1100 955 dudum
1131 921 1392 967 pretendentes
1421 920 1519 966 quod
1550 920 1646 953 idem
1681 919 1877 953 Gualterus
1911 919 2104 953 consilium

226 988 374 1035 prebuit
398 995 434 1022 et
457 989 615 1022 savorem
641 988 797 1022 Johanni
823 988 920 1022 dicto
947 987 1161 1034 Frequestel
1185 987 1320 1021 clerico
1345 994 1385 1020 ut
1408 987 1445 1020 in
1469 987 1563 1020 dicta
1588 986 1732 1020 civitate
1758 986 1795 1019 in
1819 985 1959 1019 artibus
1985 986 2108 1020 cathe-

226 1055 328 1089 dram
348 1054 583 1089 illicentiatus
603 1055 820 1088 ascenderet
839 1054 1098 1101 magistralem,
1121 1054 1297 1100 quosdam
1319 1054 1363 1087 de
1383 1060 1506 1087 vestro
1531 1053 1690 1099 collegio
1711 1053 1754 1086 ad
1776 1053 2033 1099 inquirendum
2060 1053 2106 1086 de

225 1121 438 1168 hujusmodi
459 1133 613 1156 excessu
634 1128 670 1156 et
690 1121 792 1155 illum
813 1122 1038 1168 puniendum
1060 1121 1227 1166 elegistis
1242 1122 1344 1166 juxta
1364 1127 1486 1155 vestre
1506 1119 1648 1153 libitum
1670 1119 1880 1161 voluntatis,
1897 1121 2106 1165 juramento

225 1188 465 1235 corporaliter
484 1189 637 1234 prestito
659 1189 913 1234 promittentes
933 1200 1079 1222 servare
1096 1188 1270 1234 quicquid
1292 1187 1531 1233 inquisitores
1551 1187 1761 1232 hujusmodi
1781 1198 1893 1232 super
1914 1186 2105 1232 premissis

225 1261 428 1290 statuerent
447 1262 483 1289 et
502 1267 639 1301 cogere
659 1255 744 1288 illos
765 1255 827 1300 qui
848 1267 892 1288 ex
913 1261 998 1288 tunc
1019 1255 1056 1288 in
1076 1254 1216 1288 artibus
1237 1266 1367 1300 regere
1388 1254 1549 1287 Parisius
1571 1254 1774 1299 inciperent
1799 1253 1843 1286 ad
1869 1253 2103 1299 prestandum

225 1321 345 1356 simile
364 1323 627 1367 juramentum,
654 1333 694 1355 ac
719 1321 830 1354 iidem
852 1321 1091 1367 inquisitores
1111 1322 1320 1366 juramento
1342 1320 1769 1366 prestitojpromittentes
1794 1332 1905 1366 super
1930 1320 2105 1365 predictis

223 1388 319 1423 bona
347 1388 418 1422 fide
444 1388 631 1434 inquirere
651 1388 839 1422 veritatem
863 1399 871 1421 ε
895 1388 1050 1421 eundem
1072 1387 1285 1422 Gualterum
1307 1394 1430 1421 vestro
1455 1387 1642 1420 consortio
1669 1398 1785 1431 usque
1811 1386 1855 1420 ad
1881 1387 2104 1427 octennium,

220 1462 258 1490 et
281 1455 314 1490 si
337 1455 462 1489 forsan
482 1455 579 1488 idem
601 1466 676 1488 non
697 1454 870 1488 toleraret
890 1454 1090 1496 humiliter,
1112 1461 1290 1500 perpetuo
1311 1454 1559 1499 privaverunt,
1580 1460 1729 1498 propter
1750 1453 1848 1498 quod
1874 1465 1939 1486 vos
1961 1466 2041 1486 eum
2068 1454 2104 1486 in

220 1533 383 1561 vestrum
413 1526 639 1561 consortium
671 1526 862 1559 admittere
889 1525 1094 1571 denegatis.
1123 1527 1243 1569 Quare
1268 1525 1364 1558 idem
1391 1524 1589 1558 Gualterus
1614 1524 1722 1557 nobis
1750 1524 1936 1558 humiliter
1965 1512 2113 1570 suppli-v

218 1593 326 1636 cavit,
354 1599 395 1627 ut
419 1605 501 1627 cum
530 1593 609 1639 ipse
637 1605 702 1639 per
728 1604 793 1626 sex
819 1604 935 1626 annos
953 1599 999 1626 'et
1025 1592 1181 1638 amplius
1207 1592 1245 1625 in
1273 1592 1380 1625 dictis
1405 1591 1545 1625 artibus
1572 1591 1707 1624 rexerit
1733 1597 1769 1624 et
1796 1590 1913 1624 adhuc
1941 1591 2105 1624 intendat

219 1659 382 1694 Parisius
411 1671 555 1706 regere,
583 1659 778 1706 providere
800 1671 912 1705 super
936 1658 1005 1693 hoc
1026 1659 1059 1693 ei
1081 1666 1229 1705 paterna
1250 1658 1442 1692 clementia
1464 1658 1713 1704 dignaremus.
1739 1658 1830 1692 Cum
1852 1658 1964 1703 igitur
1985 1658 2104 1691 dictus

220 1726 419 1762 Gualterus
452 1727 594 1773 paterni
627 1726 762 1760 favoris
795 1726 947 1772 gratiam
982 1726 1141 1772 experiri
1180 1732 1363 1759 mereatur
1401 1737 1444 1759 ex
1483 1737 1526 1758 eo
1563 1725 1662 1770 quod
1696 1724 1890 1758 laudabilis
1925 1725 2104 1771 propositi

220 1793 397 1828 desiderii
430 1793 576 1828 inhians
609 1805 676 1840 pro
712 1793 885 1827 thesauro
920 1793 1074 1827 scientie
1104 1792 1305 1827 obtinendo
1341 1804 1381 1826 se
1414 1792 1553 1838 vigiliis
1583 1798 1619 1825 et
1647 1791 1836 1825 laboribus
1867 1792 2036 1838 exposuit
2070 1798 2105 1825 et

219 1859 337 1895 adhuc
365 1860 484 1894 anelat
506 1872 704 1907 exponere,
726 1867 836 1906 prout
854 1860 970 1894 relatu
989 1860 1198 1906 accepimus
1219 1859 1420 1906 fidedigno,
1442 1871 1582 1904 vosque
1603 1865 1752 1904 propter
1777 1858 1845 1892 hoc
1871 1859 1951 1904 ejus
1977 1859 2013 1891 in
2038 1858 2104 1892 hac

220 1934 322 1974 parte
356 1927 585 1974 propositum
619 1927 743 1962 favore
777 1926 950 1962 benivolo
980 1927 1155 1974 prosequi
1184 1926 1387 1973 cupiamus,
1417 1925 1691 1960 universitatem
1725 1931 1880 1971 vestram
1917 1937 2103 1971 rogamus,

220 2006 414 2028 monemus
447 2001 484 2028 et
520 1993 708 2028 hortamur
744 2000 879 2028 attente
918 2005 984 2040 per
1021 1993 1220 2040 apostolica
1259 1992 1365 2028 vobis
1403 1993 1537 2039 scripta
1575 1992 1789 2026 mandantes
1828 1992 1998 2037 quatinus
2037 2004 2103 2038 pro

220 2060 421 2107 apostolice
445 2061 546 2095 sedis
571 2067 607 2095 et
631 2067 756 2095 nostra
777 2061 981 2095 reverentia
1002 2061 1137 2094 dictum
1160 2060 1373 2094 Gualterum
1394 2066 1517 2094 vestro
1537 2059 1724 2093 consortio
1744 2059 1945 2092 restituatis
1971 2065 2005 2092 et
2030 2071 2103 2105 quo

220 2127 266 2162 ad
286 2139 368 2161 eum
387 2128 634 2174 juramentum
655 2134 691 2162 et
710 2127 993 2174 promissionem
1014 2127 1227 2173 hujusmodi
1247 2126 1418 2161 relaxetis
1438 2139 1456 2160 a
1477 2125 1612 2172 quibus
1632 2138 1698 2159 vos
1719 2126 1930 2159 auctoritate
1952 2138 2103 2171 presen-

222 2194 310 2228 tium
332 2193 503 2228 duximus
527 2193 786 2228 absolvendos.
810 2194 986 2240 Alioquin
1006 2193 1151 2228 dilectis
1172 2193 1258 2227 filiis
1279 2193 1465 2240 magistris
1485 2192 1641 2227 Johanni
1662 2192 1849 2238 preposito
1876 2192 2030 2226 ecclesie
2057 2192 2101 2225 de

221 2259 430 2295 Trohalten.
466 2261 711 2295 Tornacensis
745 2261 919 2303 diocesis,
955 2267 991 2294 et
1024 2260 1170 2295 Oddoni
1206 2261 1251 2294 de
1281 2261 1412 2294 Sancto
1442 2259 1647 2300 Dionisio¹,
1679 2259 1854 2292 canonico
1890 2258 2100 2300 parisiensi,

221 2326 359 2361 nostris
383 2327 511 2361 damus
535 2326 668 2361 litteris
693 2326 731 2360 in
756 2327 948 2370 mandatis,
975 2333 1015 2361 ut
1038 2327 1241 2373 predictum
1267 2326 1481 2361 Gualterum
1507 2325 1694 2359 consortio
1719 2310 1954 2358 restituentes
1981 2325 2100 2358 eidem

221 2393 353 2428 saciant
373 2405 454 2427 eum
476 2393 572 2427 sicut
591 2405 703 2427 unum
725 2405 769 2427 ex
787 2392 894 2428 vobis
914 2400 1093 2439 tamquam
1116 2393 1329 2439 magistrum
1353 2399 1389 2426 et
1408 2393 1548 2426 socium
1571 2392 1606 2425 in
1627 2391 1899 2437 magistralibus
1920 2391 2045 2425 haberi
2066 2398 2102 2425 et

222 2460 378 2502 tractari,
395 2472 435 2494 ac
451 2472 517 2494 vos
537 2472 556 2494 a
577 2459 741 2506 predicto
757 2461 965 2506 juramento
987 2466 1022 2494 et
1042 2460 1288 2506 promissione
1309 2459 1520 2493 auctoritate
1542 2465 1665 2492 nostra
1686 2458 1877 2492 denuntiet
1895 2457 2098 2491 absolutos.

221 2526 520 2562 Contradictores
562 2526 774 2561 auctoritate
817 2533 941 2560 nostra
985 2526 1121 2573 prefata
1160 2525 1404 2572 appellatione
1447 2525 1649 2572 postposita
1692 2524 1973 2570 compescendo.
2019 2525 2099 2558 Non

221 2593 388 2629 obstante
409 2594 441 2628 si
461 2593 569 2628 alicui
589 2606 608 2628 a
630 2593 718 2628 sede
739 2593 787 2627 sit
806 2592 987 2627 indultum
1010 2593 1185 2640 predicta,
1207 2592 1306 2639 quod
1327 2591 1505 2639 suspendi
1524 2591 1582 2626 vel
1603 2590 1785 2633 interdici,
1807 2598 1868 2625 aut
1892 2603 2100 2625 excommu-

220 2660 347 2703 nicari,
367 2666 431 2696 etc.
454 2661 532 2695 Dat.
555 2660 650 2707 apud
671 2660 806 2695 Urbem
827 2661 996 2695 Veterem
1016 2672 1039 2694 v
1059 2659 1129 2694 kal.
1151 2659 1303 2706 Aprilis,
1323 2671 1419 2693 anno
1440 2658 1560 2693 tertio.

315 2758 378 2791 ¹¹⁰3·
394 2758 452 2782 vn.
470 2757 571 2783 Urbani
586 2758 620 2782 tv
638 2765 681 2782 an.
702 2759 717 2782 3
737 2759 776 2789 (11⁰
795 2759 845 2788 29),
860 2766 902 2790 ep.
919 2758 964 2782 528
981 2758 1055 2788 (³⁴9).
1072 2757 1118 2782 sol.
1141 2757 1195 2782 1³9.
1211 2757 1241 2782 ln
1256 2756 1376 2789 margine
1391 2755 1490 2789 legitur
1509 2763 1515 2780 τ
1532 2764 1545 2780 ι
1563 2755 1599 2780 De
1613 2755 1724 2779 con-ilio
1739 2755 1906 2779 dominorum
1922 2773 1939 2780 ..
1955 2755 2097 2780 'ru-cultu.

219 2805 247 2827 et
262 2820 278 2827 ..
295 2802 420 2827 Sabinou.
436 2802 623 2835 episcoporum
638 2805 664 2827 et
679 2802 802 2835 Symonin
817 2802 888 2827 tituli
903 2803 998 2827 Sancte
1010 2801 1107 2827 Ceeitie
1121 2801 1270 2834 pmbyteri
1285 2801 1430 2826 cardin-lio
1445 2809 1468 2826 i».

315 2886 338 2911 1.
354 2887 394 2912 Cf.
410 2894 493 2920 nupta
507 2891 538 2911 n⁴²
551 2888 606 2912 87³.
616 2900 649 2906 —
662 2887 686 2911 2.
702 2887 749 2911 An.
766 2887 828 2911 1279
841 2890 903 2919 pout
917 2889 1028 2911 mortam
1043 2886 1172 2919 Stephani
1186 2885 1213 2910 in
1227 2885 1383 2918 episcopum
1394 2885 1570 2910 Pari-ionum
1580 2892 1596 2909 n
1605 2884 1723 2917 capitulo
1733 2884 1831 2908 electu·
1846 2887 1895 2912 ent,
1912 2893 1924 2907 ι
1939 2883 2098 2916 quibusdam

220 2937 253 2955 ex
265 2930 383 2964 capitulo
397 2930 483 2964 tpntn-
497 2931 606 2956 eccle-ie
616 2939 644 2956 κ
656 2931 852 2964 opponentibus·
866 2931 988 2956 electioni
1002 2930 1120 2964 predicte
1135 2939 1157 2955 υ.
1172 2931 1235 2963 Reg.
1252 2931 1310 2955 Vnt.
1325 2929 1427 2954 Nicolui
1442 2930 1479 2954 ΙΙΙ
1495 2930 1534 2960 (12⁰
1548 2930 1597 2959 Ιιο),
1613 2937 1646 2953 an
1656 2930 1679 2957 3,
1695 2937 1737 2961 ep.
1754 2929 1792 2952 5¹.
1805 2928 1862 2953 Odo
1871 2931 1932 2952 anto
1946 2928 2098 2952 electionem

220 2974 248 2999 in
262 2975 413 3008 pue-entia
427 2975 613 3000 canonicorum
628 2976 652 3000 ei
667 2975 868 3000 adhaerentium
882 2975 947 3000 haec
962 2975 1043 3000 verba
1056 2975 1202 3008 protuli-n
1216 2974 1314 2999 dicitur
1329 2982 1334 2999 :
1352 2983 1364 2998 ι
1385 2974 1432 2999 Isti
1453 2973 1553 2998 domini
1573 2973 1770 2997 honoraverunt
1783 2981 1834 3002 me,
1854 2972 1885 2996 de
1901 2981 1952 3004 quo
1968 2971 2099 3004 regi-atior
