2580 3528
271 411 369 453 1256]
615 420 664 444 AB
696 420 803 443 anno
836 420 916 445 nce
948 420 1080 450 usque
1114 421 1164 443 Αι)
1198 421 1428 444 ΡιιιιιΡΡυιι
1462 421 1503 444 ιν
1536 422 1625 444 aas.
1661 422 1798 445 smne.
2075 415 2141 449 305

267 495 399 530 fratres
419 500 546 529 essent
563 493 609 529 ad
628 493 839 528 societatem
860 494 1117 540 magistrorum
1143 501 1179 527 et
1203 494 1398 528 scolarium
1421 494 1639 528 secularium
1661 495 1908 541 receptibiles,
1930 504 2028 530 esset
2048 497 2140 531 diffi-

268 561 399 603 nitum,
433 567 470 595 et
501 561 604 607 ipsos
636 560 874 600 absolverint,
903 560 1067 606 alioquin
1095 561 1258 595 mittetur
1285 573 1304 594 a
1332 560 1506 594 fratribus
1539 561 1583 594 ad
1617 573 1743 607 papam
1777 574 1888 607 super
1920 562 2139 597 relaxatione

267 627 423 674 predicti
437 627 648 673 juramenti.
665 627 710 661 Et
724 626 869 660 interim
889 627 1055 673 magistri
1075 634 1112 661 et
1131 627 1292 661 scolares
1313 627 1498 661 seculares
1519 627 1680 661 scolares
1700 628 1848 661 fratrum
1870 640 1943 661 non
1965 629 2143 674 recipient

267 698 419 740 ‘propter
432 693 586 739 perjurii
604 693 820 739 periculum.
838 694 982 728 Fratres
1002 693 1266 729 abrenunciant
1283 693 1454 728 omnibus
1474 694 1606 727 litteris
1627 694 1828 740 impetratis
1849 701 1884 728 et
1903 695 2140 740 impetrandis

267 765 392 795 c‘ontra
411 760 590 806 premissa
609 772 628 794 a
647 771 688 794 se
707 759 766 794 vel
786 771 1006 806 quocunque
1025 760 1111 802 alio,
1128 767 1164 794 et
1178 760 1366 794 concessis
1386 767 1422 794 et
1440 761 1688 794 concedendis
1704 760 1775 794 sibi
1791 767 1827 795 et
1845 761 1905 795 alii
1922 762 2140 807 cuicunque,

267 833 306 860 et.
329 826 580 872 procurabunt
604 826 691 860 dicti
717 827 860 868 fratres,
886 827 985 872 quod
1015 827 1196 861 sententie
1225 827 1394 873 quedam,
1421 839 1491 873 que
1516 827 1688 861 dicuntur
1711 827 1781 861 late
1806 834 1931 861 contra
1955 828 2140 862 seculares

266 905 342 928 non
362 893 583 939 recipientes
603 893 766 935 eosdem,
788 893 1101 939 qualitercumque
1121 894 1257 928 fuerint
1276 894 1360 936 late,
1382 893 1600 927 relaxentur.
1625 895 1767 928 Fratres
1788 893 1832 927 ab
1852 894 1933 928 aliis
1953 895 2140 941 religiosis

267 966 304 994 et
321 959 509 994 canonicis
529 961 639 994 Beate
654 960 821 1006 Virginis
841 959 1056 1006 regentibus
1077 960 1191 1006 recipi
1211 967 1397 1006 poterunt,
1413 967 1449 994 et
1469 972 1488 994 e
1509 972 1688 995 converso
1709 973 1774 1006 pro
1800 973 1866 994 sue
1886 961 1991 995 libito
2011 961 2141 995 volun-

266 1026 364 1068 tatis,
384 1038 465 1060 cum
485 1026 530 1060 ad
549 1026 668 1060 dictos
692 1026 877 1060 seculares
902 1026 1015 1060 nichil
1040 1027 1230 1072 pertineat.
1254 1028 1398 1061 Fratres
1422 1039 1489 1060 nec
1514 1039 1580 1073 per
1604 1039 1644 1061 se
1671 1039 1738 1060 nec
1763 1039 1829 1073 per
1848 1027 1939 1061 alios
1960 1028 2142 1062 vexabunt

267 1104 335 1127 nec
359 1093 481 1127 vexari
508 1092 756 1139 procurabunt
781 1093 937 1138 aliquam
963 1105 1157 1139 personam
1183 1093 1407 1139 singularem
1433 1094 1511 1127 sive
1531 1093 1812 1128 Universitatem
1840 1095 2032 1128 occasione
2058 1107 2141 1141 pre-

266 1159 363 1193 dicte
391 1160 469 1194 sive
499 1159 743 1205 predictarum
772 1160 1060 1200 contentionum,
1091 1160 1168 1194 sive
1197 1160 1351 1205 alicujus
1383 1159 1625 1206 dependentis
1654 1159 1698 1194 ab
1728 1161 1880 1194 eisdem.
1916 1162 1987 1194 Ista
2021 1168 2139 1195 autem

265 1226 447 1272 separatio
481 1226 661 1259 dictorum
688 1226 837 1260 fratrum
866 1238 938 1271 quo
967 1226 1012 1260 ad
1042 1226 1268 1260 scolasticam
1296 1227 1507 1260 societatem
1537 1233 1573 1260 et
1600 1226 1779 1260 dictorum
1814 1227 2070 1272 magistrorum
2106 1235 2142 1262 et

265 1291 460 1326 scolarium
488 1291 707 1332 secularium
751 1298 827 1326 acta
854 1298 909 1326 est
934 1303 1000 1337 pro
1026 1277 1360 1345 bongaepacissslion
1385 1299 1534 1338 propter
1557 1292 1640 1332 hoc,
1661 1293 1759 1338 quod
1780 1293 1918 1339 aliquid
1942 1294 2141 1339 reprehen-

265 1358 383 1392 sionis
409 1358 447 1392 in
471 1357 644 1392 fratribus
665 1370 684 1392 a
704 1357 812 1391 nohis
837 1358 885 1392 sit
903 1358 1090 1392 inventum
1116 1370 1183 1392 nec
1209 1359 1315 1392 etiam
1342 1359 1571 1404 inquisitum.
1598 1360 1671 1392 Nec
1695 1359 1896 1405 impedient
1922 1361 2087 1405 magistri
2107 1367 2143 1394 et

264 1424 426 1459 scolares
453 1424 638 1458 seculares
665 1424 858 1458 occasione
885 1424 1132 1458 contentionis
1157 1431 1254 1458 mote
1278 1425 1450 1470 aliquem,
1475 1437 1521 1458 ne
1548 1431 1605 1458 eat
1624 1425 1668 1458 ad
1689 1425 1957 1471 predicationcs
1976 1427 2138 1469 fratrum,

263 1490 323 1526 vel
342 1491 380 1524 in
399 1491 508 1525 domo
529 1502 595 1524 sua
615 1490 726 1536 eligat
745 1490 982 1536 sepulturam,
1005 1502 1072 1524 nec
1092 1491 1191 1524 aliud
1211 1490 1444 1524 inhonestum
1466 1498 1591 1524 contra
1611 1491 1740 1525 fratres
1761 1492 2024 1537 attemptabunt
2043 1505 2050 1526 ε
2074 1505 2140 1527 nec

263 1557 394 1592 fratres
419 1557 457 1591 in
477 1557 775 1591 confessionibus
800 1557 858 1591 vel
881 1557 952 1591 alio
978 1557 1087 1591 modo
1114 1563 1240 1590 contra
1267 1557 1428 1591 scolares
1456 1569 1521 1590 seu
1552 1558 1748 1603 magistros
1775 1558 1960 1592 seculares
1990 1565 2141 1604 attemp-

263 1622 392 1658 tabunt
417 1623 476 1658 vel
505 1629 716 1670 attemptare
745 1623 994 1669 procurabunt
1019 1623 1157 1669 aliquid
1185 1623 1316 1657 durum
1341 1623 1399 1657 vel
1425 1623 1530 1657 etiam
1561 1623 1795 1657 inhonestum
1823 1625 2015 1658 occasione
2044 1631 2140 1659 mote

263 1689 524 1732 contentionis,
550 1701 619 1724 nec
644 1689 749 1723 etiam
774 1696 939 1724 avertent
957 1702 977 1724 a
997 1689 1225 1724 secularibus
1253 1690 1453 1732 auditores,
1474 1702 1541 1723 nec
1562 1690 1747 1724 seculares
1768 1690 1812 1723 ab
1833 1691 1936 1736 ipsis.
1959 1692 2033 1725 Nos
2053 1703 2140 1726 vero

263 1755 309 1791 ad
335 1756 548 1802 petitionem
576 1755 756 1790 dictorum
786 1756 920 1802 prioris
941 1763 978 1790 et
996 1756 1160 1798 fratrum,
1184 1763 1220 1790 et
1238 1757 1345 1790 etiam
1371 1756 1416 1790 ad
1443 1756 1655 1802 petitionem
1679 1757 1917 1802 quorumdam
1946 1757 2139 1791 scolarium

263 1821 308 1858 ab
325 1822 571 1857 Universitate
591 1828 628 1856 et
645 1834 664 1856 a
684 1822 894 1856 nationibus
915 1823 1172 1857 universorum
1194 1822 1388 1857 scolarium
1410 1823 1670 1857 Parisiensium
1691 1823 1734 1856 ad
1756 1824 1992 1865 tractandum,
2015 1836 2141 1870 prose-

262 1889 462 1935 quendum,
484 1889 754 1936 disponendum
775 1889 891 1923 libere
912 1901 1024 1935 super
1043 1896 1138 1923 statu
1159 1889 1271 1923 studii
1296 1890 1515 1923 Parisiensis
1536 1896 1572 1923 et
1592 1902 1703 1936 super
1723 1889 1807 1931 hiis,
1826 1890 1871 1923 de
1891 1890 2025 1935 quibus
2046 1891 2141 1925 inter

262 1955 382 1990 dictos
406 1955 568 1990 scolares
595 1962 632 1990 et
656 1955 842 2002 predictos
867 1956 1025 2002 priorem
1052 1963 1088 1990 et
1110 1956 1240 1990 fratres
1266 1955 1556 1990 contendebatur
1583 1957 1878 1998 constitutorum,
1905 1957 2138 2002 presentibus

261 2021 394 2062 litteris
418 2022 541 2068 sigilla
559 2029 683 2056 nostra
708 2023 946 2068 apposuimus
967 2023 1005 2056 in
1026 2023 1273 2057 testimonium
1295 2029 1331 2056 et
1350 2022 1463 2057 robur
1483 2029 1658 2069 perpetue
1678 2023 1869 2057 firmitatis.
1892 2024 2022 2058 Actum
2043 2036 2137 2058 anno

262 2088 408 2123 Domini
427 2088 624 2124 millesimo
645 2089 897 2123 ducentesimo
919 2089 1225 2136 quinquagesimo
1246 2090 1388 2135 quinto,
1410 2090 1524 2135 prima
1545 2089 1604 2123 die
1625 2090 1777 2124 Marfii'.

355 2166 492 2200 Originnle
509 2168 538 2192 ἰιι
556 2168 634 2193 Areh.
649 2171 704 2193 nat.
719 2169 805 2194 Puris.
822 2169 855 2194 Μ.
871 2169 927 2198 87²³,
944 2173 973 2193 n⁰
991 2170 1031 2194 41.
1047 2170 1085 2194 Ex
1104 2173 1218 2202 quatuor
1242 2169 1339 2202 sigillis
1366 2169 1448 2194 cereis
1473 2169 1594 2193 taeniolis
1615 2170 1791 2193 membraneis
1811 2170 1936 2202 appensis
1957 2174 2039 2194 restat
2058 2171 2135 2194 unius

261 2213 440 2248 fragmentum
459 2212 538 2237 viridi
556 2213 664 2243 coloris,
685 2216 711 2238 et
730 2213 784 2238 trie.
803 2213 926 2238 tneniola
942 2214 1095 2238 Pertinebet
1117 2214 1151 2238 nd
1174 2214 1251 2238 Arcb.
1268 2214 1390 2238 Univere.
1405 2227 1437 2232 —-
1451 2214 1519 2238 Bibl.
1536 2214 1636 2246 colleg.
1657 2214 1734 2246 corp.
1752 2214 1850 2238 Christi
1875 2215 1998 2243 Oxonine,
2020 2223 2070 2239 ms.
2090 2216 2136 2239 283

259 2255 338 2293 (neec.
354 2256 432 2288 xm),
448 2256 494 2280 fol.
510 2257 564 2281 156.
583 2256 651 2281 Bibl.
673 2257 827 2290 Plullnppe
821 2265 847 2281 ιιι
862 2257 1044 2286 Cheltenbem,
1066 2266 1114 2282 me.
1134 2259 1188 2287 876,
1209 2258 1256 2283 fol.
1275 2258 1331 2282 61⁵.
1352 2258 1430 2282 Deest
1449 2258 1475 2282 in
1495 2258 1558 2282 Cod.
1579 2258 1636 2282 Vnt.
1658 2259 1720 2290 Reg.
1741 2272 1772 2276 —
1790 2258 1858 2282 Bibl.
1880 2258 1991 2290 Collegit
2010 2259 2134 2291 Corporis

259 2292 978 2333 Chri-nteanubrigine,m·.107.Bu1'aeu·.111,296.

353 2366 376 2391 ¹l.
392 2366 430 2391 Ex
444 2359 514 2391 libro
528 2366 697 2398 Reaenwm
714 2367 915 2393 Visitatwnum
935 2368 1059 2399 archiep.
1076 2367 1244 2400 Rothomaq.
1263 2368 1312 2399 (od.
1331 2367 1442 2397 Bonnin,
1458 2377 1484 2400 p.
1503 2368 1558 2400 2110)
1577 2367 1659 2400 liquet
1680 2367 1796 2392 Odonem
1817 2376 1832 2391 n
1851 2369 1881 2392 25
1904 2368 1979 2392 Febr.
1997 2377 2080 2401 usque
2099 2369 2132 2393 od

258 2411 274 2447 ξ
292 2410 381 2439 Eat-tii
404 2410 514 2436 Peri-iio
533 2411 625 2436 fuine.
646 2411 698 2436 letae
718 2411 768 2436 fuit
787 2411 891 2436 celeber
912 2411 968 2436 Odo
991 2411 1106 2444 Rigaldi,
1128 2411 1192 2436 Ord.
1215 2412 1287 2441 Min..
1310 2412 1355 2444 qui
1378 2415 1438 2436 ante
1459 2411 1612 2436 electionem
1631 2412 1664 2435 ad
1679 2412 1774 2436 eodem
1797 2412 2049 2445 archiepiscopalem
2071 2417 2130 2438 actu

258 2454 368 2487 regebat
382 2454 408 2479 in
424 2455 714 2494 theologica-facultate
728 2455 847 2480 Pari-ti..
869 2456 908 2480 Cf.
924 2463 1007 2488 cupre
1026 2460 1055 2480 n⁰
1071 2456 1125 2485 178,
1145 2459 1207 2480 note
1221 2458 1244 2480 Ιι.
1264 2470 1295 2475 -
1314 2458 1336 2480 2.
1358 2456 1393 2480 De
1413 2456 1464 2480 inm
1483 2455 1673 2488 compositione
1692 2456 1809 2488 loquitur
1828 2456 1906 2480 utinm
1926 2456 2083 2482 Guillelmue
2099 2458 2131 2482 do

258 2498 285 2523 S.
301 2499 396 2523 Amore
411 2499 437 2523 in
453 2499 508 2524 nui·
523 2499 773 2531 Respomionibus,
788 2507 851 2532 opp.
865 2500 905 2525 ed.
922 2499 1100 2530 Constantine,
1115 2509 1142 2532 p.
1157 2501 1188 2524 94
1203 2508 1242 2532 eq.

257 2663 371 2704 289.
393 2674 562 2702 Alexander
583 2675 780 2712 IV-praecn'pit
799 2675 960 2711 Reginaldo
982 2675 1115 2713 episcopo
1129 2675 1292 2702 Parisierm·
1305 2684 1402 2703 omnes
1421 2675 1709 2704 excommunicandos
1729 2677 1891 2712 magistros,
1913 2678 1964 2714 qui
1981 2677 2128 2705 scholares

345 2724 471 2759 fratrum
490 2723 730 2760 Praedicatorun}
745 2727 773 2751 et
791 2726 901 2760 fratres
921 2725 999 2762 iprae
1019 2723 1150 2751 lectionis
1165 2727 1193 2751 et
1207 2723 1415 2761 disputationis
1430 2728 1555 2762 tempore
1573 2733 1644 2751 uuae
1657 2725 1772 2752 scholas
1788 2726 1897 2753 intrare
1912 2730 1939 2753 et
1954 2726 2016 2753 alia
2030 2729 2128 2762 sacer-e

345 2775 593 2809 nonpermmunae.
1486 2810 1564 2840 12⁵0
1577 2810 1667 2838 uma·
1675 2811 1701 2841 3.
1716 2810 1842 2839 taut-ant.

346 2880 552 2935 Alexander
572 2883 769 2937 episcopus
789 2895 919 2918 servus
939 2895 1127 2919 servorum
1145 2883 1212 2918 Dei
1231 2882 1431 2917 venerabili
1451 2884 1551 2918 fratri
1574 2910 1581 2917 .
1589 2885 1792 2931 ‚episcopo
1814 2885 2009 2919 Parisiensi
2031 2885 2126 2919 salu-

257 2927 328 2981 tem
352 2953 389 2982 et
415 2948 650 2994 apostolicam
680 2948 986 2985 benedictionem.
1016 2951 1068 2984 De
1095 2949 1314 2997 quibusdam
1339 2950 1524 2997 magistris
1549 2957 1585 2985 et
1610 2950 1814 2986 scolaribus
1836 2963 1876 2985 ac
1898 2951 2126 2986 auditoribus

382 3005 2004 3033 Chare.vnaeo.1³aris.1.³⁹
