2618 3640
1000 415 1293 437 INTRODUCTIO.
2012 416 2110 437 xxvu

325 496 403 531 Jam
430 492 616 541 magistros
644 495 812 539 quattuor
842 490 1127 538 disciplinarum,
1154 489 1191 525 id
1212 494 1266 526 est
1291 489 1521 538 Theologiae,
1548 489 1872 537 Jurisprudentiae,
1894 490 2108 532 Medicinae,

226 565 454 613 Artiumque,
475 563 667 600 consilium
683 563 864 598 ineundae
884 561 1152 598 communitatis
1176 561 1374 609 suscepisse
1391 565 1426 596 et
1446 561 1619 608 paulatim
1637 564 1803 609 quattuor
1821 561 2020 596 Facultates
2042 561 2113 597 sor-

227 637 377 674 mavisse
401 635 693 672 memoravimus.
718 636 814 670 Inter
833 645 922 682 quas
943 632 1202 669 celeberrimae
1230 633 1376 669 saeculo
1395 633 1462 668 XII
1484 632 1574 668 sicut
1601 632 1745 668 saeculo
1775 633 1876 675 XIII,
1895 632 2111 680 Theologiae

227 712 335 757 atque
357 707 498 744 Artium
513 706 745 754 disciplinae;
771 709 922 753 utraque
946 704 991 740 ab
1006 704 1208 740 Abaelardo
1224 716 1357 740 novum
1380 703 1580 751 impulsum
1601 707 1801 751 acceperat,
1820 703 1991 739 methodo
2017 704 2109 750 ejus,

228 784 267 816 ut
286 791 394 827 supra
411 778 565 815 vidimus
591 777 641 825 (p.
660 778 752 823 xw),
770 776 876 812 latius
898 775 1111 812 introducta.
1141 777 1182 810 In
1201 787 1310 823 opere
1329 775 1426 822 quod
1454 790 1468 808 «
1497 775 1555 811 Sic
1576 778 1611 810 et
1636 787 1710 811 non
1733 791 1745 807 »
1768 774 1988 818 inscribitur,
2008 774 2042 809 in
2070 787 2113 811 eo

227 850 390 888 consistit
411 849 603 886 Abaelardi
623 849 815 885 methodus
841 851 880 883 ut
900 847 1129 884 auctoritates
1149 859 1192 883 ex
1208 858 1308 883 sacra
1334 847 1509 894 scriptura
1529 850 1564 882 et
1583 846 1775 882 traditione
1796 846 1991 894 permultas
2008 858 2114 882 accu-

228 921 343 958 mulet
364 922 409 957 de
431 920 593 969 quolibet
611 923 823 968 argumento
843 930 910 966 pro
931 922 966 954 et
983 924 1113 954 contra.
1142 919 1246 960 Quod
1265 919 1396 954 ardens
1424 918 1485 954 ille
1511 918 1682 966 magister
1705 929 1892 966 aggressus
1915 921 1967 953 est
1986 928 2060 952 non
2077 920 2115 952 ut

227 993 456 1030 auctoritates
475 992 700 1028 dissonantes
720 991 828 1038 ipsas,
847 994 885 1026 ut
900 990 1004 1038 vulgo
1021 990 1164 1032 dicitur,
1187 994 1269 1026 ante
1283 989 1408 1026 oculos
1424 989 1652 1025 studentibus
1664 993 1892 1031 monstraret,
1912 989 1975 1024 sed
1993 993 2029 1024 ut
2046 989 2114 1024 hae

237 1068 414 1101 «teneros
436 1063 589 1099 lectores
610 1062 654 1098 ad
677 1062 876 1098 maximum
898 1061 1134 1109 inquirendae
1158 1061 1312 1097 veritatis
1340 1061 1551 1097 exercitium
1569 1065 1802 1108 provocarent
1827 1064 1862 1096 et
1880 1060 2058 1096 acutiores
2074 1071 2116 1095 ex

229 1135 462 1183 inquisitione
489 1132 704 1170 redderent⁴
728 1148 742 1167 n
757 1161 765 1169 .
784 1132 993 1169 Lectoribus
1013 1147 1026 1165 (ι
1045 1132 1367 1169 controversiarum
1393 1132 1522 1169 solutio
1542 1147 1556 1165 υ
1579 1136 1705 1180 sponte
1732 1132 1947 1168 invenienda
1968 1135 2056 1173 erat,
2081 1134 2117 1167 et

230 1207 305 1255 ipse
325 1218 389 1255 per
404 1206 545 1254 regulas
566 1205 603 1240 in
620 1205 772 1252 Prologo
789 1205 907 1252 operis
921 1204 1109 1240 memorati
1127 1204 1260 1251 positas
1276 1204 1356 1240 illos
1373 1204 1575 1251 adjuvabat.
1597 1205 1697 1239 Hanc
1710 1203 1926 1240 methodum
1942 1203 1986 1239 ab
2000 1202 2118 1239 Abae-

231 1279 331 1315 lardo
352 1278 595 1313 introductam
617 1288 695 1312 esse
721 1280 756 1311 et
775 1279 902 1324 postea
923 1287 1111 1322 nunquam
1129 1287 1148 1311 e
1166 1275 1299 1311 scholis
1322 1275 1507 1322 expulsam
1528 1276 1678 1311 mininie
1700 1276 1737 1311 in
1762 1275 1914 1311 dubium
1934 1274 2118 1311 revocabit

231 1349 453 1397 quicumque
486 1359 594 1396 opera
623 1351 706 1383 ante
732 1347 977 1383 Abaelardum
1003 1346 1150 1382 condita
1178 1358 1262 1383 cum
1291 1346 1461 1394 operibus
1489 1346 1763 1394 posterioribus,
1794 1346 2006 1394 praesertim
2034 1357 2117 1382 cum

232 1419 498 1465 Quaestionibus
522 1422 556 1455 et
583 1418 887 1466 Disputatz‘om'bus
915 1418 1168 1466 magistrorum
1194 1429 1392 1465 eorumque
1419 1417 1575 1453 Summis
1604 1418 1875 1465 comparaverit,
1908 1429 2116 1465 quanquam

230 1491 394 1528 doctrina
410 1502 501 1539 quae
519 1490 710 1526 Abaelardi
725 1494 800 1526 erat
816 1493 897 1537 post
913 1489 1185 1525 damnationem
1205 1489 1281 1537 ejus
1303 1489 1448 1525 ultimos
1470 1489 1627 1525 fautores
1647 1490 1742 1525 circa
1760 1489 1920 1525 medium
1940 1501 2032 1525 saec.
2052 1491 2116 1524 XII

230 1562 371 1599 habuit.
400 1561 592 1599 Methodus
614 1561 805 1597 Abaelardi
826 1561 863 1597 iu
883 1561 946 1597 illo
971 1561 1078 1597 etiam
1099 1572 1208 1608 opere
1223 1561 1321 1608 quod
1346 1561 1383 1596 in
1403 1561 1536 1597 scholis
1560 1561 1778 1609 Theologiae
1798 1561 1898 1608 quasi
1920 1564 2035 1596 textus
2054 1572 2119 1608 per

230 1634 368 1682 aliquot
390 1633 535 1670 saecula
551 1632 790 1669 adhibebatur
806 1636 978 1680 usurpata
995 1636 1060 1677 est,
1084 1632 1239 1668 dicimus
1261 1633 1464 1669 Sementiua
1486 1633 1644 1680 magistri
1667 1633 1762 1668 Petri
1784 1632 1990 1676 Lombardi,
2015 1632 2118 1679 enjus

232 1705 395 1743 doctrina
409 1705 445 1741 in
459 1705 675 1753 quibusdam
696 1717 741 1740 ex
759 1703 959 1740 Abaelardo
986 1704 1179 1752 pendebat.
1206 1704 1308 1740 Illam
1331 1704 1436 1741 etiam
1462 1704 1596 1741 redolet
1616 1704 1891 1741 celeberrimum
1914 1716 2004 1752 opus
2020 1704 2119 1751 quod

232 1777 438 1813 scholarum
453 1776 544 1825 juris
559 1775 723 1812 canonici
736 1775 838 1823 quasi
853 1776 1002 1812 materia
1017 1776 1191 1824 regnavit,
1207 1776 1278 1812 hoe
1293 1780 1346 1812 est
1357 1777 1549 1812 Decretum
1566 1776 1737 1818 Gratiani,
1754 1776 1851 1823 quod
1867 1788 1945 1811 esse
1963 1775 2119 1812 debebat

233 1863 251 1882 ι(
269 1848 460 1885 concordia
476 1847 759 1884 discordantium
775 1846 993 1884 canonum².
1014 1863 1028 1880 υ
1051 1847 1155 1890 Quod
1171 1860 1217 1884 ne
1234 1847 1388 1892 mireris,
1414 1859 1496 1884 cum
1513 1851 1675 1895 tempore
1699 1847 1853 1884 Gratiani
1873 1859 1982 1895 opera
2001 1847 2120 1883 Abae-

232 1919 322 1956 lardi
342 1919 524 1956 Bononiae
540 1919 648 1955 etiam
668 1919 758 1955 lecta
777 1919 861 1964 sint,
878 1922 918 1954 ut
931 1918 1011 1954 fuse
1031 1923 1178 1967 apparet
1198 1931 1241 1955 ex
1257 1919 1451 1956 Sententiis
1471 1919 1726 1967 magistrorum
1741 1919 1917 1955 Rolandi³
1935 1922 1969 1954 et
1986 1921 2120 1955 Omne—

233 1991 327 2028 bene
339 1990 367 2027 ⁴.

333 2062 426 2098 Huic
443 2062 580 2098 formae
595 2062 774 2106 exteriori,
794 2066 832 2098 ut
849 2062 898 2098 ita
916 2062 1095 2107 dicamus,
1117 2062 1232 2098 forma
1246 2062 1396 2099 interior
1412 2074 1485 2098 non
1499 2063 1619 2099 deerat
1629 2076 1637 2106 3
1658 2062 1854 2098 methodus
1871 2062 1967 2098 enim
1984 2062 2120 2098 dialec-

233 2134 303 2170 tica
326 2133 371 2170 ab
390 2133 608 2177 Abaelardo,
634 2133 663 2169 si
683 2145 756 2169 non
772 2133 975 2170 introducta
995 2137 1059 2178 est,
1084 2133 1211 2170 saltem
1232 2146 1343 2170 novas
1364 2134 1614 2181 maximasque
1631 2134 1720 2170 vires
1735 2133 1894 2181 accepit;
1914 2133 1974 2181 qui
1997 2145 2119 2182 quan-

233 2217 342 2253 quam
358 2205 558 2253 Analytica‚
576 2205 708 2253 Topica
722 2209 757 2241 et
775 2205 955 2241 Elenehos
971 2205 1169 2241 Aristotelis
1188 2205 1386 2253 ignorabat,
1411 2206 1447 2241 in
1473 2205 1655 2242 tradendis
1671 2209 1792 2241 tamen
1808 2205 1966 2241 scientiis
1981 2209 2015 2241 et
2031 2217 2119 2253 pro—

233 2276 397 2324 fligandis
411 2276 643 2324 opinionibus
656 2275 822 2320 aliorum,
840 2277 1027 2324 principiis
1042 2281 1076 2313 et
1094 2277 1267 2313 methodo
1284 2277 1321 2312 in
1338 2277 1410 2313 istis
1430 2277 1569 2324 scriptis
1583 2276 1627 2313 ab
1644 2277 1831 2313 Aristotele
1847 2277 2016 2325 expositis
2036 2289 2118 2312 usus

234 2351 300 2383 est.
326 2349 519 2395 Postquam
546 2351 666 2383 autem
690 2347 880 2395 indagante
902 2348 1067 2384 Johanne
1093 2348 1375 2384 Saresberiensi⁵
1398 2348 1570 2396 praedicti
1598 2348 1679 2384 libri
1703 2348 1740 2383 in
1763 2360 1867 2383 usum
1892 2347 2116 2384 studentium

232 2422 418 2462 venerant,
433 2419 510 2466 jam
530 2418 600 2454 dici
619 2419 733 2466 potuit
753 2430 760 2453 :

864 2479 954 2504 Omnis
968 2479 1029 2504 hinc
1044 2479 1200 2510 excluditur,
1214 2480 1300 2504 omnis
1314 2482 1354 2505 est
1368 2480 1487 2512 abjectus

865 2524 916 2552 Qui
931 2532 981 2549 non
991 2524 1144 2549 Aristotelis
1157 2525 1226 2549 venit
1238 2525 1319 2549 armis
1333 2526 1418 2549 tectus
1425 2526 1445 2547 6.

234 2587 515 2635 Praeparabatur
529 2591 615 2625 tuuc
630 2588 685 2624 via
699 2588 743 2624 ad
760 2587 1060 2624 Aristotelismum
1077 2587 1212 2624 sacculi
1229 2588 1425 2635 sequentis.

327 2693 349 2718 1.
368 2693 407 2718 ct.
424 2694 565 2725 Proloqus
581 2694 607 2718 in
625 2694 672 2719 Sic
688 2699 714 2719 et
730 2701 797 2723 non,
816 2694 843 2718 in
863 2695 1006 2725 ouvrages
1023 2694 1098 2719 ine'd.
1116 2693 1274 2725 fflAbeZard,
1292 2693 1332 2718 ed.
1349 2695 1463 2723 Cousnv,
1478 2702 1503 2726 p.
1524 2694 1566 2724 16;
1586 2702 1610 2726 p.
1631 2693 1700 2722 1319,
1717 2694 1756 2718 ed.
1774 2694 1880 2718 ann.

326 2737 351 2762 2.
369 2738 430 2762 vid.
447 2746 468 2762 c.
487 2738 511 2762 6.
529 2738 560 2763 D.
577 2739 662 2763 XXII.

325 2782 349 2806 3.
367 2781 416 2806 Ms.
435 2782 507 2806 Ceut.
525 2782 569 2811 111,
587 2783 626 2807 77.
645 2782 714 2807 Bibl.
732 2782 811 2808 Urbis
827 2782 1023 2814 Norimbergae,
1042 2782 1086 2807 sol.
1106 2782 1220 2808 144-178.

285 2849 287 2851 ,
325 2826 349 2850 4.
367 2826 416 2850 Ms.
435 2826 533 2851 Monac.
552 2827 597 2852 lat.
616 2827 701 2856 19134,
719 2835 743 2860 p.
764 2827 875 2852 148-228.
896 2827 960 2852 Vide
976 2827 1008 2852 de
1024 2827 1082 2852 istis
1099 2827 1225 2852 Damna
1244 2827 1270 2852 in
1288 2828 1401 2852 Archiv.
1418 2830 1438 2859 f.
1451 2828 1692 2853 Liueracur-und
1710 2828 1974 2859 Kirchenqesclz.,1‚
1992 2827 2039 2852 434
2049 2835 2115 2859 sqq..

231 2869 279 2894 615
295 2877 351 2902 sqq.

327 2915 351 2939 5.
368 2915 422 2939 Hos
434 2915 515 2940 libros
528 2915 554 2940 in
570 2923 616 2940 suo
630 2916 807 2948 Metaloqico‚
822 2916 839 2942 l.
855 2916 879 2946 3,
895 2925 919 2949 p.
942 2917 987 2942 134
999 2924 1056 2949 sqq.
1073 2916 1123 2949 (ed.
1139 2917 1244 2947 GuAEs),
1259 2917 1378 2950 explicat.
1397 2917 1436 2942 Ct'.
1452 2918 1484 2942 ad
1504 2918 1551 2941 hoe
1564 2918 1809 2947 ὃυιηΑκευωιυη,
1827 2918 1971 2942 Jotzannes
1988 2918 2116 2941 Sur-escae-

233 2959 338 2985 riensis
348 2959 471 2991 (Leipzig,
488 2959 568 2990 1862),
583 2968 608 2992 p.
623 2961 655 2985 69
669 2968 737 2993 sqq„
753 2960 800 2986 232
815 2969 872 2993 sqq.

327 3002 352 3027 6.
369 3002 556 3028 Gonornsnus
570 3011 605 3028 DF.
619 3005 646 3030 S.
662 3005 796 3035 VlcToRE,
810 3006 882 3031 Fons
892 3006 1095 3036 philosophiae,
1108 3005 1148 3030 ed.
1165 3006 1295 3036 Cinium,
1308 3014 1333 3038 p.
1348 3006 1388 3031 35.
