2580 3528
458 402 524 435 326
1035 410 1358 433 CHARTULARIUM
1395 410 1587 433 umvnns.
1624 411 1754 434 PAals.
2235 402 2336 443 [1256

458 485 610 519 redeant
643 491 866 525 reverenter,
903 484 1001 517 omni
1035 484 1208 518 dilatione
1243 490 1279 517 et
1311 484 1502 517 occasione
1537 496 1602 517 seu
1635 484 1878 530 appellatione
1909 484 2153 527 cessantibus,
2185 485 2230 519 de
2259 491 2334 520 toto

458 564 575 598 regno
602 552 753 585 Francie
781 550 988 596 propellere
1014 563 1087 584 non
1112 551 1268 584 omittas.
1296 550 1485 584 vellemus
1511 551 1555 583 ad
1579 550 1659 592 hec,
1686 551 1718 584 si
1748 557 1808 584 tue
1835 551 2045 585 celsitudini
2070 552 2271 594 videretur,
2295 558 2336 586 ut

459 619 577 652 dictos
598 618 841 652 Guillermum
871 617 915 650 de
944 618 1074 651 Sancto
1094 618 1229 650 Amore
1255 623 1290 650 et
1314 616 1575 658 Christianum,
1601 617 1663 661 qui
1688 624 1774 650 sunt
1798 618 1836 650 in
1861 618 2099 663 perversitate
2123 618 2334 664 hujusmodi

459 685 634 730 potiores,
657 685 796 717 faceres
822 695 938 728 usque
959 683 1003 716 ad
1024 683 1291 728 beneplacitum
1318 689 1483 716 nostrum
1505 683 1542 715 in
1563 694 1707 716 carcere
1729 683 1898 725 detineri,
1920 690 2062 718 ceteros
2083 684 2128 718 de
2149 685 2335 730 magistris

458 758 495 785 et
528 751 732 785 scolaribus
771 750 989 795 supradictis
1029 750 1165 795 prefate
1204 749 1446 782 ordinationis
1485 755 1610 782 nostre
1642 755 1678 782 et
1710 750 1875 794 ejusdem
1910 750 2022 784 studii
2054 750 2261 785 turbatores
2293 763 2334 785 ac

457 819 606 852 fratrum
634 818 797 862 ipsorum
824 823 1014 850 vexatores
1041 815 1229 861 improbos
1261 822 1296 848 et
1324 816 1471 860 iniquos
1501 822 1561 848 tua
1588 816 1795 861 prepotenti
1820 816 1980 859 dextera,
2005 824 2115 863 prout
2139 817 2205 851 tibi
2233 818 2335 852 vide-

458 884 570 926 bitur,
605 883 822 923 coercendo,
859 890 896 915 ut
930 883 1093 927 ipsorum
1129 882 1253 927 punita
1288 881 1494 926 malignitas
1532 881 1624 915 alios
1652 882 1781 915 doceat
1809 883 1931 928 quiete
1957 883 2080 917 vivere
2114 890 2151 918 et
2178 884 2334 918 ecclesie

459 953 618 984 Romane
639 950 825 983 humiliter
841 949 1008 987 obedire;
1028 961 1155 994 preces
1177 955 1321 981 nostras
1341 948 1378 981 in
1395 948 1460 981 hac
1482 955 1582 993 parte
1602 949 1655 982 sic
1677 948 1870 982 efficaciter
1885 949 2115 995 impleturus,
2133 951 2232 995 quod
2252 963 2334 992 nos,

458 1018 519 1062 qui
548 1029 608 1049 eas
637 1016 701 1049 tibi
730 1028 772 1049 ex
799 1016 921 1048 cordis
951 1015 1081 1048 affectu
1112 1015 1319 1060 dirigimus,
1347 1015 1422 1048 voti
1457 1015 1573 1048 nostri
1600 1015 1866 1060 plenitudinem
1901 1017 2102 1059 consecuti,
2133 1017 2218 1059 tuis,
2253 1029 2334 1051 cum

457 1090 703 1128 opportunum
724 1082 845 1123 fuerit,
868 1081 1043 1114 libentius
1064 1093 1278 1115 annuamus.
1302 1083 1380 1114 Dat.
1402 1081 1570 1127 Anagnie
1590 1094 1612 1115 v
1633 1081 1702 1115 kal.
1725 1082 1825 1124 Julii,
1846 1082 2078 1127 pontificatus
2103 1083 2219 1116 nostri
2240 1095 2334 1117 anno

459 1150 635 1183 secundo.

551 1248 686 1279 Originnle
704 1247 730 1270 in
747 1247 822 1271 Arch.
845 1250 898 1270 nat.
915 1246 1000 1271 Paris.
1016 1247 1044 1270 L.
1065 1247 1118 1275 250,
1135 1251 1164 1269 n⁰
1183 1247 1221 1270 97.
1245 1240 1394 1277 Supersunt
1411 1246 1455 1270 filu
1476 1246 1587 1270 cannah.
1602 1260 1634 1264 —
1650 1247 1815 1271 Cartalaire
1834 1247 1879 1271 des
1897 1247 2076 1271 Dominicains
2091 1247 2118 1271 in
2137 1248 2213 1272 Arch.
2231 1227 2334 1280 depini-t.

457 1293 488 1315 de
504 1293 530 1315 la
545 1292 690 1320 Ceto-d'0r‚
707 1292 737 1315 Η.
755 1292 808 1319 221,
831 1292 875 1315 fol.
893 1291 947 1315 78¹².
969 1291 1033 1315 Cod.
1053 1291 1195 1323 privilegia
1215 1291 1278 1315 Ord.
1299 1291 1361 1314 Min.
1385 1291 1520 1314 continens
1543 1294 1569 1314 et
1589 1291 1623 1314 ad
1645 1291 1708 1315 Ord.
1726 1291 1867 1315 Servorum
1889 1292 1987 1316 Mariae
2008 1289 2143 1324 pertinens
2166 1294 2243 1323 (saec.
2259 1293 2361 1335 ΧΠ)..

456 1337 580 1365 Bulaeus,
598 1338 643 1363 111.
660 1338 715 1360 306.

554 1422 575 1444 1.
593 1421 654 1445 Or.:
673 1429 685 1444 «
699 1421 793 1452 sydum
806 1429 827 1444 u.
845 1434 872 1438 —
889 1421 911 1444 2.
929 1420 1016 1451 Supra
1030 1424 1069 1443 11⁰¹
1084 1421 1138 1448 280,
1150 1420 1204 1443 281.

460 1601 572 1638 283.
595 1609 763 1636 Alexander
782 1610 826 1635 IV
840 1612 923 1643 rogat
944 1608 1084 1634 decanum
1105 1612 1132 1634 et
1151 1608 1310 1644 capitulum
1334 1608 1501 1635 Parisiense
1517 1613 1547 1635 ut
1561 1610 1698 1635 Ioannem
1719 1613 1747 1636 et
1763 1610 1904 1644 Roget-um
1925 1613 1953 1635 et
1966 1609 2098 1636 Blasium
2117 1613 2234 1646 nepotes
2255 1618 2332 1645 suot,

549 1658 712 1695 disciplinis
727 1657 910 1684 scholasticis
925 1657 1051 1683 Parisiis
1072 1661 1231 1692 vacaturos,
1254 1658 1283 1683 in
1303 1657 1434 1683 domibus
1455 1657 1664 1684 claustralibus
1687 1658 1827 1684 ecclesiae
1847 1658 2025 1685 Parisiensis
2045 1659 2153 1685 morari
2169 1658 2332 1696 patiantur.

1683 1748 1759 1777 1256,
1774 1747 1844 1774 dum'i
1853 1748 1899 1777 29,
1914 1748 2049 1781 Anqqniae.

548 1821 756 1854 Alexander
784 1821 980 1866 episcopus
1013 1832 1142 1854 servus
1174 1832 1363 1854 servorum
1396 1821 1463 1853 Dei
1498 1820 1641 1854 dilectis
1668 1820 1754 1854 filiis
1777 1847 1798 1854 ..
1823 1821 1959 1854 decano
1988 1828 2024 1854 et
2051 1821 2209 1867 capitulo
2236 1821 2335 1855 Pari-

460 1888 576 1921 siensi
605 1887 756 1921 salutem
788 1894 824 1920 et
849 1887 1083 1932 apostolicam
1110 1886 1416 1920 benedictionem.
1440 1887 1531 1921 Cum
1557 1887 1711 1920 dilectos
1736 1887 1832 1920 filios
1852 1887 2066 1929 Johannem,
2089 1889 2272 1933 Rogerum
2300 1893 2336 1922 et

462 1955 621 1988 Blasium
643 1961 795 1999 nepotes
817 1961 851 1987 et
871 1953 1078 1999 capellanos
1104 1960 1251 1987 nostros
1277 1954 1438 1987 Parisius
1463 1954 1674 1987 duxerimus
1700 1954 1938 1988 destinandos
1966 1954 2171 1999 disciplinis
2198 1953 2334 1988 ibidem

460 2021 663 2054 scolasticis
701 2027 907 2062 vacaturos,
949 2020 1178 2053 attendentes
1218 2020 1315 2065 quod
1353 2032 1396 2053 ex
1435 2020 1713 2054 conversatione
1755 2020 1935 2053 bonorum
1979 2032 2120 2053 morum
2159 2021 2335 2054 formatur

459 2087 645 2129 honestas,
672 2100 711 2120 ac
737 2094 885 2132 propter
910 2086 978 2120 hoc
1006 2099 1132 2120 eorum
1157 2086 1382 2132 profectibus
1408 2087 1594 2132 expedire,
1616 2086 1715 2132 quod
1739 2083 1852 2120 iidem¹
1870 2087 1907 2119 in
1927 2086 2009 2120 loco
2035 2093 2223 2120 morentur
2247 2099 2334 2120 con·-

459 2166 553 2199 gruo
588 2161 624 2187 et
656 2166 735 2187 cum
772 2154 941 2199 personis
975 2160 1240 2187 conversentur
1273 2153 1439 2187 honestis
1467 2165 1473 2186 :
1506 2154 1779 2187 universitatem
1810 2159 1965 2187 vestram
2002 2153 2171 2186 duximus
2200 2159 2334 2187 attente

460 2221 657 2266 rogandam
686 2232 751 2265 per
780 2220 979 2265 apostolica
1005 2219 1110 2253 vobis
1139 2220 1270 2265 scripta
1299 2220 1525 2262 mandantes,
1552 2220 1722 2265 quatinus
1749 2220 1850 2265 ipsos
1878 2232 1958 2253 cuin
1985 2231 2111 2253 eorum
2139 2219 2272 2253 familia
2296 2219 2334 2254 in

459 2287 630 2320 domibus
651 2287 798 2320 claustri
816 2286 972 2319 ecclesie
988 2293 1109 2320 vestre
1130 2287 1262 2320 morari
1284 2299 1349 2331 pro
1371 2287 1579 2320 reverencia
1601 2293 1725 2320 nostra
1741 2286 1939 2332 benignius
1956 2286 2184 2332 permittatis,
2201 2292 2334 2320 statuto

459 2354 660 2396 contrario,
696 2354 793 2399 quod
828 2353 962 2386 habere
997 2353 1159 2386 dicimini
1194 2355 1400 2398 juramento
1440 2353 1637 2395 firmatum,
1673 2365 1718 2387 ne
1754 2354 1835 2399 quis
1870 2353 1941 2387 nisi
1975 2353 2171 2386 canonicus
2204 2353 2263 2387 vel
2295 2353 2334 2386 in

460 2421 630 2466 expensis
659 2421 824 2454 canonici
853 2421 890 2453 in
918 2420 1088 2453 domibus
1118 2420 1209 2465 ipsis
1237 2432 1383 2453 manere
1410 2420 1538 2462 valeat,
1570 2433 1643 2453 non
1673 2420 1852 2454 obstante.
1881 2421 2013 2453 Preces
2043 2426 2187 2453 nostras
2216 2419 2334 2454 taliter

460 2488 657 2532 impleturi,
685 2488 783 2532 quod
810 2494 930 2521 vestra
957 2487 1088 2520 exinde
1116 2487 1235 2532 possit
1262 2487 1413 2520 devocio
1441 2487 1570 2520 merito
1602 2487 1861 2520 commendari.
1893 2488 1971 2520 Dat.
2000 2486 2167 2532 Anagnie
2193 2486 2231 2531 iij
2262 2485 2331 2519 kal.

460 2555 559 2596 Julii,
583 2554 812 2599 pontificatus
834 2554 950 2587 nostri
971 2566 1065 2587 anno
1087 2554 1262 2587 seeundo.

556 2652 698 2682 Maynum
717 2652 866 2677 Pastorale
886 2652 911 2674 in
932 2652 1008 2675 Arch.
1030 2655 1082 2675 nat.
1106 2652 1189 2676 Paris,
1210 2652 1258 2676 LL.
1281 2652 1334 2680 175,
1350 2661 1377 2683 p.
1398 2653 1451 2675 567.
1472 2666 1504 2670 --
1523 2651 1646 2680 Bulaeus,
1667 2652 1713 2680 ΠΙ,
1734 2652 1788 2675 307.
1809 2651 1885 2683 Apud
1905 2651 1934 2675 R.
1956 2651 1987 2674 de
2007 2650 2149 2682 Lusteyrie,
2172 2650 2334 2675 Cartulaire

461 2696 576 2726 ye'neral
590 2698 622 2720 de
637 2696 730 2725 Paris,
747 2697 766 2722 Ι,
783 2697 836 2724 368,
853 2700 881 2719 n⁰
896 2697 950 2724 424,
966 2696 1030 2720 haec
1046 2696 1158 2728 epistola
1173 2705 1313 2728 perperam
1329 2697 1475 2720 Alexandro
1490 2696 1525 2719 111
1542 2695 1684 2719 ascribitur
1699 2699 1724 2719 et
1739 2696 1780 2719 ud.
1798 2703 1839 2719 an.
1855 2704 1866 2718 «
1881 2695 1950 2723 1161,
1967 2696 1997 2718 29
2011 2694 2064 2718 mai
2080 2703 2091 2717 n
2107 2696 2228 2718 refertur.
