2580 3528
468 413 534 445 392
1054 420 1374 444 cuxarcLAnit‘M
1409 418 1602 440 UMVERS.
1639 417 1768 439 Panis.
2251 407 2352 448 [1259

470 496 715 541 predictorum
736 497 989 541 magistrorum
1009 502 1043 528 ct
1059 495 1252 527 scolarium
1276 493 1423 525 studeas
1442 491 1640 537 publicare.
1664 492 1742 524 Dat.
1760 491 1928 537 Anagnie
1948 491 1981 537 vj
2005 491 2074 524 kal.
2091 491 2191 533 Julii,
2209 491 2351 537 pontifi-

470 570 572 596 catus
589 563 705 595 nostri
723 575 816 595 anno
848 562 987 607 quinto.

564 661 640 684 Arch.
658 664 709 684 nat.
727 661 810 684 Paris.
828 661 854 683 L.
873 661 926 687 253,
943 664 971 682 n⁰
987 661 1040 686 245,
1055 659 1152 682 inserta
1175 658 1270 681 litteris
1286 657 1424 688 Reginuldi
1447 652 1566 688 episc'opi
1581 656 1666 680 Paris.
1682 655 1744 679 anni
1759 657 1829 684 1259,
1846 656 1916 680 infra
1931 660 1960 679 n⁰
1975 657 2028 679 354.
2045 670 2076 674 —
2089 655 2231 687 Maynum
2254 657 2352 681 Chart.

469 705 534 730 eccl.
549 706 645 730 Paris.
660 705 685 728 in
701 706 791 728 eodem
807 704 884 729 Arch.
901 705 948 727 LL.
969 704 1022 730 183,
1040 704 1083 726 rol.
1102 703 1155 726 186.
1168 702 1222 726 Cod
1238 703 1378 725 Rutenens.
1395 701 1505 724 constit.
1523 701 1586 725 Ord.
1603 701 1708 729 Praed.,
1723 709 1750 732 p.
1766 701 1812 724 259
1827 700 1849 732 (tt
1866 699 1919 724 kat.
1935 701 1989 724 Jul.
2003 700 2036 731 υ).
2049 701 2156 725 cartul.
2173 701 2219 724 des
2234 700 2353 724 Domini-

470 750 543 773 cuins
559 750 584 773 in
600 750 676 773 Arch.
693 750 794 780 depart.
807 749 838 771 de
853 749 877 771 la
894 748 1043 776 Ceto-d'Or,
1061 748 1091 770 ΙΙ.
1108 747 1162 775 221,
1180 747 1223 770 sol.
1241 747 1279 769 84.
1295 760 1326 763 —
1339 746 1463 774 Bulaeus,
1479 746 1526 775 111,
1544 746 1597 769 351.

566 835 587 857 1.
608 835 676 857 «an
692 842 703 855 »
724 842 775 856 om.
791 833 923 857 vidimus.
939 846 969 849 —
984 833 1006 855 2.
1024 832 1062 855 Cf.
1079 839 1160 862 supra
1180 835 1209 854 n⁰
1225 832 1278 854 288.
1294 844 1326 848 ·—-
1340 831 1362 854 3.
1380 830 1456 853 Haud
1479 830 1558 854 dubie
1579 833 1642 854 tunc
1665 829 1792 862 temporis
1815 838 1908 853 versus
1931 833 2025 861 poetae
2049 830 2181 854 Rutebeut'
2198 830 2254 861 jam
2278 833 2355 854 erunt

471 879 534 901 noti.
558 878 620 901 Vide
644 878 757 902 OEuvres
777 877 888 907 compl.,
909 885 958 907 par
973 877 1001 900 Α.
1018 876 1134 903 Jubinaly
1152 876 1171 903 1y
1188 876 1231 898 151
1249 883 1255 898 z
1274 886 1281 895 ι
1300 875 1335 898 De
1350 875 1376 898 la
1391 875 1521 898 Deseorde
1544 875 1575 898 de
1596 874 1766 899 l'Universite
1786 877 1812 898 et
1826 875 1872 898 des
1896 874 2021 898 Jacobins
2038 882 2064 902 »;
2079 883 2107 906 p.
2124 875 2151 898 71
2169 882 2175 898 ι
2194 874 2237 898 «Li
2254 874 2300 898 niz
2321 875 2354 898 de

472 922 579 945 maistre
601 922 749 946 Guillaume
771 922 802 944 de
817 923 841 946 S.
860 922 956 944 Amour
973 928 998 947 »ς
1021 929 1047 951 p.
1065 921 1093 943 78
1110 927 1115 943 t
1135 928 1146 942 tt
1162 920 1198 943 La
1213 919 1373 951 complainte
1392 919 1500 943 maistre
1525 919 1675 943 Guilluume
1691 927 1714 943 ».
1735 919 1774 943 Cf.
1790 919 1855 942 ibid.
1871 928 1898 950 p.
1915 919 1970 948 155,
1986 919 2040 948 158,
2057 919 2111 947 170,
2128 919 2183 943 175.
2208 919 2279 943 Hist.
2301 919 2353 944 lin.

470 968 504 990 de
517 968 543 991 Ia
558 968 675 994 France,
693 967 743 994 XX,
761 966 805 989 719
821 974 878 997 sqq.
894 979 924 983 —
939 967 961 988 [a.
984 965 1066 996 April.
1087 966 1110 987 6.
1131 978 1162 982 -—-
1177 967 1199 987 5.
1216 964 1345 992 Quisnam
1362 964 1441 987 suerit
1462 964 1512 987 iste
1535 964 1652 991 libellus,
1674 972 1724 987 non
1747 967 1787 987 eat
1812 963 1888 987 facile
1907 963 1987 987 dictu.
2002 976 2035 981 —-
2047 965 2071 987 6.
2087 963 2152 987 Vide
2173 967 2261 987 tamen
2283 963 2355 988 insi-n

472 1016 501 1034 n0
514 1013 568 1034 354.

471 1151 780 1188 343.Ale1ander
802 1160 846 1185 IV
868 1159 1016 1194 magistris
1041 1163 1069 1185 et
1092 1158 1275 1185 scholar-ibus
1300 1159 1517 1185 Parisiensibus
1537 1159 1684 1195 praecipit
1708 1162 1738 1184 ut
1761 1158 1901 1184 studeant
1923 1157 2107 1184 reconciliari
2130 1167 2192 1184 cum
2211 1157 2357 1193 fratribus

564 1209 700 1235 Ordinum
711 1208 949 1234 praedicatorum
963 1212 990 1234 et
1005 1208 1146 1234 Minor-nm
1161 1208 1281 1234 dimisso
1301 1207 1449 1234 Guillelmo
1466 1207 1501 1234 de
1518 1209 1545 1234 S.
1562 1209 1675 1243 Amore,
1689 1207 1745 1243 cui,
1758 1207 1786 1233 si
1796 1207 1983 1244 poenituerit,
1997 1216 2052 1233 non
2067 1206 2160 1233 deerit
2175 1206 2356 1243 apostolicae

560 1258 638 1284 sedis
655 1257 863 1283 misericor-dia.

1714 1302 1793 1331 1259,
1809 1301 1872 1328 dum
1885 1301 1917 1331 11,
1933 1300 2068 1334 Anagniae.

562 1377 768 1410 Alexander
785 1376 981 1422 episcopus
999 1388 1128 1410 servus
1145 1388 1336 1410 servorum
1353 1377 1419 1409 Dei
1437 1376 1581 1410 dilectis
1598 1376 1684 1409 filiis
1701 1376 1886 1422 magistris
1903 1382 1938 1409 et
1954 1375 2158 1409 scolaribus
2174 1374 2357 1408 Parisien-

473 1444 575 1477 sibus
602 1444 751 1477 salutem
785 1450 819 1476 et
839 1443 1075 1488 apostolicam
1106 1443 1413 1476 benedictionem.
1437 1443 1595 1476 Celestis
1625 1442 1777 1476 altitudo
1808 1442 1953 1475 consilii
1975 1449 2010 1475 et
2031 1442 2208 1475 immensa
2233 1441 2356 1476 divine

473 1511 649 1556 sapientie
671 1510 882 1554 magnitudo
899 1510 994 1543 inter
1009 1510 1076 1543 alia
1094 1510 1183 1542 mire
1201 1510 1456 1555 dispositionis
1474 1521 1596 1555 opera,
1615 1521 1685 1554 que
1703 1509 1972 1554 omnipotenter
1989 1509 2078 1542 dixit
2094 1515 2130 1541 et
2144 1509 2233 1541 facta
2257 1512 2356 1550 sunt,

460 1584 513 1615 ,ut
538 1590 661 1610 eorum
691 1576 839 1609 nutibus
862 1576 906 1609 ad
928 1577 1176 1622 cognitionem
1207 1576 1649 1621 comprehensionemque
1671 1575 1911 1609 invisibilium
1933 1575 2185 1608 excedentium
2211 1586 2356 1608 omnem

474 1656 623 1677 sensum
641 1643 830 1676 extolleret
845 1643 1000 1676 humane
1026 1643 1306 1688 intelligentiam
1324 1649 1497 1684 creature,
1517 1642 1700 1688 quoddam
1718 1642 1755 1675 in
1771 1641 1850 1675 celo
1867 1641 2055 1675 militantis
2077 1641 2233 1674 ecclesie
2249 1641 2359 1674 lumi-

475 1723 559 1743 nare
581 1710 781 1751 constituit,
798 1709 1017 1743 Parisiensis
1038 1709 1209 1743 videlicet
1225 1709 1337 1743 studii
1354 1709 1596 1755 disciplinam.
1612 1710 1652 1742 In
1669 1708 1807 1742 lumine
1825 1708 1971 1753 quidem
1989 1708 2106 1753 ipsius
2123 1707 2247 1741 lumen
2263 1707 2359 1741 veri-

475 1777 555 1810 tatis
577 1777 757 1822 aspiciunt
786 1777 976 1822 originalis
1011 1777 1216 1822 ignorantie
1242 1776 1406 1809 tenebris
1437 1776 1613 1809 obvoluti.
1647 1775 1724 1808 [llic
1749 1775 1919 1820 juniores
1949 1775 2195 1808 sensualitatis
2226 1773 2358 1808 obtuse

474 1857 641 1889 squamas
674 1856 736 1889 per
767 1844 970 1876 rudimenta
1008 1843 1171 1876 liberalia
1216 1850 1391 1876 exuentes
1425 1843 1470 1876 ad
1509 1849 1648 1876 secreta
1692 1842 1919 1875 sublimioris
1957 1842 2142 1887 indaginis
2181 1841 2358 1887 principia

475 1912 694 1956 diriguntur.
720 1910 772 1943 Ibi
799 1911 971 1943 doceatur
992 1917 1027 1943 et
1052 1911 1178 1943 doceat
1205 1910 1419 1955 profundam
1442 1909 1535 1955 legis
1562 1910 1684 1943 divine
1710 1909 1939 1954 prudentiam
1965 1908 2144 1950 seniores,
2172 1908 2234 1953 qui
2258 1907 2360 1941 velut

476 1978 580 2011 stelle
603 1978 638 2010 in
661 1985 853 2023 perpetuas
875 1977 1085 2010 eternitates
1108 1977 1284 2022 assumpti
1307 1977 1501 2010 inferiores
1524 1976 1655 2021 jubare
1679 1975 1872 2022 splendide
1894 1975 2139 2008 irradiationis
2160 1974 2357 2008 illustrant.

478 2046 517 2077 In
548 2044 610 2077 illo
633 2057 733 2077 sacre
759 2044 924 2077 doctrine
950 2044 1118 2089 ginnasio
1145 2044 1275 2077 celitus
1302 2043 1513 2077 distillantis
1539 2043 1652 2076 abissi
1678 2054 1768 2076 vena
1795 2042 1998 2075 scaturiens
2019 2042 2063 2074 ad
2084 2041 2358 2074 refocillandam

477 2111 572 2143 sitim
608 2111 749 2155 justitie
780 2111 815 2143 in
847 2111 981 2144 renatis
1024 2112 1106 2143 fons
1146 2111 1296 2156 limpide
1336 2110 1509 2143 claritatis
1549 2109 1734 2151 exuberat,
1771 2109 1808 2142 in
1838 2121 1910 2154 quo
1951 2109 2072 2142 divine
2109 2107 2360 2153 speculatores

476 2178 655 2223 ymaginis
694 2178 737 2210 ad
769 2178 1016 2210 reformandas
1056 2177 1285 2210 rationalium
1326 2184 1466 2210 mentes
1503 2177 1540 2209 in
1584 2177 1762 2209 sinceram
1806 2176 2002 2209 creationis
2050 2175 2360 2220 recreationisque

478 2245 632 2289 gratuite
655 2245 811 2289 speciem
836 2244 1018 2290 exemplar
1038 2245 1197 2277 increate
1215 2244 1467 2276 similitudinis
1485 2244 1683 2276 intuentur.
1696 2243 1811 2286 Quem
1830 2243 1942 2288 igitur
1958 2242 2022 2275 filii
2044 2242 2132 2275 tanti
2152 2241 2240 2274 boni
2260 2253 2362 2274 amor

479 2324 551 2344 non
581 2311 700 2352 allicit,
723 2324 828 2356 quem
862 2324 925 2356 pro
948 2311 1010 2343 illo
1038 2311 1193 2356 pervigil
1214 2323 1298 2343 cura
1325 2322 1398 2343 non
1420 2310 1503 2351 urit,
1529 2322 1636 2355 quem
1664 2322 1736 2342 non
1763 2316 1869 2355 urget
1892 2315 1927 2342 et
1947 2308 2106 2342 comedit
2130 2308 2230 2341 zelus
2256 2307 2363 2353 ejus?

479 2374 659 2418 Numquid
699 2386 770 2405 non
807 2374 842 2405 in
880 2373 1024 2418 publica
1061 2372 1249 2406 commoda
1288 2379 1448 2417 peccant,
1488 2372 1549 2417 qui
1587 2372 1721 2417 privata
1759 2371 1910 2416 quadam
1950 2370 2131 2403 simultate
2169 2369 2360 2411 divellunt,

481 2439 770 2473 dissentionibus
797 2440 976 2484 dissipant
1001 2447 1036 2472 et.
1061 2440 1295 2472 contentione
1316 2439 1484 2484 jurgiosa
1511 2438 1709 2471 dilacerant
1734 2444 1871 2471 tantum
1897 2437 2031 2471 bonum
2049 2438 2062 2470 ἶ)
2081 2438 2161 2469 Non
2186 2436 2277 2469 illud
2298 2434 2359 2469 sel.

482 2506 653 2538 memorie
685 2507 967 2550 predecessores
998 2506 1114 2539 nostri
1145 2506 1295 2538 Romani
1336 2505 1580 2550 posthabuere
1611 2504 1817 2550 pontifices,
1848 2516 1921 2537 non
1951 2510 2205 2537 antecessores
2233 2501 2360 2544 vestri,

482 2573 543 2616 qui
584 2573 740 2616 posteris
780 2572 1016 2605 emulacionis
1056 2572 1249 2605 laudabilis
1291 2571 1467 2617 prefixere
1506 2571 1661 2617 vestigia
1696 2571 1767 2604 levi
1797 2570 1963 2616 amplexu
1994 2569 2158 2614 ejusdem
2198 2567 2362 2602 muneris

483 2638 631 2682 gratiam
671 2638 841 2683 allapsam
877 2639 921 2671 de
957 2639 1104 2671 sublimi
1149 2639 1280 2672 throno
1324 2638 1540 2671 mortalibus
1584 2644 1794 2679 tenuerunt,
1830 2649 1984 2682 quorum
2028 2635 2172 2680 utrique
2216 2633 2362 2668 utilitati

486 2704 642 2748 publice,
662 2717 704 2736 ne
727 2717 789 2749 per
810 2705 984 2738 adversos
1010 2706 1159 2738 affectus
1186 2705 1309 2738 lateris
1332 2705 1596 2738 dissolveretur
1617 2704 1795 2749 partibus,
1817 2703 2066 2749 providentes,
2088 2701 2362 2735 universitatem

485 2777 639 2803 vestram
672 2771 915 2803 unanimitatis
946 2772 1090 2804 vinculo
1122 2778 1157 2804 et
1187 2772 1371 2805 societatis
1402 2771 1526 2804 sedere
1556 2777 1774 2812 nexuerunt,
1797 2770 1884 2803 sede
1915 2768 2112 2814 apostolica
2143 2767 2362 2813 privilegiis,

487 2836 725 2881 indulgentiis
761 2836 914 2881 aliisque
946 2837 1117 2870 roborum
1157 2837 1400 2870 amminiculis
1438 2836 1707 2870 communionis
1736 2843 1857 2870 vestre
1896 2835 2103 2869 stabiliente
2137 2833 2363 2867 consortium

487 2909 522 2935 et
547 2902 707 2947 egregiis
734 2902 945 2935 doctoribus
970 2915 1050 2935 cum
1077 2904 1318 2948 disciplinatis
1343 2903 1520 2949 sapientie
1546 2903 1644 2945 filiis,
1672 2915 1825 2948 quorum
1851 2914 1916 2935 vos
1942 2913 2024 2934 esse
2049 2900 2217 2934 convenit
2253 2905 2363 2933 secta-

490 2975 598 3009 tores,
618 2968 763 3001 sibimet
792 2968 969 3013 vobisque
999 2970 1339 3003 commendantibus
1370 2969 1468 3015 pacis
1498 2970 1611 3003 otium
1642 2980 1903 3014 secessumque
1938 2966 2088 3009 silentii,
2119 2967 2198 3000 sine
2229 2965 2363 3011 quibus
