2618 3640
680 429 727 451 AB
761 429 1004 451 ALEXANDRO
1040 429 1088 450 ιιι
1124 428 1257 457 USQUE
1292 429 1340 450 AD
1374 429 1514 451 ANNUM
1549 430 1638 452 Mcc.
2065 423 2105 454 15

217 505 258 537 ut
277 509 314 537 et
337 503 433 536 idem
454 503 629 548 magister
649 503 686 536 in
706 502 812 536 vobis
834 496 879 536 se*
894 502 1051 548 gaudeat
1070 503 1228 535 fraterne
1251 502 1460 536 dilectionis
1482 503 1651 536 solatium
1673 504 1860 537 invenisse
1882 511 1917 537 et
1938 517 2018 546 nos,
2041 505 2102 550 qui

218 581 284 616 pro
309 570 391 615 ipso
421 582 514 615 puro
544 570 655 603 corde
685 576 722 603 et
748 569 934 603 voluntate
964 569 1106 603 sincera
1137 570 1271 615 scripta
1300 576 1424 603 nostra
1453 570 1661 615 dirigimus,
1690 571 1921 604 devotionem
1947 578 2102 605 vestram

217 636 402 671 valeamus
431 637 470 670 in
496 637 654 670 Domino
684 637 814 670 merito
844 636 1114 670 commendare.
1143 636 1319 682 Alioquin
1349 649 1418 669 nos
1447 637 1650 670 venerabili
1680 638 1780 670 sratri
1811 645 1937 671 nostro
1966 638 2104 672 Eliensi

218 704 412 749 episcopo'
442 704 619 737 noveritis
654 704 873 749 injunxisse,
900 710 940 736 ut
968 704 1107 749 prefato
1139 703 1314 749 magistro
1345 703 1567 749 prebendam
1600 711 1636 737 et
1664 704 2008 747 archidiaconatum,
2032 718 2105 738 non

218 770 385 804 obstante
412 771 701 804 contradictione
721 771 780 804 vel
800 770 1044 816 appellatione
1070 770 1281 816 cujuslibet,
1310 771 1340 804 si
1371 771 1404 804 ei
1431 771 1475 804 de
1504 771 1677 805 canonica
1703 772 1944 805 concessione
1970 773 2106 805 consti-

218 837 302 871 terit
329 844 454 871 nostra
482 838 598 871 fretus
628 838 840 871 auctoritate
875 850 949 870 non
983 838 1126 871 differat
1159 838 1362 883 assignare,
1394 845 1430 871 et
1459 838 1564 872 saciat
1597 839 1745 884 pacifice
1780 839 1987 884 possidere,
2022 839 2106 873 illos

217 904 464 938 ecclesiastica
484 917 639 938 censura
659 904 867 950 percellens
889 905 951 950 qui
976 917 1016 938 se
1042 905 1214 938 duxerint
1238 905 1405 938 mandato
1431 912 1558 939 nostro
1585 912 1721 939 temere
1743 907 1997 952 opponendos.
2026 908 2103 940 Dat.

217 971 384 1005 Laterani
399 973 456 1017 xvj
478 971 547 1005 kal.
569 972 743 1006 Januarii.

311 1070 374 1102 Reg.
387 1070 437 1094 Vnt
447 1070 601 1094 .1nnocentii
611 1071 648 1094 111
659 1079 700 1094 an.
713 1071 735 1098 1,
748 1079 789 1102 ep.
806 1072 862 1099 465,
873 1071 916 1094 fol.
931 1070 996 1094 12612.
1009 1071 1156 1099 —Baluze‚
1173 1071 1260 1102 Epist.
1274 1071 1440 1096 Innocentiz'
1451 1071 1502 1095 HI
1513 1072 1532 1100 l,
1550 1072 1604 1100 275,
1617 1080 1659 1104 ep.
1671 1073 1726 1095 478.
1741 1072 1839 1095 Eodem
1855 1073 1932 1096 modo
1949 1072 1999 1096 sub
2013 1073 2105 1096 eadem

217 1114 344 1146 temporis
369 1118 431 1138 nota
453 1115 547 1138 scribit
565 1115 708 1138 Eustachio
728 1115 828 1139 Eliensi
848 1115 982 1147 episcopo.
1000 1115 1067 1139 Ibid.
1094 1124 1135 1147 ep.
1156 1117 1211 1139 466.
1234 1116 1263 1139 In
1285 1124 1326 1148 ep.
1343 1117 1389 1140 467
1409 1116 1577 1140 Innocentius
1597 1125 1669 1148 papa
1688 1117 1830 1140 Ricardum
1849 1125 1940 1149 regem
1959 1118 2104 1149 Anglorum

217 1159 379 1189 exhortatur,
395 1163 425 1183 ut
439 1168 508 1191 mag.
525 1160 602 1183 Petro
617 1160 649 1183 de
665 1160 788 1183 Corbolio
803 1160 837 1183 ad
852 1160 1002 1184 habendam
1015 1160 1213 1192 possessionem
1227 1161 1459 1184 archidiaconatus
1474 1161 1603 1185 auxilium
1617 1162 1752 1194 praebeat.

311 1244 334 1268 1.
355 1244 519 1269 Godesredus
539 1244 720 1276 Plantagenet.
741 1258 773 1262 —
793 1245 814 1268 2.
836 1245 988 1268 Eustachio.
1009 1245 1046 1268 De
1065 1245 1126 1273 isto,
1147 1245 1193 1277 qui
1218 1245 1281 1268 olim
1305 1245 1416 1269 Parisiis
1441 1246 1537 1269 studiis
1561 1254 1671 1278 operum
1690 1247 1779 1276 dabat,
1801 1247 1900 1279 legitur
1918 1247 1945 1271 in
1966 1247 2104 1271 Obituurio

217 1289 243 1312 S.
259 1289 372 1312 Victoris
388 1289 465 1320 (Bibl.
482 1292 536 1324 nat.
549 1289 632 1312 Paris.
650 1297 699 1312 ms.
716 1289 762 1312 lat.
780 1289 866 1318 14673,
884 1290 927 1313 sol.
945 1289 1000 1321 167)
1015 1290 1048 1313 ad
1065 1289 1082 1321 ij
1098 1298 1158 1313 non.
1177 1290 1252 1313 Febr.
1267 1298 1272 1314 2
1287 1299 1298 1313 α
1312 1291 1530 1314 Anniversarium
1546 1291 1692 1323 sollempne
1711 1292 1755 1323 pie
1775 1292 1966 1316 recordationis
1982 1292 2105 1324 magistri

218 1333 352 1357 Eustachii
367 1333 487 1365 Elyensis
502 1333 630 1365 episcopi,
646 1333 691 1365 qui
706 1333 760 1357 vita
776 1334 887 1357 celebris
903 1337 929 1357 et
944 1334 1062 1362 scientia,
1080 1338 1178 1366 quanto
1198 1343 1245 1358 nos
1262 1335 1358 1358 affectu
1378 1336 1497 1364 coluerit,
1515 1339 1540 1359 ct
1555 1336 1699 1359 laudabilis
1716 1337 1772 1368 ejus
1788 1337 1858 1360 circa
1877 1345 1925 1360 nos
1941 1337 2104 1369 aliquociens

215 1378 380 1402 conversatio
395 1381 422 1402 et
436 1378 581 1401 multorum
596 1386 806 1410 magnorumque
822 1378 1010 1402 beneficiorum
1026 1379 1134 1402 exibitio
1150 1379 1335 1411 comprobavit
1349 1388 1361 1403 i)
1377 1383 1425 1404 etc.

220 1581 296 1619 18.
318 1590 460 1617 Robertus
475 1592 509 1617 II
519 1599 612 1617 comes
630 1591 784 1617 Drocensis
805 1595 834 1618 et
851 1591 979 1618 Iolendis
999 1601 1073 1618 uxor
1092 1592 1154 1628 ejus
1170 1593 1318 1618 canonicis
1335 1594 1362 1619 S.
1384 1592 1508 1619 Tllomae
1528 1593 1564 1619 cle
1579 1594 1698 1629 Lapara
1710 1595 1911 1630 possessiones
1931 1598 1959 1620 et
1974 1595 2104 1621 redditus

304 1639 345 1666 ad
363 1641 602 1666 sustentationem
621 1644 748 1676 quatuor·
766 1641 967 1668 canonicorum
986 1650 1006 1667 a
1022 1645 1110 1678 patre
1128 1641 1252 1668 Boberto
1272 1643 1291 1667 I
1301 1642 1469 1677 assignatos
1488 1643 1566 1669 novis
1582 1642 1694 1669 additis
1714 1643 1767 1669 sub
1788 1644 1873 1670 certis
1893 1644 2104 1670 conditionibus

305 1692 449 1716 asserunt.

1465 1755 1539 1786 1198,
1556 1756 1625 1788 apud
1637 1756 1779 1782 Callinoum.

305 1842 347 1874 In
376 1841 524 1874 nomine
551 1847 675 1874 sancte
701 1847 738 1875 et
758 1841 948 1875 individue
973 1842 1175 1884 Trinitatis,
1206 1854 1323 1876 amen.
1356 1844 1434 1888 Ego
1461 1843 1657 1886 Robertus,
1679 1856 1803 1878 comes
1825 1846 2041 1890 Drogensis,
2069 1847 2105 1879 et

214 1907 354 1950 Jolenz,
384 1920 477 1942 uxor
503 1920 594 1942 mea.
626 1909 757 1942 Notum
785 1909 938 1942 facimus
964 1909 1149 1943 universis
1177 1909 1414 1955 presentibus
1442 1910 1576 1956 pariter
1603 1917 1639 1944 et
1663 1911 1796 1945 suturis
1822 1912 1933 1957 quod,
1955 1925 2036 1945 cum
2059 1913 2103 1946 de

215 1974 416 2008 elemosina
445 1975 558 2021 patris
587 1976 718 2016 nostri,
749 1976 894 2010 comitis
924 1976 1088 2019 Roberti‚
1119 1988 1275 2010 assensu
1305 1978 1430 2011 matris
1465 1984 1604 2019 nostre,
1632 1978 1801 2024 Agnetis,
1837 1980 2037 2022 comitisse,
2069 1987 2105 2014 et

215 2041 374 2075 filiorum
395 2043 476 2087 ejus
495 2042 645 2076 fratrum
667 2049 891 2085 nostrorum,
912 2043 1003 2077 sacta
1024 2050 1124 2078 esset
1143 2044 1305 2077 Parisius
1326 2045 1507 2078 institutio
1529 2052 1684 2091 quatuor
1704 2046 1961 2079 canonicorum
1984 2059 2104 2080 sacer-

215 2109 340 2143 dotum
363 2109 401 2142 in
421 2108 577 2143 ecclesia
603 2110 724 2143 Sancti
749 2109 888 2143 Thome
914 2110 960 2144 de
980 2112 1111 2153 Lovre,
1133 2118 1170 2145 et
1189 2111 1243 2144 eis
1264 2111 1301 2144 in
1323 2111 1541 2157 quibusdam
1563 2112 1662 2146 villis
1688 2125 1758 2158 que
1779 2114 1823 2146 ad
1845 2126 1912 2147 nos
1933 2114 2103 2147 devolute

215 2182 314 2218 sunt,
335 2175 598 2210 beneficiorum
620 2188 770 2210 suorum
791 2177 978 2223 perceptio
999 2178 1196 2224 assignata,
1217 2190 1286 2212 nos
1307 2179 1352 2212 de
1374 2179 1499 2212 eadem
1526 2179 1756 2213 institutione
1779 2181 1896 2226 gavisi
1921 2187 1957 2214 et
1977 2193 2102 2214 eorum

216 2243 410 2289 postmodo
437 2243 655 2277 utilitatibus
682 2243 910 2286 insistentes,
937 2245 982 2278 de
1007 2244 1176 2279 consulto
1202 2245 1370 2287 fecimus,
1394 2258 1460 2292 pro
1486 2258 1530 2279 eo
1560 2246 1659 2292 quod
1685 2247 1852 2280 redditus
1878 2247 1930 2280 illi
1957 2260 2030 2280 non
2056 2248 2103 2281 ita

215 2308 332 2342 libere
373 2309 613 2352 habebantur,
657 2311 842 2356 quomodo
885 2311 1010 2345 nullus
1054 2311 1222 2346 molestie
1266 2313 1430 2358 supersit
1466 2312 1584 2355 locus,
1624 2319 1660 2346 et
1697 2313 1741 2346 ad
1781 2314 1988 2347 reddendas
2027 2314 2102 2347 illis

216 2375 422 2422 prebendas
450 2387 535 2410 suas
562 2376 662 2410 nulla
689 2377 734 2411 de
761 2384 884 2411 cetero
910 2378 1130 2412 interveniat
1154 2379 1361 2421 difficultas,
1389 2386 1590 2413 statuentes
1614 2386 1654 2413 ut
1677 2379 1758 2412 loco
1784 2392 1910 2412 eorum
1935 2392 2005 2425 que
2031 2380 2102 2426 ipsi

215 2442 384 2476 solebant
412 2443 601 2489 percipere
635 2444 819 2478 annuatim
853 2444 1010 2478 habeant
1037 2445 1133 2491 apud
1168 2446 1308 2479 Braiam
1339 2446 1376 2479 in
1406 2446 1552 2480 censiva
1583 2446 1774 2479 domorum
1804 2446 1849 2479 de
1884 2446 2019 2492 quibus
2049 2447 2101 2481 sic

215 2509 421 2544 institutum
451 2516 508 2543 est
537 2516 576 2543 ut
608 2522 827 2557 unaqueque
862 2511 956 2545 duos
991 2512 1132 2545 solidos
1167 2512 1308 2554 reddat,
1342 2525 1388 2546 xx
1417 2512 1529 2546 libras
1565 2513 1780 2558 parisiensis
1814 2520 1973 2556 monete,
2009 2514 2101 2548 infra

215 2576 362 2611 octabas
390 2577 511 2611 Sancti
541 2577 712 2623 Remigii,
741 2578 786 2611 de
816 2578 942 2612 eadem
969 2568 1251 2624 censiva-atque
1276 2579 1358 2612 aliis
1379 2579 1553 2613 censibus
1575 2579 1714 2613 domini
1736 2580 1856 2622 Braie,
1879 2581 2100 2627 quicumque

214 2643 294 2690 ipse
322 2644 404 2686 erit,
433 2644 513 2678 sine
541 2645 640 2678 omni
668 2645 842 2678 dilatione
870 2645 1095 2687 reddendas;
1125 2658 1165 2679 ea
1185 2658 1251 2692 per
1276 2646 1446 2692 singulos
1472 2659 1588 2680 annos
1616 2647 1828 2681 conditione
1849 2648 2027 2682 servanda
2047 2655 2099 2690 ut,

215 2710 247 2744 si
264 2711 450 2757 predictos
466 2711 637 2746 denarios
658 2712 750 2746 infra
775 2713 957 2758 predictas
978 2712 1124 2747 octabas
1149 2725 1223 2746 non
1248 2713 1353 2747 reddi
1374 2713 1583 2760 contigerit,
1606 2714 1817 2748 detentores
1838 2727 1903 2748 seu
1925 2715 2100 2749 dilatores

215 2788 281 2823 pro
310 2789 384 2811 uno
414 2790 560 2824 quoque
595 2778 654 2812 die
684 2790 757 2824 quo
787 2779 831 2812 ab
866 2779 991 2826 elapso
1021 2779 1177 2813 termino
1207 2779 1309 2814 dilati
1338 2780 1487 2823 suerint,
1515 2791 1537 2814 v
1566 2780 1707 2814 solidos
1742 2781 1787 2814 de
1821 2793 1913 2827 pena
1944 2782 2098 2815 reddere

214 2843 449 2878 tenebuntur.
476 2845 584 2888 Quod
605 2846 636 2879 si
657 2846 829 2879 dominus
854 2846 925 2880 loci
951 2847 1153 2880 secundum
1179 2846 1245 2880 hec
1272 2853 1402 2881 statuta
1428 2859 1501 2881 non
1527 2854 1770 2893 exequeretur
1790 2848 1965 2893 predictis
1990 2860 2098 2881 cano-

215 2910 308 2944 nicis
332 2911 516 2957 justiciam
545 2906 660 2953 suam,
691 2919 786 2947 terra
815 2914 896 2947 eius
925 2914 1070 2948 interim
1098 2914 1293 2948 interdicto
1319 2921 1602 2960 supponeretur,
1630 2921 1666 2948 et
1690 2914 1900 2948 detentores
1922 2927 1987 2948 seu
2008 2915 2097 2948 dila-

214 2983 328 3020 tores,
349 2978 570 3024 quicumque
591 2987 729 3023 essent,
751 2992 868 3026 usque
889 2981 933 3015 ad
959 2981 1180 3015 solutionem
1201 2982 1363 3015 omnium
1390 2981 1605 3015 anathemati
1631 2981 1875 3026 subjacerent.
1906 2981 2097 3014 Habebunt
