2580 3528
521 401 592 433 582.
1101 409 1421 432 οΗΑιιτυ-ιΑιιιυΜ
1459 408 1650 430 UNIVERS.
1688 408 1817 429 rAais.
2029 414 2031 416 ·
2298 401 2398 441 [1280

523 526 636 563 498.
660 535 797 561 Nicotaus
814 537 861 561 III
878 535 1011 561 Gualtero
1029 535 1161 571 episcopo
1176 534 1358 567 Pictaviensi,
1381 533 1446 559 ord.
1466 533 1615 566 Minorum,
1634 532 1758 567 injungit
1777 535 1808 558 ut
1829 534 1977 559 conventui
1994 533 2060 560 Ord.
2083 535 2152 561 Min.
2170 534 2265 561 Paris.
2281 539 2400 572 propter

612 584 787 610 studentium
804 584 1014 610 multitudinem
1030 583 1135 609 debitis
1152 587 1269 609 onerato
1285 585 1435 608 succurrat
1450 585 1477 607 et
1491 590 1631 607 summam
1647 581 1717 608 2000
1733 580 1781 607 lib.
1801 585 1892 608 turon.
1907 582 2062 618 persolvat.

1781 681 1856 709 1280.
1871 681 1942 707 dunis
1955 681 1992 711 73,
2008 681 2111 708 suriam:

613 757 794 798 Nicolaus,
825 762 903 796 etc„
935 755 1134 789 venerabili
1163 755 1263 787 fratri
1295 755 1359 788 G.¹
1393 754 1567 799 episcopo
1598 754 1802 788 Pictavensi
1832 755 1998 797 salutem,
2024 762 2087 790 etc.
2120 757 2225 791 Circa
2254 769 2294 791 ea
2326 769 2396 803 que

525 835 664 856 summo
691 823 781 868 patri
807 829 891 855 sunt
916 822 1054 867 placida
1080 821 1208 854 sedulo
1235 821 1451 866 cogitantes,
1479 827 1514 854 et
1538 821 1876 867 circumspicientes
1902 823 2064 868 undique
2091 824 2178 869 quid
2202 824 2256 857 illi
2280 836 2299 857 a
2324 832 2396 870 quo

524 896 650 922 cuncta
685 889 902 934 proveniunt
937 888 1111 920 debeatur
1145 887 1302 932 speciale
1334 887 1509 926 debitum,
1542 888 1636 920 inter
1670 887 1738 921 alia
1772 889 1916 934 pietatis
1951 901 2060 934 opera
2094 897 2304 936 reputamus
2337 891 2396 936 pie

524 968 667 988 manum
692 955 814 987 auxilii
842 955 983 999 aperire
1012 953 1233 999 pauperibus
1254 953 1328 987 illis
1350 954 1552 999 potissime,
1576 954 1638 999 qui
1665 955 1915 988 mandatorum
1939 955 2076 990 Christi
2102 956 2259 990 humiles
2287 964 2398 991 secta-

525 1029 621 1054 tores
651 1021 776 1053 mundi
807 1021 939 1065 spretis
968 1020 1104 1053 divitiis
1132 1021 1271 1065 degunt
1298 1021 1334 1053 in
1363 1021 1525 1065 presenti
1551 1021 1623 1054 vita
1651 1021 1720 1054 sub
1748 1022 1921 1055 exercitio
1952 1023 2173 1068 paupertatis
2202 1023 2396 1057 voluntarii

524 1100 596 1120 non
630 1087 755 1128 coacti,
792 1093 829 1119 ut
862 1087 1006 1119 tandem
1042 1087 1198 1119 militent
1231 1086 1501 1120 habundantius
1536 1088 1573 1120 in
1607 1087 1723 1133 gloria
1759 1100 2014 1133 supernorum.
2051 1091 2152 1136 Tunc
2187 1090 2282 1123 enim
2317 1091 2397 1136 ipse

522 1154 689 1188 Christus
717 1153 941 1199 glorificatur
967 1160 1002 1186 et
1026 1153 1252 1186 collaudatur
1272 1154 1308 1186 in
1329 1153 1503 1199 gentibus
1524 1161 1559 1187 et
1579 1154 1632 1187 illi
1653 1155 1836 1200 condigna
1855 1155 1934 1189 laus
1960 1163 1995 1189 et
2017 1156 2135 1190 honor
2160 1157 2394 1202 impenditur,

522 1233 601 1253 cum
631 1220 762 1253 talibus
788 1220 913 1253 saltem
939 1221 975 1252 in
1002 1220 1310 1265 oportunitatibus
1336 1220 1552 1254 subvenitur
1573 1222 1634 1266 qui
1656 1223 1734 1267 ejus
1755 1223 1909 1268 vestigia
1935 1230 2021 1256 sunt
2045 1224 2174 1264 secuti,
2200 1230 2239 1257 ut
2262 1224 2396 1259 clarius

523 1287 661 1319 eluceat
681 1286 772 1319 fides
794 1286 1076 1331 obsequentium
1097 1287 1264 1320 creatori.
1288 1288 1332 1320 Et
1352 1294 1436 1320 tunc
1458 1287 1668 1333 hujusmodi
1690 1289 1833 1334 pietatis
1855 1301 1947 1334 opus
1968 1290 2005 1322 in
2026 1290 2118 1323 illud
2140 1290 2396 1325 exercentibus

522 1354 653 1398 potiori
683 1354 814 1386 virtute
844 1353 1024 1395 clarescit,
1055 1360 1090 1386 et
1118 1366 1183 1398 per
1210 1353 1278 1387 hoc
1311 1354 1509 1387 animarum
1541 1355 1639 1388 salus
1670 1355 1775 1388 etiam
1806 1356 1844 1389 in
1873 1356 1953 1389 aliis
1983 1364 2210 1401 procuratur,
2241 1370 2321 1391 cum
2353 1370 2397 1392 ex

521 1421 662 1454 fervore
696 1421 853 1453 caritatis
883 1420 927 1453 ad
958 1421 1151 1453 Dominum
1183 1421 1342 1466 gratiose
1374 1421 1626 1467 indigentibus
1659 1422 1889 1464 subvenitur,
1921 1424 2019 1468 quod
2050 1424 2115 1457 tibi
2145 1436 2189 1457 ex
2217 1436 2324 1458 causa
2351 1437 2395 1459 eo

521 1487 725 1520 fiducialius
756 1499 1005 1527 recensemus,
1037 1499 1108 1532 quo
1139 1494 1176 1520 tu
1207 1487 1357 1521 Ordinis
1387 1489 1536 1521 fratrum
1572 1489 1754 1521 Minorum
1789 1489 1826 1522 in
1860 1489 1988 1523 humili
2018 1497 2228 1536 paupertate
2256 1492 2396 1526 fundati

521 1554 708 1598 professor
741 1555 914 1598 majorem
948 1553 1077 1586 horum
1113 1554 1276 1587 notitiam
1311 1555 1516 1588 dinosceris
1552 1554 1730 1588 obtinere.
1767 1556 1872 1589 Unde
1907 1557 2100 1601 provenire
2133 1558 2395 1603 conspicimus,

522 1620 619 1664 quod
645 1647 665 1652 ..
703 1620 868 1653 minister
895 1620 1112 1665 generalis¹,
1144 1627 1179 1653 et
1208 1621 1376 1654 nonnulli
1405 1621 1553 1654 discreti
1583 1623 1713 1655 fratres
1740 1623 1856 1667 ipsius
1887 1623 2037 1656 Ordinis
2072 1630 2107 1657 et
2140 1624 2396 1658 universaliter

521 1686 620 1719 Ordo
648 1687 726 1731 ipse
753 1687 797 1719 ad
825 1693 858 1719 te
886 1687 923 1719 in
951 1687 1029 1720 suis
1057 1687 1339 1720 necessitatibus
1367 1688 1462 1720 sicut
1486 1688 1530 1721 ad
1557 1689 1738 1733 refugium
1767 1689 1953 1734 singulare
1980 1690 2210 1735 confugiunt,
2239 1697 2275 1724 et
2299 1702 2413 1724 nuuc.

521 1753 728 1798 specialiter
747 1779 767 1785 ..
790 1753 990 1798 guardiano
1013 1760 1048 1786 et
1066 1761 1247 1787 conventu
1268 1754 1418 1787 fratrum
1440 1755 1700 1788 Parisiensium
1723 1755 1809 1788 dicti
1830 1755 1980 1789 Ordinis
2002 1763 2150 1802 propter
2171 1757 2394 1791 studentium

522 1819 788 1852 multitudinem
817 1827 852 1853 et
878 1820 944 1853 alia
971 1820 1024 1853 eis
1051 1820 1298 1853 incumbentia
1322 1822 1414 1865 (cum
1437 1821 1528 1854 inibi
1552 1822 1635 1855 fons
1661 1822 1894 1856 scientiarum
1921 1823 2092 1856 scaturiat
2117 1830 2152 1856 et
2175 1835 2219 1857 ex
2242 1823 2306 1857 illo
2331 1836 2396 1870 per

522 1887 731 1933 universum
758 1887 931 1920 Ordinem
963 1887 1070 1920 rivuli
1100 1887 1322 1932 deriventur)
1352 1889 1453 1934 gravi
1485 1900 1596 1922 onere
1627 1889 1833 1922 debitorum
1864 1890 2066 1935 oppressis,
2097 1890 2168 1935 ipsi
2197 1891 2272 1936 (qui
2301 1891 2397 1925 sicut

521 1954 617 1986 nosti
645 1954 777 1986 nedum
805 1954 842 1985 in
867 1953 978 1987 rebus
999 1954 1261 1999 temporalibus
1282 1967 1356 1987 non
1376 1955 1588 1988 habundant
1607 1968 1674 1989 nec
1700 1955 1771 1989 sihi
1796 1957 1887 2001 ipsis
1913 1956 2110 1998 sufficiunt,
2132 1963 2188 1990 set
2211 1957 2394 1991 interdum

522 2020 626 2052 etiam
659 2031 723 2064 pro
755 2032 879 2052 eorum
910 2021 1010 2052 tenui
1041 2021 1127 2054 satis
1157 2021 1253 2054 victu
1284 2034 1450 2067 magnam
1480 2023 1668 2067 penuriam
1698 2023 1896 2068 patiuntur,
1928 2023 1999 2056 nisi
2028 2023 2181 2057 aliorum
2217 2023 2394 2059 subsidiis

522 2087 748 2130 adjuventur)
776 2087 942 2119 videntes
970 2099 1035 2132 per
1062 2099 1126 2120 eos
1152 2088 1188 2119 in
1214 2087 1278 2120 hac
1304 2095 1404 2133 parte
1430 2101 1502 2121 non
1527 2101 1637 2134 posse
1665 2089 1868 2134 predictum
1897 2091 2087 2123 exonerari
2114 2098 2332 2125 conventum
2360 2098 2396 2125 et

523 2152 729 2186 dubitantes
755 2153 915 2198 pericula
937 2165 1007 2198 que
1029 2154 1265 2198 provenirent
1285 2154 1401 2187 eidem
1424 2155 1568 2197 Ordini,
1590 2155 1621 2188 si
1642 2162 1845 2189 conventus
1867 2157 1946 2202 ipse
1966 2157 2139 2190 deficeret
2163 2157 2221 2191 vel
2244 2158 2395 2192 studen-

522 2219 618 2252 tibus
647 2220 756 2252 immo
784 2219 882 2264 quod
903 2219 997 2253 absit
1017 2220 1146 2253 Ordini
1166 2220 1382 2265 proficiendi
1404 2222 1552 2254 materia
1571 2222 1820 2255 verisimiliter
1847 2222 2050 2265 tolleretur,
2079 2236 2122 2256 eo
2149 2224 2394 2258 confidentius

523 2293 621 2318 tuum
654 2286 848 2331 implorant
873 2286 1057 2327 auxilium,
1087 2299 1158 2331 quo
1187 2287 1353 2320 securius
1381 2288 1569 2321 confidunt
1597 2288 1640 2321 de
1668 2295 1727 2322 tua
1753 2289 1898 2322 caritate
1926 2302 2031 2335 quam
2059 2290 2192 2324 habere
2225 2298 2259 2324 te
2290 2291 2395 2325 decet

521 2353 564 2385 ad
585 2352 771 2393 Ordinem,
794 2353 830 2385 in
852 2365 923 2397 quo
945 2359 981 2385 lu
1004 2353 1175 2394 nutritus,
1193 2354 1421 2395 informatus,
1439 2355 1581 2396 doctus,
1601 2362 1635 2388 et
1655 2355 1801 2388 demum
1822 2356 2056 2401 provincialis
2077 2357 2242 2391 minister
2262 2358 2299 2391 in
2319 2357 2393 2392 illis

523 2408 683 2464 partibus
709 2432 782 2452 non
807 2420 969 2464 ignoras,
991 2420 1078 2464 quid
1099 2420 1152 2452 illi
1174 2427 1209 2453 et
1230 2421 1308 2465 ejus
1330 2421 1604 2466 professoribus
1625 2429 1817 2468 competat,
1840 2435 1879 2456 ac
1900 2423 2044 2456 tandem
2070 2436 2113 2456 ex
2137 2423 2200 2457 illo
2227 2436 2393 2458 succres-

522 2498 620 2527 cens,
644 2498 707 2531 per
736 2487 801 2519 Dei
829 2487 977 2531 gratiam
1007 2486 1117 2520 rebus
1145 2487 1420 2533 temporalibus,
1446 2489 1637 2533 presertim
1666 2489 1736 2523 hiis
1767 2489 1898 2523 diebus
1926 2490 2013 2523 satis
2040 2490 2241 2532 habundas,
2270 2490 2392 2525 habito

524 2559 689 2597 respectu
710 2552 753 2585 ad
775 2565 814 2585 ea
836 2565 905 2598 que
927 2560 1089 2598 tempore
1112 2554 1250 2587 diutine
1271 2555 1469 2588 vacationis
1491 2556 1715 2589 Pictavensis
1737 2556 1913 2590 ecclesie³
1934 2564 2130 2599 reservata,
2148 2564 2184 2590 et
2203 2569 2273 2604 que
2293 2558 2338 2591 ad
2358 2564 2392 2591 te

523 2619 558 2650 in
585 2631 710 2663 magna
737 2619 838 2663 copia
864 2620 1097 2663 pervenissse
1118 2621 1300 2653 dicuntur.
1325 2621 1456 2666 Sicque
1478 2622 1573 2655 idem
1596 2623 1761 2656 minister
1783 2630 1818 2656 et
1836 2623 1965 2656 fratres
1991 2635 2034 2656 ex
2058 2623 2130 2657 hiis
2155 2635 2225 2668 que
2250 2630 2284 2657 te
2309 2624 2392 2670 plus

523 2696 626 2729 quam
649 2685 685 2716 in
706 2685 775 2717 alio
797 2685 951 2718 seculari
973 2686 1110 2730 prelato
1131 2694 1355 2721 concurrunt
1374 2689 1469 2731 (cum
1487 2688 1531 2721 ab
1552 2689 1622 2722 alio
1645 2689 1726 2722 talia
1748 2696 1872 2734 petere
1891 2701 1965 2722 non
1986 2691 2212 2735 temptarent)
2233 2702 2273 2723 se
2293 2691 2338 2724 ad
2358 2697 2392 2724 te

523 2751 559 2783 in
586 2757 679 2783 tante
705 2752 932 2784 necessitatis
958 2753 1109 2785 articulo
1135 2761 1391 2788 convertentes
1417 2762 1453 2788 et
1477 2762 1667 2800 sperantes
1693 2756 1791 2801 quod
1817 2768 1860 2788 ex
1885 2756 1956 2789 tuis
1981 2757 2392 2801 superexcrescentibus

523 2817 751 2850 facultatibus
777 2817 842 2849 tibi
866 2819 1053 2851 concessis
1074 2831 1092 2851 a
1114 2821 1268 2853 Domino
1291 2821 1409 2854 dictus
1430 2829 1632 2855 conventus
1653 2834 1718 2855 nec
1740 2822 1860 2855 minus
1886 2822 1985 2855 Ordo
2011 2823 2171 2868 prefatus
2196 2823 2240 2856 ab
2265 2823 2392 2869 hujus—

523 2884 620 2916 modi
646 2883 778 2916 debitis
804 2884 997 2926 relevetur,
1020 2886 1203 2930 petierunt
1227 2899 1245 2920 a
1271 2887 1377 2921 nobis
1398 2877 1596 2930 humiliter,
1621 2895 1660 2921 ut
1683 2895 1718 2922 te
1745 2889 2003 2922 induceremus
2029 2889 2175 2923 monitis
2201 2897 2237 2923 et
2260 2891 2392 2924 excita-

524 2962 644 2983 remus
678 2950 854 2983 mandatis
888 2951 1098 2995 apostolicis
1131 2964 1195 2997 pro
1231 2953 1364 2987 debitis
1395 2955 1499 2999 ipsis,
1531 2967 1600 3000 que
1631 2955 1787 2987 duorum
1819 2955 1957 2988 milium
1993 2955 2165 2988 librarum
2200 2963 2388 2991 turonens.
