2580 3528
279 429 376 470 1231]
618 439 665 461 ΑΒ
700 439 806 461 Axxo
841 439 918 461 mcc
953 439 1086 468 usone
1121 440 1169 461 An
1205 440 1435 462 rnimrrvm
1471 441 1512 463 iv
1547 442 1635 464 ane.
1672 443 1808 464 ranc.
2093 436 2155 469 137

275 512 375 547 velut
407 512 518 546 altera
552 512 697 546 Cariath
731 512 882 558 Sepher,
914 513 1041 546 civitas
1071 513 1303 555 litterarum',
1339 526 1420 547 cara
1454 514 1579 556 claret,
1608 527 1737 561 magna
1767 517 1913 561 quidem
1945 518 2010 551 sed
2041 519 2086 551 (le
2116 531 2156 551 se

276 580 410 625 majora
439 579 523 613 facit
542 579 657 624 optari
687 578 906 612 docentibus
933 586 969 612 et
993 579 1222 613 discentibus
1246 581 1420 625 gratiosa,
1446 581 1483 613 in
1509 593 1579 626 qua
1604 582 1730 626 utique
1757 589 1934 628 tamquam
1957 584 1993 616 in
2014 585 2156 618 officina

275 646 453 692 sapientie
474 645 623 692 speciali
644 645 753 679 habet
775 652 966 691 argentum
987 658 1161 680 venarum
1188 659 1334 680 suarum
1357 648 1549 693 principia,
1570 655 1606 681 et
1625 660 1713 681 auro
1735 648 1838 682 locus
1860 656 1916 682 est
1936 650 1972 683 in
1994 662 2066 695 quo
2088 651 2156 684 rite

275 712 467 754 conflatur,
497 724 541 746 ex
570 712 704 758 quibus
738 712 939 758 prudentes
973 712 1109 758 eloquii
1145 713 1278 747 mistici
1313 714 1524 747 murenulas
1558 727 1686 748 aureas
1715 716 1969 749 vermiculatas
2004 724 2156 762 argento

275 779 452 813 cudentes
479 786 515 813 et
539 779 757 813 fabricantes
781 779 930 813 monilia
957 786 1080 813 ornata
1102 779 1286 825 lapidibus
1307 781 1493 826 pretiosis,
1516 781 1626 815 immo
1648 782 1738 815 nulli
1764 783 1881 828 pretio
1902 785 2156 829 comparandis

276 858 446 892 sponsam
464 846 601 881 Christi
618 846 791 880 decorant
811 853 847 880 et
864 847 1050 880 decorant.
1070 846 1125 879 Ibi
1143 847 1300 880 ferrum²
1319 848 1364 880 de
1385 854 1479 881 terra
1498 848 1649 890 tollitur,
1671 849 1754 894 quia
1776 849 1860 882 dum
1884 857 2026 883 terrena
2046 851 2156 896 fragi-

274 913 356 946 litas
382 913 596 946 sortitudine
623 913 812 955 solidatur,
835 913 947 946 lorica
972 913 1072 955 fidei,
1093 913 1238 959 gladius
1259 914 1412 959 spiritus
1437 921 1473 948 et
1492 922 1612 948 cetera
1637 916 1722 948 inde
1748 916 1787 949 fit
1811 916 2008 950 christiane
2029 917 2156 951 militie

274 986 466 1022 armatura,
498 986 628 1026 potens
653 980 830 1014 adversus
857 992 981 1013 aereas
1010 986 1221 1025 potestates.
1251 982 1295 1014 Et
1319 981 1412 1026 lapis
1437 981 1558 1015 calore
1586 982 1729 1015 solutus
1757 983 1794 1015 in
1820 995 1859 1016 es
1880 983 2045 1025 vertitur,
2073 985 2156 1029 quia

275 1046 384 1080 corda
413 1046 555 1093 lapidea
581 1047 701 1081 Sancti
731 1047 888 1092 Spiritus
916 1047 1029 1080 afflata
1058 1047 1202 1080 fervore
1233 1047 1317 1080 dum
1343 1048 1485 1090 ardent,
1507 1049 1709 1082 incendunt
1733 1056 1767 1082 et
1792 1049 1883 1083 fiunt
1908 1051 2157 1095 predicatione

275 1125 408 1147 sonora
442 1114 694 1159 preconantia³
729 1113 856 1147 laudes
891 1113 1041 1148 Christi.
1077 1115 1197 1158 Quare
1230 1127 1304 1147 non
1339 1121 1396 1148 est
1429 1115 1595 1152 dubium,
1630 1116 1718 1161 quin
1759 1117 1836 1149 Deo
1871 1123 1907 1150 et
1944 1117 2156 1151 hominibus

275 1180 435 1226 graviter
464 1180 688 1226 displiceret,
719 1181 888 1226 quisquis
917 1180 955 1213 in
984 1180 1128 1214 civitate
1162 1181 1324 1226 predicta
1357 1182 1508 1227 gratiam
1540 1189 1607 1215 tam
1644 1182 1827 1228 insignem
1858 1183 2036 1217 niteretur
2067 1184 2156 1218 ulla-

275 1254 382 1280 tenus
411 1247 618 1280 disturbare
638 1247 695 1281 vel
726 1246 1017 1280 disturbantibus
1048 1259 1087 1280 se
1117 1259 1183 1293 pro
1217 1247 1359 1281 viribus
1390 1255 1558 1294 potenter
1584 1261 1657 1282 non
1685 1257 1888 1295 opponeret
1912 1257 1948 1283 et
1977 1257 2153 1296 patenter.

271 1302 382 1348 *Unde
398 1326 478 1347 cum
496 1325 608 1359 super
624 1313 858 1347 dissensione
875 1313 924 1346 ibi
946 1313 1093 1346 diabolo
1116 1314 1313 1360 instigante
1332 1314 1496 1356 suborta,
1514 1315 1675 1348 studium
1697 1317 1896 1350 enormiter
1912 1317 2155 1360 disturbante,

273 1380 487 1426 questiones
516 1380 560 1414 ad
590 1392 658 1414 nos
692 1380 829 1414 delatas
863 1380 1112 1414 audiverimus
1147 1380 1357 1426 diligenter,
1393 1394 1455 1415 eas
1490 1382 1612 1427 potius
1647 1383 1871 1427 provisionis
1908 1385 2155 1418 moderamine

273 1459 380 1493 quam
401 1447 567 1493 judiciali
592 1447 772 1481 sententia
799 1447 844 1480 de
870 1447 1021 1480 fratrum
1047 1454 1256 1480 nostrorum
1285 1448 1440 1481 consilio
1465 1449 1636 1482 duximus
1657 1450 1867 1495 sopiendas.
1893 1451 1997 1484 Circa
2024 1458 2154 1484 statum

274 1514 395 1560 itaque
425 1514 619 1548 scolarium
646 1521 682 1548 et
705 1514 886 1548 scolarum
912 1513 978 1547 hec
1001 1514 1193 1547 statuimus
1219 1514 1460 1557 observanda,
1490 1515 1675 1557 videlicet,
1709 1516 1806 1561 quod
1837 1516 1992 1561 quilibet
2015 1517 2158 1550 cancel-

275 1581 387 1615 larius
413 1581 631 1615 Parisiensis
661 1581 836 1627 deinceps
865 1581 1047 1614 creandus
1076 1593 1197 1614 coram
1226 1582 1401 1627 episcopo
1431 1581 1489 1615 vel
1519 1582 1564 1615 de
1593 1582 1710 1628 ipsius
1738 1583 1905 1616 mandato
1931 1584 1967 1616 in
1998 1585 2157 1629 capitulo

275 1648 487 1690 parisiensi,
508 1648 646 1682 vocatis
673 1648 717 1682 ad
745 1647 813 1682 hoc
839 1655 875 1682 et
902 1647 1137 1694 presentibus
1159 1660 1224 1693 pro
1247 1649 1492 1682 Universitate
1514 1649 1709 1682 scolarium
1738 1649 1883 1683 duobus
1910 1651 2094 1696 magistris
2120 1652 2157 1684 in

275 1727 340 1749 sua
368 1715 597 1749 institutione
621 1715 773 1761 jurabit,
802 1715 900 1761 quod
927 1715 970 1749 ad
998 1715 1164 1760 regimen
1195 1714 1380 1761 theologie
1411 1728 1450 1749 ae
1481 1716 1712 1750 decretorum
1740 1716 1835 1750 bona
1862 1717 1932 1750 fide
1954 1718 2157 1751 secundum

275 1782 536 1816 conscientiam
563 1794 663 1816 suam
690 1781 771 1816 loco
799 1789 835 1816 et
854 1789 1018 1827 tempore
1046 1782 1247 1815 secundum
1280 1789 1411 1816 statum
1433 1783 1589 1816 civitatis
1610 1790 1646 1816 et.
1665 1783 1842 1817 honorem
1869 1796 1908 1817 ac
1930 1783 2155 1824 honestatem

274 1849 482 1883 facultatum
512 1849 672 1895 ipsarum
704 1861 777 1882 non
806 1849 878 1882 nisi
907 1849 1031 1894 dignis
1065 1849 1247 1882 licentiam
1283 1849 1473 1895 largietur,
1509 1862 1575 1883 nec
1610 1850 1775 1884 admittet
1807 1851 1993 1896 indignos,
2031 1864 2158 1897 perso-

274 1928 401 1950 narum
423 1923 458 1950 et
478 1916 664 1950 nationum
694 1916 905 1962 acceptione
936 1922 1127 1949 summota.
1157 1916 1252 1949 Ante
1281 1928 1368 1950 vero
1397 1929 1501 1961 quam
1525 1928 1741 1962 quemquam
1768 1917 1943 1959 licentiet,
1971 1918 2061 1951 infra
2084 1925 2158 1952 tres

275 1995 421 2017 menses
442 1995 460 2016 a
480 1990 644 2029 tempore
671 1983 782 2029 petite
809 1983 956 2016 licentie
983 1989 1051 2016 tam
1079 1982 1122 2016 ab
1149 1982 1321 2016 omnibus
1349 1983 1534 2029 magistris
1562 1983 1747 2029 theologie
1776 1984 1813 2017 in
1836 1985 1978 2018 civitate
2008 1998 2158 2031 presen-

275 2049 373 2084 tibus
401 2062 506 2095 quam
534 2050 616 2083 aliis
636 2050 725 2084 viris
755 2049 921 2083 honestis
942 2056 977 2083 et
1002 2049 1184 2090 litteratis,
1207 2062 1271 2095 per
1291 2061 1384 2095 quos
1412 2050 1546 2083 veritas
1568 2050 1654 2083 sciri
1683 2051 1812 2096 possit,
1833 2051 1878 2084 de
1899 2051 1983 2093 vita,
2006 2052 2157 2086 scientia

275 2123 311 2150 et
336 2117 503 2151 facundia
529 2129 674 2150 necnon
701 2117 890 2163 proposito
918 2123 953 2150 et
979 2129 1044 2162 spe
1073 2116 1288 2162 proficiendi
1317 2129 1357 2150 ac
1383 2116 1478 2158 aliis,
1500 2129 1570 2162 que
1597 2124 1683 2150 sunt
1706 2118 1743 2150 in
1765 2117 1898 2151 talibus
1924 2119 2156 2164 requirenda,

275 2183 473 2230 diligenter
497 2183 669 2229 inquirat,
691 2190 727 2217 ct
746 2183 984 2229 inquisitione
1006 2183 1058 2217 sic
1084 2184 1174 2217 sacta
1196 2183 1284 2228 quid
1306 2183 1431 2217 deceat
1452 2190 1487 2217 et
1508 2184 1595 2229 quid
1618 2184 1785 2230 expediat
1812 2184 1906 2218 bona
1926 2185 1997 2218 fide
2019 2185 2080 2218 det
2100 2185 2157 2219 vel

276 2256 387 2296 neget
406 2250 607 2284 secundum
629 2250 888 2284 conscientiam
912 2262 1012 2283 suam
1039 2250 1176 2295 petenti
1198 2250 1382 2284 licentiam
1409 2250 1639 2296 postulatam.
1668 2251 1833 2296 Magistri
1858 2264 1944 2285 vero
1972 2251 2156 2297 theologie

275 2328 315 2350 ac
349 2316 594 2358 decretorum,
625 2317 769 2362 quando
804 2317 981 2362 incipient
1014 2316 1151 2362 legere,
1189 2316 1405 2362 prestabunt
1439 2317 1584 2363 publice
1614 2318 1875 2362 juramentum,
1912 2319 2009 2363 quod
2045 2331 2158 2364 super

276 2383 468 2429 premissis
502 2383 609 2417 fidele
644 2383 891 2417 testimonium
924 2383 1181 2429 perhibebunt.
1218 2383 1468 2417 Cancellarius
1502 2396 1648 2429 quoque
1683 2383 1834 2429 jurabit,
1870 2385 1968 2429 quod
2003 2385 2157 2419 consilia

276 2450 532 2495 magistrorum
563 2450 600 2483 in
631 2449 761 2483 malum
788 2461 913 2483 eorum
945 2449 1153 2483 nullatenus
1182 2449 1371 2491 revelabit,
1403 2449 1674 2483 Parisiensibus
1704 2451 1890 2484 canonicis
1920 2450 2085 2485 libertate
2115 2464 2155 2486 ac

270 2517 354 2562 jure
375 2516 412 2550 in
433 2517 643 2562 incipiendo
664 2516 797 2550 habitis
817 2517 854 2550 in
871 2529 935 2550 sua
956 2515 1187 2550 manentibus
1209 2516 1389 2550 firmitate.
1414 2517 1465 2549 De
1488 2516 1639 2562 phisicis
1659 2524 1778 2550 autem
1801 2523 1836 2550 et
1855 2517 1992 2551 artistis
2013 2530 2052 2551 ac
2073 2518 2155 2552 aliis

274 2583 514 2617 cancellarius
535 2583 629 2617 bona
650 2583 721 2617 fide
743 2583 928 2629 promittet
943 2583 1147 2617 examinare
1169 2583 1379 2628 magistros,
1397 2590 1433 2616 et
1448 2595 1522 2616 non
1543 2583 1614 2616 nisi
1636 2583 1770 2629 dignos
1790 2583 1985 2617 admittens
2003 2585 2156 2630 repellet

275 2650 462 2696 indignos.
488 2651 658 2685 Ceterum
685 2651 768 2696 quia
798 2650 859 2683 ubi
891 2662 963 2683 non
985 2657 1041 2683 est
1061 2649 1164 2691 ordo,
1193 2649 1297 2683 facile
1323 2650 1418 2695 repit
1442 2649 1587 2692 horror,
1614 2651 1897 2684 constitutiones
1919 2663 1983 2684 seu
2009 2652 2155 2685 ordina-

274 2717 394 2751 tiones
424 2717 595 2763 providas
623 2717 778 2751 faciendi
807 2717 852 2750 de
883 2717 991 2750 modo
1021 2723 1057 2750 et
1086 2716 1173 2750 hora
1204 2716 1351 2762 legendi
1381 2723 1416 2750 et
1436 2717 1668 2763 disputandi,
1683 2717 1727 2750 de
1758 2717 1882 2751 habitu
1903 2718 2084 2759 ordinato,
2109 2719 2154 2752 de

275 2790 500 2818 mortuorum
530 2784 695 2830 exequiis
724 2796 866 2818 necnon
897 2784 941 2818 de
972 2783 1216 2824 bachellariis,
1244 2783 1305 2829 qui
1333 2790 1369 2817 et
1395 2796 1464 2829 qua
1492 2783 1580 2817 hora
1609 2784 1753 2829 etquid
1778 2784 1901 2830 legere
1923 2784 2092 2826 debeant,
2114 2798 2154 2819 ac

275 2849 516 2896 hospitiorum
543 2851 721 2885 taxatione
749 2863 814 2884 seu
841 2851 946 2885 etiam
979 2850 1187 2892 interdicto,
1215 2856 1251 2883 ct
1278 2849 1436 2884 rebelles
1465 2850 1556 2896 ipsis
1583 2851 1910 2884 constitutionibus
1931 2851 1987 2885 vel
2009 2852 2154 2885 ordina-

276 2916 438 2950 tionibus
465 2929 529 2963 per
558 2917 842 2951 subtractionem
873 2917 1058 2951 societatis
1087 2929 1250 2963 congrue
1281 2917 1497 2962 castigandi,
1527 2916 1634 2951 vobis
1663 2917 1901 2951 concedimus
1935 2918 2151 2951 facultatem.

277 2982 371 3016 Etsi
391 2983 483 3017 sorte
510 2983 616 3018 vobis
642 2983 874 3018 subtrabatur
898 2983 1139 3030 hospitiorum
1162 2984 1306 3026 taxatio,
1332 2990 1392 3017 aut
1417 2984 1514 3030 quod
1540 2983 1636 3017 absit
1655 2983 1760 3017 vobis
1781 2983 1837 3017 vel
1863 2984 1970 3017 alicui
1992 2991 2151 3017 vestrum

401 3041 496 3066 Char-t.
518 3041 596 3067 Unio.
614 3042 709 3067 Parit.
727 3042 747 3067 1.
1999 3042 2028 3064 ¹8
