2580 3528
265 431 362 472 1247]
605 441 653 464 Aa
686 441 793 464 Anao
827 441 905 464 mcc
939 442 1071 471 usqua
1105 443 1154 465 An
1189 443 1418 467 Pfltth‘PUM
1452 445 1493 467 ιν
1527 446 1616 469 nac..
1653 448 1789 470 ΝΛΜ.
2075 441 2138 474 201

263 515 391 553 ¹Historia
401 514 528 540 coenobii
540 515 743 544 Floriacenst’s,
759 515 823 540 Cod.
839 516 919 540 270¹*-
934 516 959 540 in
979 516 1048 540 Bibl.
1068 517 1143 549 publ.
1165 518 1356 545 Aurelianensi.
1374 519 1419 543 fol.
1435 520 1491 548 478,
1507 528 1568 543 cum
1587 520 1664 544 titulo
1681 529 1686 544 t
1705 530 1716 544 t(
1737 522 1875 546 Decretum
1890 523 1995 547 abbatis
2010 524 2139 548 Johnnnis

260 567 310 591 pro
324 559 492 584 scholaribus
507 567 529 588 n,
544 559 586 584 ed.
603 568 615 583 α
635 567 667 583 ex
680 560 848 592 autographo
868 569 890 584 ιι.
911 574 943 579 —-
957 561 977 585 Δ
992 561 1091 585 neniae
1110 562 1151 586 ed.
1172 562 1199 585 in
1219 563 1324 587 Archiv
1341 565 1362 595 f.
1377 564 1552 590 Litteraeur-
1571 566 1636 590 und
1649 565 1868 597 Kirchenyesch.
1888 568 1935 592 des
1954 567 2139 598 mucelam-rs,

261 604 282 633 l,
297 604 352 628 580.

354 701 377 726 1.
393 701 483 726 Chart.
500 711 512 726 a
527 709 592 734 ergo
606 710 629 726 υ.
645 715 676 720 -
690 703 713 726 2.
730 711 742 726 a
759 703 932 735 Assignamus
948 712 970 732 n,
982 704 1066 728 chart.

264 917 374 956 171.
398 927 459 954 0010
486 927 665 955 Tusculanus
689 929 840 966 episcopus
864 933 893 956 et
919 929 1100 966 apostolicae
1127 930 1207 957 sedis
1231 930 1344 966 legatus
1369 934 1494 958 testatur
1520 941 1552 958 se
1579 932 1684 959 vidisse
1708 932 1824 959 litteras
1852 932 1992 960 Iohannis
2019 934 2138 961 abbatis

348 978 376 1004 S.
394 976 544 1004 Benedicti
557 977 760 1013 Floriacensis,
778 982 806 1005 et
821 978 1032 1005 ordinationem
1048 979 1086 1006 ab
1101 980 1165 1016 ipso
1183 981 1294 1015 factam
1309 980 1464 1017 approbat.

1574 1044 1623 1071 124
1627 1045 1650 1074 7,
1665 1053 1755 1071 monae
1768 1045 1851 1078 apt-m.

349 1128 429 1162 Odo
470 1129 592 1163 divina
632 1129 866 1163 miseratione
904 1130 1134 1164 Tusculanus
1172 1131 1369 1177 episcopus
1407 1132 1607 1178 apostolice
1646 1133 1746 1167 sedis
1784 1133 1927 1180 legatus
1967 1134 2138 1169 omnibus

259 1201 452 1241 presentes
471 1195 611 1229 litteras
631 1196 853 1242 inspecturis
873 1196 1027 1230 salutem
1052 1197 1089 1230 in
1114 1198 1281 1231 Domino.
1305 1198 1484 1244 Religiosi
1509 1199 1577 1233 viri
1597 1199 1774 1234 Johannis
1794 1199 1935 1234 abbatis
1961 1202 1996 1235 S.
2020 1203 2138 1235 Bene-

260 1261 347 1296 dicti
374 1261 618 1296 Floriacensis
647 1262 692 1296 ab
721 1263 802 1309 ipso
838 1263 945 1297 nobis
979 1271 1206 1310 presentatas
1233 1265 1372 1299 litteras
1401 1266 1560 1300 vidimus
1590 1266 1659 1300 sub
1689 1266 1754 1300 hac
1785 1267 1900 1301 forma
1923 1280 1930 1301 :
1956 1268 2137 1302 Omnibus

258 1334 451 1374 presentes
479 1328 619 1362 litteras
648 1329 871 1375 inspecturis
893 1331 1016 1363 Frater
1044 1330 1242 1372 Johannes‚
1273 1337 1336 1365 etc.
1367 1332 1461 1366 sicut
1488 1344 1599 1377 supra
1626 1337 1662 1366 n⁰
1693 1334 1767 1367 170.
1797 1334 1871 1367 Nos
1900 1341 2019 1368 autem
2045 1334 2136 1368 hanc

258 1394 525 1428 ordinationem
546 1401 715 1441 tanquam
736 1395 894 1429 discrete
915 1396 1140 1442 provideque
1160 1398 1287 1431 factam
1308 1398 1552 1444 approbamus
1573 1405 1609 1432 et
1627 1400 1839 1433 auctoritate
1860 1412 1929 1446 qua
1950 1401 2137 1447 fungimur

257 1460 527 1495 confirmamus.
550 1462 592 1495 In
611 1463 717 1507 eujus
738 1462 790 1495 rei
811 1463 1058 1496 testimonium
1082 1470 1288 1509 presentem
1310 1465 1478 1510 paginam
1498 1465 1612 1511 sigilli
1634 1466 1750 1499 nostri
1767 1467 1967 1500 munimine
1984 1468 2135 1514 dignum

257 1527 427 1562 duxImus
448 1527 708 1562 roborandum.
730 1528 860 1562 Actum
881 1541 976 1563 anno
997 1530 1144 1563 Domini
1166 1532 1200 1563 M
1213 1531 1273 1565 CC
1286 1532 1432 1573 XLVII,
1454 1543 1580 1565 mense
1601 1532 1731 1578 Aprili.

350 1639 469 1664 chartul.
486 1640 579 1669 Laud..
594 1649 621 1673 p.
637 1642 676 1669 86,
693 1645 723 1664 ιιο
737 1641 791 1665 125.
807 1655 839 1659 —
852 1641 918 1665 Vide
931 1641 1040 1667 Archiv
1053 1644 1074 1673 f.
1090 1642 1262 1667 Litteratur-
1276 1643 1340 1667 und
1353 1642 1568 1674 Kirchenyesch.
1585 1645 1632 1668 des
1646 1644 1836 1671 Mittelalters.
1852 1645 1872 1672 1.
1889 1646 1942 1669 582.

258 1845 368 1884 172.
397 1856 580 1883 Innocentius
609 1858 655 1884 JV
677 1856 847 1884 Ludovicum
876 1866 970 1893 regem
1000 1859 1174 1885 Francorum
1203 1858 1339 1885 admonet
1362 1862 1393 1885 ul
1417 1858 1495 1895 quod
1521 1859 1581 1886 Odo
1605 1859 1786 1896 apostolicae
1810 1860 1890 1887 sedis
1913 1860 2027 1896 legatus
2056 1862 2134 1888 circa

346 1904 468 1932 Talmud
482 1905 615 1942 aliosque
630 1905 720 1933 libros
734 1906 910 1933 Judaeorum
922 1907 1069 1942 statuerit,
1087 1907 1235 1934 observari
1250 1911 1337 1934 curet.

1461 1967 1540 1997 1247,
1555 1967 1665 2000 Augusti
1677 1968 1714 1998 12,
1730 1968 1846 2001 Lugduni.

343 2053 582 2087 Innocentius
608 2053 805 2100 episcopus
832 2066 962 2088 servus
991 2066 1182 2088 servorum
1210 2054 1275 2087 Dei
1306 2055 1496 2088 carissimo
1526 2055 1563 2088 in
1589 2055 1736 2090 Christo
1766 2056 1841 2089 filio
1872 2056 2006 2090 illustri
2037 2058 2131 2103 regi¹

254 2118 404 2152 Francie
424 2118 578 2153 salutem
599 2125 635 2153 et
660 2119 896 2166 apostolicam
922 2120 1229 2155 benedictionem.
1251 2121 1308 2154 Ad
1333 2121 1448 2155 instar
1471 2121 1693 2164 animalium,
1716 2135 1787 2168 que
1812 2123 1903 2157 vidit
1926 2124 1964 2157 in
1992 2125 2132 2170 Apoca-

253 2183 339 2231 lipsi
367 2185 552 2220 Johannes
582 2185 688 2232 plena
720 2186 837 2221 oculis
870 2193 952 2221 ante
987 2194 1023 2221 et
1058 2194 1170 2230 retro,
1199 2199 1363 2222 summus
1395 2188 1558 2234 pontifex
1591 2188 1756 2223 oculatus
1785 2190 1947 2235 undique
1977 2191 2132 2224 circum-

252 2251 414 2297 spiciens
434 2258 601 2298 tanquam
624 2252 851 2299 sapientibus
871 2260 908 2287 et
926 2253 1186 2300 insipientibus
1210 2254 1368 2297 debitor,
1385 2254 1476 2288 nulli
1497 2254 1606 2288 debet
1626 2255 1760 2301 injuste
1782 2268 1927 2298 nocere,
1950 2257 2015 2290 sed
2030 2258 2131 2302 juste

252 2318 351 2365 quod
366 2319 506 2364 justum
528 2319 744 2365 exequendo
766 2326 910 2354 tenetur
933 2320 1090 2354 reddere
1110 2320 1262 2355 cuilibet
1278 2322 1360 2366 jura
1381 2333 1459 2355 sua.
1483 2321 1575 2354 Sane
1597 2322 1781 2367 magistris
1801 2322 2000 2356 Judcorum
2023 2323 2128 2369 regni

251 2385 303 2419 tui
325 2385 616 2431 proponentibus
637 2398 755 2432 nuper
774 2398 893 2420 coram
915 2386 1023 2421 nobis
1043 2394 1080 2421 et
1098 2387 1270 2421 fratribus
1292 2388 1428 2421 nostris
1449 2387 1547 2433 quod
1569 2388 1648 2421 sine
1671 2388 1733 2421 illo
1755 2388 1863 2430 libro,
1881 2389 1942 2434 qui
1959 2389 2128 2423 hebraice

250 2451 416 2486 Talamut
442 2452 588 2494 dicitur,
619 2451 769 2487 bibliam
797 2459 834 2487 et
859 2453 927 2487 alia
953 2460 1083 2487 statuta
1115 2466 1181 2487 sue
1217 2453 1312 2499 legis
1351 2454 1551 2487 secundum
1586 2454 1693 2488 iidem
1726 2455 1889 2500 ipsorum
1920 2455 2128 2502 intelligere

250 2525 451 2564 nequeunt,
467 2531 535 2553 nos
556 2519 618 2565 qui
632 2520 734 2565 juxta
755 2519 961 2554 mandatum
982 2520 1144 2554 divinum
1167 2520 1203 2553 in
1224 2520 1350 2554 eadem
1372 2520 1454 2566 lege
1475 2521 1576 2566 ipsos
1598 2520 1752 2560 tolerare
1774 2528 1951 2564 tenemur,
1975 2522 2126 2569 dignum

250 2584 304 2619 eis
337 2585 508 2619 duximus
542 2585 840 2631 respondendum
871 2586 969 2632 quod
1000 2586 1096 2620 sicut
1130 2598 1195 2620 eos
1229 2587 1307 2632 ipsa
1343 2586 1439 2632 lege,
1470 2586 1523 2620 sic
1556 2599 1621 2633 per
1650 2599 1882 2633 consequens
1913 2588 1991 2622 suis
2021 2588 2126 2623 libris

249 2651 421 2686 nolumus
452 2652 588 2698 injuste
622 2652 776 2699 privare.
810 2653 915 2688 Unde
944 2653 1145 2688 venerabili
1180 2653 1298 2687 fratri¹
1325 2660 1451 2687 nostro
1482 2653 1655 2700 episcopo
1687 2654 1895 2689 Tusculano
1926 2655 2125 2701 apostolice

248 2717 349 2752 sedis
368 2717 490 2765 legato
516 2718 732 2754 direximus·
754 2720 887 2766 scripta
913 2726 1035 2754 nostra
1062 2727 1101 2754 ut
1125 2726 1194 2754 tam
1218 2720 1355 2766 ipsum*
1381 2732 1487 2766 quam
1513 2720 1623 2755 alios⁸
1643 2720 1714 2755 sibi
1740 2722 1877 2756 faciens
1902 2721 2065 2756 exhiberi
2086 2735 2125 2757 ac

248 2796 313 2819 eos
332 2784 477 2832 inspici,
500 2792 537 2820 et
556 2786 758 2832 inspiciens
778 2786 976 2833 diligenter
995 2787 1144 2821 eosdem
1168 2786 1299 2821 toleret
1317 2787 1354 2820 in
1379 2786 1437 2821 his
1459 2787 1496 2820 in
1521 2787 1656 2833 quibus
1681 2789 1883 2822 secundum
1909 2790 2023 2823 Deum
2045 2789 2124 2823 sine

247 2850 333 2886 fidei
353 2851 550 2887 christiane
571 2853 702 2899 injuria
722 2845 856 2888 viderit
874 2854 1097 2895 tolerandos,
1121 2861 1156 2888 et
1177 2854 1360 2900 magistris
1381 2854 1545 2888 restituat
1566 2855 1815 2901 supradictis',
1838 2856 2125 2890 contradictores

248 2929 314 2964 per
343 2931 534 2953 censuram
564 2920 847 2955 ecclesiasticam
875 2921 1117 2968 appellatione
1146 2921 1346 2967 postposita
1373 2921 1654 2967 compescendo.
1686 2922 1864 2966 Quocirca
1892 2923 2122 2956 serenitatem

247 2983 385 3031 regiam
406 2986 609 3032 rogandum
636 2986 807 3021 duximus
827 2988 1000 3022 attentius
1030 2994 1065 3022 et
1089 2987 1306 3022 hortandum
1338 2987 1509 3033 quatinus
1522 2991 1544 3030 ⁷,
1567 2988 1666 3034 quod
1692 3000 1756 3034 per
1784 2989 1939 3022 eundem
1965 2988 2121 3034 legatum

374 3043 468 3069 chart.
491 3043 568 3070 Univ.
587 3044 681 3070 Paris.
699 3044 719 3070 1.
1969 3047 2000 3070 28
