2580 3528
465 387 530 420 260
1041 394 1362 417 cuAn'ruLAniuM
1398 392 1586 414 muninus.
1625 390 1740 412 rmus
2239 375 2341 423 [1254

467 472 580 504 Eston
610 482 720 516 super
749 470 957 515 hujusmodi
993 469 1186 502 collatione
1222 467 1307 499 dicti
1342 466 1437 510 juris
1472 471 1682 510 patronatus
1716 464 1846 496 factum
1879 470 1948 506 est,
1978 470 2093 497 ratum
2128 471 2163 498 et
2196 464 2339 498 firmum

465 537 654 579 habentes,
675 537 711 570 id
732 536 942 570 auctoritate
963 534 1160 580 apostolica
1182 533 1452 572 confirmamus⁷
1471 531 1652 564 desectum
1675 530 1736 575 qui
1758 542 1801 563 ex
1822 541 1866 563 eo
1887 541 2000 576 super
2019 530 2088 564 hoc
2109 538 2165 564 est
2179 521 2338 573 habitus}

467 604 563 649 quod
593 603 812 637 venerabilis
847 602 967 635 fratris
1002 601 1164 633 nostri..
1196 598 1480 643 archicpiscopi³
1511 604 1546 630 et
1579 597 1796 630 dilectorum
1831 596 1989 630 filiorum
2021 597 2170 643 capituli
2205 597 2341 632 Ebora-

468 670 589 704 censis
623 682 695 702 non
730 668 924 702 intervenit
956 679 1144 704 assensus,
1179 665 1392 710 supplentes
1421 664 1484 696 de⁴
1517 663 1745 708 plenitudine
1775 663 1979 708 potestatis.
2003 663 2102 697 Nulli
2130 675 2234 710 ergo,
2259 670 2339 707 etc..

468 744 592 770 nostre
623 735 906 770 confirmationis
936 740 971 766 et
998 732 1254 777 suppletionis7
1275 737 1338 764 etc.
1372 730 1405 763 Si
1436 730 1518 775 quis
1546 737 1677 771 autem,
1700 735 1763 764 etc.
1794 731 1876 764 Dat.
1898 731 2063 764 Laterani
2084 731 2107 776 ij
2130 730 2199 764 kal.
2222 731 2340 765 Martii

468 815 562 836 anno
584 804 629 847 xj.

562 900 623 930 Reg.
641 900 696 922 Ynt.
715 899 801 921 Innoc.
816 898 848 921 lv
863 906 903 920 au.
922 898 958 925 11,
976 905 1015 928 cp.
1034 898 1087 924 ¹182,
1107 897 1149 919 sol.
1166 896 1221 919 611‘.
1237 909 1268 912 —
1283 894 1408 922 Felibien,
1425 894 1497 919 Hist.
1514 895 1546 918 de
1564 895 1592 919 la
1610 894 1675 919 ville
1689 896 1722 919 de
1736 895 1831 922 Paris,
1849 895 1894 924 ΠΙ,
1911 895 1964 919 160.

561 984 581 1006 1,
601 982 724 1006 D'Arbois
742 982 772 1004 de
787 981 957 1009 Jubuinvillc,
973 975 1084 1008 Ειαάεε,
1101 984 1161 1008 etc„
1177 988 1203 1011 p.
1221 980 1275 1007 366,
1292 987 1316 1002 n.
1341 980 1363 1008 1,
1384 979 1422 1002 nit
1440 978 1608 1002 donationem
1628 979 1697 1002 dom.
1719 979 1847 1003 Johannis
1869 980 1902 1002 de
1917 979 2074 1011 Lessington
2093 987 2152 1004 esse
2166 980 2256 1003 datam
2271 980 2341 1009 1249.

467 1028 518 1050 Jul.
541 1028 577 1054 18,
599 1030 623 1050 et
644 1026 669 1049 in
694 1026 768 1049 Arch.
794 1026 894 1056 depart.
919 1025 950 1048 de
973 1024 1064 1047 l’Aube
1085 1024 1186 1047 servari
1205 1024 1391 1055 apographum
1411 1023 1489 1047 istius
1509 1023 1670 1048 donationis.
1690 1024 1746 1047 Huc
1766 1032 1850 1055 usque
1870 1032 1932 1047 vero
1951 1024 2001 1047 hoc
2020 1024 2077 1048 doc.
2098 1024 2136 1048 ibi
2155 1024 2271 1056 reperire
2290 1032 2342 1048 non

466 1071 608 1102 potuimus.
626 1084 656 1087 —
674 1071 695 1093 2.
715 1069 849 1101 Alphonsi.
876 1069 914 1092 Cf.
943 1077 1023 1100 supra
1048 1073 1085 1091 n⁰⁸
1109 1068 1218 1091 220-221.
1237 1082 1264 1085 —
1280 1069 1302 1091 3.
1324 1067 1443 1092 Gualteri
1463 1067 1542 1099 Gray.
1561 1082 1592 1085 —
1607 1069 1630 1091 li.
1650 1068 1678 1091 ln
1699 1072 1728 1091 n⁰
1752 1069 1798 1091 230
1823 1068 1899 1100 (orig.
1923 1068 1972 1092 litt.
1995 1068 2216 1099 conservatoriae)
2235 1067 2343 1093 additur

469 1126 477 1135 ι
494 1118 582 1137 nostre
598 1122 618 1137 n.

467 1240 577 1277 233.
601 1251 732 1275 Dec-anus
749 1248 887 1274 ecclesiae
902 1248 1029 1276 Lincoln.
1046 1252 1226 1274 conservator
1241 1247 1277 1274 de
1292 1247 1390 1274 eodem
1403 1248 1516 1283 negotio
1533 1248 1725 1275 constituitur.

1633 1341 1708 1370 1254,
1723 1339 1912 1370 Foderunt-1728,
1928 1340 2055 1367 Laterani.

555 1415 790 1447 Innocentius
811 1414 1006 1459 episcopus
1027 1426 1156 1447 servus
1177 1426 1367 1448 servorum
1389 1415 1455 1447 Dei
1476 1414 1610 1448 dilecto
1631 1414 1708 1447 filio
1729 1441 1749 1447 ..
1769 1414 1907 1448 decano
1928 1414 2085 1448 ecclesie
2111 1414 2340 1448 Lincolnien.

465 1482 615 1515 salutem
647 1488 682 1514 et
710 1481 942 1527 apostolicam
973 1480 1280 1514 benedictionem.
1310 1481 1452 1514 Affectu
1483 1481 1628 1514 sincero
1650 1482 1702 1515 sic
1724 1482 1943 1516 Cistercien.
1971 1481 2136 1523 Ordinis,
2163 1487 2227 1516 etc.
2248 1482 2344 1516 sicut

464 1560 574 1593 supra
606 1552 642 1580 n⁰
668 1549 745 1589 232,
781 1548 929 1581 mutatis
965 1547 1146 1582 mutandis
1176 1559 1281 1593 usque
1311 1548 1514 1593 potestatis.
1545 1547 1680 1582 Deinde
1706 1561 1716 1581 .·
1743 1548 1922 1592 Quocirca
1949 1548 2163 1582 discretioni
2188 1554 2249 1582 tue
2277 1559 2343 1594 per

465 1615 661 1660 apostolica
692 1615 823 1659 scripta
853 1614 1078 1656 mandamus,
1110 1615 1280 1660 quatinus
1310 1615 1468 1660 prefatos
1499 1615 1726 1660 provisorem
1755 1622 1790 1648 et
1819 1614 2020 1648 monachos
2049 1626 2124 1648 non
2153 1614 2343 1660 permittas

465 1693 574 1727 super
604 1682 673 1714 hiis
708 1688 831 1714 contra
865 1680 1151 1714 confirmationis
1181 1688 1217 1714 et
1245 1681 1491 1727 suppletionis
1527 1688 1652 1715 nostre
1687 1688 1851 1715 tenorem
1882 1681 1926 1715 ab
1962 1681 2148 1727 aliquibus
2177 1680 2342 1714 indebite

465 1748 662 1790 molestari,
694 1747 945 1781 molestatores
979 1748 1189 1793 hujusmodi
1219 1760 1284 1794 per
1314 1760 1505 1782 censuram
1541 1748 1825 1782 ecclesiasticam
1862 1748 2106 1794 appellatione
2139 1747 2343 1794 postposita

464 1815 743 1860 compescendo,
774 1827 846 1848 non
876 1815 1056 1857 obstante,
1087 1815 1118 1848 si
1139 1815 1323 1860 aliquibus
1343 1828 1362 1849 a
1388 1815 1475 1849 sede
1506 1815 1705 1861 apostolica
1734 1816 1782 1849 sit
1810 1815 2008 1857 indultum,
2038 1815 2137 1860 quod
2164 1813 2342 1860 suspendi

465 1882 522 1915 vel
556 1882 723 1915 interdici
752 1889 812 1915 aut
841 1882 1145 1915 excommunicari
1175 1895 1249 1916 non
1283 1883 1438 1928 possint,
1470 1882 1542 1916 nisi
1572 1882 1616 1915 de
1647 1882 1791 1916 indulto
1820 1882 2032 1928 hujusmodi
2063 1881 2134 1915 sihi
2164 1892 2342 1915 concesso

468 1948 572 1993 plene
590 1955 625 1982 et
640 1960 810 1994 expressa
832 1961 896 1982 seu
918 1949 962 1982 de
982 1948 1095 1982 verbo
1116 1949 1161 2005 ad
1180 1949 1331 1982 verbum
1349 1950 1386 1982 in
1403 1949 1539 1982 nostris
1560 1948 1692 1983 litteris
1713 1949 1850 1982 mentio
1870 1948 2056 1982 habeatur.
2079 1950 2158 1982 Dat.
2177 1947 2343 1981 Laterani

468 2016 490 2060 ij
514 2015 582 2048 kal.
605 2016 735 2056 Martii,
758 2015 987 2060 pontificatus
1010 2016 1125 2049 nostri
1146 2028 1241 2049 anno
1263 2016 1470 2049 undecimo.

562 2112 696 2144 originale
711 2113 737 2136 in
748 2113 823 2136 Arch.
837 2114 937 2144 δέρω-ι,
946 2114 977 2137 de
988 2114 1079 2137 l'Aube
1094 2113 1221 2146 (Troyes),
1233 2114 1346 2145 3Hs257.
1359 2114 1437 2137 Deest
1447 2113 1533 2137 hulla.
1546 2114 1574 2137 ln
1586 2122 1680 2137 aversa
1691 2114 1844 2137 membrana
1857 2122 1869 2137 n
1880 2113 1913 2142 Η.
1925 2114 2064 2145 cccclxxxij
2076 2114 2193 2145 capitulo
2204 2121 2273 2137 anno
2283 2113 2308 2145 xj
2319 2121 2342 2138 i).

470 2157 519 2180 Sed
531 2157 556 2179 in
568 2157 629 2188 Reg.
642 2158 698 2181 Vnt.
714 2166 756 2181 an.
773 2158 811 2187 11,
826 2166 866 2189 ep.
879 2159 933 2187 482,
945 2158 978 2181 ad
993 2158 1095 2182 litteras
1110 2158 1297 2189 praecedentes
1312 2161 1415 2182 tantum
1435 2158 1552 2182 breviter
1566 2161 1708 2182 annotatur
1720 2158 1849 2182 decanum
1861 2158 1987 2182 ecclesiae
1999 2158 2190 2182 Lincolniensis
2200 2165 2342 2182 conserva-

469 2204 551 2224 torem
562 2202 593 2224 de
604 2202 693 2225 eodem
709 2202 812 2233 negotio
827 2206 1007 2234 nuncupatum
1022 2203 1111 2226 fuisse.
1127 2216 1159 2221 —-
1172 2203 1270 2226 Eadem
1285 2203 1327 2226 die
1342 2202 1508 2226 Innocentius
1524 2202 1657 2234 provisori
1673 2206 1699 2226 et
1714 2202 1845 2227 fratribus
1861 2202 1935 2226 Beati
1950 2202 2080 2226 Bel-nardi
2092 2202 2223 2234 permisit,
2238 2205 2268 2226 ut
2283 2210 2295 2226 α
2310 2202 2343 2226 de

470 2245 566 2274 usuriS‚
583 2246 683 2277 rapinis
703 2250 728 2270 et
746 2246 805 2269 aliis
826 2247 894 2270 malo
916 2247 1061 2279 acquisitis,
1082 2247 1224 2271 dummodo
1246 2247 1284 2270 hii
1305 2247 1402 2279 quibus
1421 2247 1541 2279 ipsorum
1562 2247 1693 2271 restitutio
1714 2247 1771 2271 fieri
1792 2247 1887 2271 debeat
1907 2250 2040 2279 nequeant
2058 2246 2180 2276 inveniri,
2196 2255 2297 2271 necnon
2311 2246 2344 2270 do

470 2290 631 2321 quibuslibet
650 2291 743 2322 legatis
768 2291 794 2314 in
818 2292 876 2323 pios
901 2300 963 2315 usus
986 2292 1094 2321 relictis,
1119 2292 1298 2324 redemptione
1322 2295 1443 2315 votorum
1463 2292 1741 2316 Jerosolimitanorum
1761 2292 1900 2316 dumtaxat
1918 2295 2035 2324 excepta,
2058 2300 2142 2324 usque
2161 2292 2194 2315 ad
2218 2292 2343 2316 ducentas

471 2343 572 2357 marcas
588 2335 690 2366 argenti
706 2335 821 2367 recipere
837 2336 941 2359 valcant
955 2344 976 2359 n.
994 2337 1070 2360 Arch.
1086 2337 1188 2368 depart.
1205 2337 1237 2360 de
1251 2336 1351 2365 l'Auhe,
1368 2336 1554 2368 apographum
1569 2337 1638 2368 quod
1655 2336 1780 2362 vidimus
1796 2330 1902 2365 dicitur,
1918 2345 1960 2360 an.
1978 2337 2048 2365 1254,
2064 2336 2177 2367 311s257.

474 2513 580 2549 234.
605 2523 784 2548 Innocentius
804 2525 848 2550 IV
862 2524 989 2550 concedit
1007 2525 1148 2560 provisori
1168 2529 1195 2551 et
1211 2525 1239 2551 in
1260 2525 1420 2560 theologica
1435 2525 1579 2560 facultate
1594 2525 1776 2551 studentibus
1795 2525 1909 2552 Gisterc.
1931 2524 2047 2551 Ordinis
2063 2524 2104 2550 ad
2120 2525 2147 2551 S.
2164 2523 2344 2550 Ber-nardum

561 2572 655 2597 Paris.
674 2575 705 2596 ut
717 2580 811 2597 eorum
827 2573 945 2598 novitios
961 2577 987 2599 et
1002 2582 1149 2599 conversos
1160 2578 1228 2610 post
1240 2574 1423 2610 probationis
1439 2578 1549 2610 tempus
1564 2574 1605 2600 ad
1616 2574 1826 2610 professionem
1842 2573 1996 2600 admittere
2007 2573 2130 2610 possint.

1681 2664 1760 2693 1254,
1775 2663 1863 2689 Martii
1877 2663 1914 2693 12,
1930 2663 2057 2690 Laterum.

568 2758 588 2763 ..
608 2733 790 2765 Provisori
819 2740 854 2766 et
882 2735 1068 2769 monachis
1102 2738 1310 2771 constitutis
1342 2738 1377 2770 in
1405 2737 1485 2771 loco
1516 2738 1578 2783 qui
1613 2737 1746 2770 dicitur
1780 2737 1880 2771 Beati
1915 2736 2092 2770 Bernardi
2126 2735 2344 2770 Parisiensis

477 2797 733 2831 Cisterciensis
750 2799 898 2832 Ordinis
918 2801 954 2833 in
971 2801 1175 2848 theologica
1195 2804 1362 2837 facultate
1384 2803 1628 2838 studentibus.
1652 2804 1795 2837 Dudum
1817 2815 1994 2849 personas
2009 2809 2149 2837 vestras
2170 2809 2206 2836 et
2224 2802 2345 2836 locum

478 2864 515 2896 in
544 2876 615 2908 quo
646 2864 714 2897 sub
744 2865 970 2899 observantia
1001 2869 1158 2913 regulari
1186 2870 1320 2916 degitis
1350 2870 1573 2904 desudantes
1603 2869 1789 2916 theologie
1817 2870 1938 2903 studio
1967 2869 2036 2903 sub
2063 2869 2159 2902 beati
2187 2869 2283 2902 Petri
2311 2875 2348 2902 et

478 2937 599 2963 nostra
628 2932 851 2975 protectione
881 2933 1008 2966 affectu
1039 2934 1208 2969 benivolo
1238 2937 1484 2980 admittentes,
1505 2937 1610 2971 vobis
1638 2943 1746 2983 prout
1773 2937 1950 2970 asseritur
1979 2936 2024 2969 de
2051 2936 2166 2982 gratia
2196 2934 2345 2981 speciali

2564 2510 2580 2573 ἒ

2562 2579 2580 2600 >²³
