2618 3640
681 414 728 436 AB
763 414 1007 443 ALEXANDRO
1042 414 1092 436 111
1126 415 1260 443 usqua
1295 415 1344 437 An
1377 416 1518 438 Annum
1554 417 1643 439 mcc.
2061 411 2104 442 25

221 490 293 522 Res
314 488 496 533 siquidem
517 494 574 521 est
592 487 780 521 familiaris
809 488 980 530 amicitia,
1002 488 1227 534 quotidianis
1248 489 1450 523 refricanda
1472 490 1766 532 salutationibus,
1789 493 1898 526 immo
1919 493 2103 539 irriganda

220 555 357 589 mutuis
377 554 699 595 collocutionibus,
722 561 758 588 et
777 555 870 588 forte
891 555 1099 588 renovanda
1124 567 1317 588 munerum
1345 557 1720 602 compensationibus.
1744 558 1880 592 Placuit
1902 560 2104 605 dignationi

218 611 340 656 vestre
359 633 418 655 me
438 633 677 655 annumerare
698 621 736 654 in
756 621 954 655 amicorum
975 628 1182 655 vestrorum
1204 622 1362 669 collegio
1384 623 1464 656 sine
1493 624 1622 657 merito
1650 625 1798 670 quidem
1822 638 1916 667 meo,
1939 626 2004 659 sed
2033 639 2103 659 non

219 689 304 723 sine
319 695 456 723 vestro.
478 689 649 722 Meritum
670 700 825 733 namque
847 688 1017 734 equitatis
1038 695 1107 731 est7
1129 689 1160 722 si
1181 701 1346 722 summus
1373 702 1413 723 se
1441 690 1591 724 inclinat
1610 691 1655 724 ad
1675 691 1858 734 infimum,
1880 705 2034 738 magnus
2062 694 2106 726 ad

193 790 195 792 ,
218 766 384 802 parvum,
405 755 532 789 valens
559 755 603 788 ad
630 754 828 788 infirmum.
858 757 916 788 Me
941 767 1123 796 vermem,
1153 768 1210 789 me
1240 757 1491 802 putredinem,
1515 770 1572 791 me
1594 759 1742 804 jamjam
1763 759 1806 792 ad
1828 771 1901 792 non
1925 772 2007 793 esse
2029 767 2107 793 ten-

221 822 366 856 dentem
387 828 539 868 reputo;
560 834 627 855 vos
648 834 729 855 cum
751 821 985 856 senatoribus
1005 822 1075 856 celi
1096 822 1267 856 thronum
1284 824 1427 869 justitie
1448 824 1688 858 honorantem
1710 826 1873 871 suscipio
1895 833 1931 859 et
1954 827 2106 872 angelos

220 901 302 923 cum
329 888 496 935 apostolo
519 888 745 934 judicantem
773 901 847 922 non
874 888 1015 922 dubito.
1045 890 1102 923 An
1130 890 1335 923 irrisorium
1366 898 1423 924 est
1447 898 1484 924 et
1503 904 1576 924 non
1597 904 1723 925 verum
1745 893 1843 938 quod
1870 893 1979 926 dico?
1998 893 2107 927 Plane

221 956 407 1002 Scripture
436 955 649 989 auctoritate
677 955 713 989 id
739 967 878 989 assero.
907 957 995 989 Nam
1026 956 1119 990 labia
1149 957 1350 990 sacerdotis
1380 958 1595 992 custodiunt
1623 959 1826 1002 scientiam,
1849 960 1932 1005 quia
1953 960 2107 1006 angelus

195 1031 198 1036 ¹
220 1023 367 1062 Domini
406 1023 630 1056 exercituum
671 1029 739 1056 est.
777 1022 992 1057 Amicabilia
1029 1030 1134 1065 sunt,
1174 1024 1418 1058 exhortatoria
1455 1032 1558 1067 sunt,
1603 1038 1648 1059 ne
1686 1027 1858 1060 dominus
1897 1034 1933 1060 et
1970 1028 2107 1061 amicus

221 1089 459 1124 obliviscatur
501 1101 624 1123 casum
671 1090 876 1135 graviorem
917 1090 961 1123 de
1004 1090 1150 1124 excelso
1191 1103 1297 1136 quam
1344 1092 1388 1125 de
1429 1092 1514 1125 imo.
1556 1093 1664 1126 Certe
1701 1093 1912 1127 sollicitudo
1946 1094 2108 1128 amicalis

221 1157 434 1202 frequenter
454 1157 570 1202 tangit
589 1168 646 1190 me
667 1157 854 1202 inquirere
875 1157 920 1190 de
942 1158 1041 1190 omni
1062 1164 1156 1191 statu
1181 1165 1322 1200 vestro,
1343 1165 1413 1192 tam
1441 1159 1485 1192 de
1511 1159 1677 1193 interiori
1703 1172 1809 1206 quam
1835 1161 1880 1194 de
1908 1161 2080 1195 exteriori
2099 1174 2106 1195 z

221 1230 257 1257 et
275 1223 410 1270 gratias
430 1235 498 1269 ago
515 1224 592 1256 Deo
614 1235 709 1264 meo7
727 1224 811 1268 quia
831 1236 906 1257 non
926 1224 998 1257 nisi
1019 1224 1113 1258 bona
1135 1225 1359 1267 nuntiantur,
1378 1238 1451 1258 non
1473 1226 1544 1259 nisi
1561 1226 1726 1269 honesta,
1745 1239 1819 1260 non
1839 1228 1911 1261 nisi
1933 1228 2053 1261 ordini
2074 1235 2111 1261 et

221 1289 341 1323 officio
365 1296 489 1324 vestro
517 1301 692 1335 congrua.
716 1290 791 1323 Oro
819 1297 859 1323 ut
887 1291 950 1335 qui
980 1291 1077 1336 cepit
1103 1291 1182 1336 ipse
1211 1291 1385 1336 perficiat.
1416 1293 1592 1338 Magister
1622 1294 1816 1339 Crispinus
1845 1294 1889 1327 de
1918 1294 2024 1328 vobis
2052 1307 2108 1328 me

220 1356 417 1398 letificavit⁷
439 1356 606 1389 referens
627 1356 724 1389 unde
745 1357 943 1402 gauderem
965 1364 1002 1390 et
1022 1358 1098 1390 Deo
1119 1357 1255 1403 gratias
1275 1370 1434 1403 agerem.
1463 1359 1630 1393 Clericus
1658 1367 1693 1393 et
1711 1361 1849 1394 amicus
1878 1368 2003 1394 noster
2030 1368 2106 1402 est;

221 1435 314 1469 eque
348 1423 535 1456 desiderat
568 1435 651 1456 esse
687 1430 723 1456 et
757 1430 892 1457 vester.
925 1425 1018 1457 Ecce
1058 1424 1220 1458 Parisius
1253 1425 1297 1458 ad
1334 1425 1454 1458 scolas
1488 1426 1606 1467 vadit⁷
1639 1427 1704 1459 sed
1740 1433 1776 1460 et
1808 1427 1944 1472 ubique
1975 1440 2108 1461 nomen

218 1497 381 1524 vestrum
410 1501 522 1536 super
549 1502 588 1523 se
619 1490 780 1524 invocari
808 1490 979 1536 postulat.
1010 1491 1107 1524 Utile
1136 1491 1307 1536 equidem
1338 1499 1394 1525 est
1422 1499 1519 1526 tanto
1547 1492 1703 1534 homini,
1727 1494 1788 1539 qui
1818 1501 1914 1527 tanta
1945 1495 2106 1531 omnium

220 1557 470 1591 sollicitudine
498 1568 591 1602 pene
620 1557 795 1590 continuo
823 1564 986 1599 vexatur,
1009 1558 1108 1603 quod
1129 1558 1186 1591 sui
1207 1559 1374 1604 corporis
1396 1560 1603 1593 necessaria
1624 1567 1660 1593 et
1679 1560 1838 1594 salubria
1860 1568 2106 1607 postponens,

219 1624 264 1658 ad
284 1624 537 1669 intemperiem
559 1624 787 1669 corporalem
809 1636 897 1670 sepe
919 1624 1112 1658 delabitur.
1136 1626 1240 1671 Rogo
1268 1637 1333 1670 pro
1355 1626 1436 1671 ipso
1450 1653 1458 1668 ‚
1482 1633 1518 1660 et
1537 1639 1618 1660 cuin
1640 1627 1741 1673 ipso⁷
1765 1628 1936 1673 quatinus
1957 1629 2108 1674 gratiam

220 1702 301 1740 non.
322 1690 466 1736 qualem
494 1690 636 1736 qualem
666 1691 828 1724 inveniat
852 1692 890 1724 in
917 1691 1035 1725 oculis
1062 1692 1210 1734 vestris,
1232 1693 1298 1725 sed
1326 1692 1471 1735 bonam,
1495 1694 1560 1727 sed
1590 1695 1803 1736 confertam,
1826 1695 1891 1728 sed
1919 1696 2109 1741 superagi-

219 1764 325 1791 tatam
347 1764 383 1791 et
407 1757 743 1803 supereffluentem.
767 1758 857 1791 Dico
883 1765 1002 1792 autem
1024 1759 1189 1805 gratiam,
1212 1771 1286 1792 non
1315 1758 1519 1805 pecuniam.
1550 1762 1623 1794 Hec
1652 1761 1748 1794 enim
1771 1763 1873 1806 juxta
1902 1762 2107 1807 apostolum

219 1824 384 1870 operanti
406 1824 579 1858 reddatur
599 1825 801 1858 secundum
830 1825 1011 1859 meritum.
1044 1827 1111 1859 Pre
1139 1826 1272 1859 ceteris
1299 1826 1367 1860 hoc
1395 1839 1507 1860 unum
1534 1827 1578 1861 ad
1608 1840 1762 1873 presens
1790 1829 1965 1874 postulat,
1995 1836 2035 1862 ut
2063 1829 2108 1864 de

220 1902 328 1925 manu
348 1898 468 1925 vestra
488 1891 666 1937 primitias
687 1891 893 1934 clericatus,
916 1892 953 1925 id
974 1899 1031 1926 est
1050 1905 1222 1926 coronam
1243 1893 1407 1939 accipiat.
1431 1895 1506 1927 Hoc
1524 1895 1659 1927 etenim
1681 1895 1789 1941 signo
1811 1902 1973 1941 accepto,
1991 1897 2108 1942 magis

219 1969 260 1991 se
280 1957 481 2004 obligatum
502 1970 589 2004 erga
610 1958 830 2004 obsequium
850 1966 1013 1993 vestrum
1035 1971 1109 1993 non
1130 1960 1310 1994 immerito
1332 1961 1508 2007 deinceps
1531 1961 1778 2004 arbitrabitur,
1797 1969 1833 1996 et
1851 1974 1917 1996 vos
1939 1957 2112 2008 tanquam*

219 2024 340 2070 plante
360 2031 482 2058 vestre
501 2024 638 2058 bonum
655 2026 740 2071 jure
761 2026 1015 2071 providebitis.
1039 2026 1160 2060 Credo
1190 2039 1255 2072 per
1283 2027 1350 2060 Dei
1375 2028 1525 2073 gratiam
1557 2029 1655 2074 quod
1685 2029 1775 2062 alter
1803 2029 1848 2062 de
1875 2029 1989 2063 altero
2019 2042 2108 2076 gau-

221 2091 335 2134 debit,
356 2098 393 2125 et
411 2093 487 2126 Deo
508 2099 728 2138 cooperante
749 2093 905 2126 fructum
928 2093 1056 2126 salutis
1076 2093 1195 2127 faciet.
1224 2094 1294 2127 Diu
1321 2095 1503 2140 siquidem
1529 2094 1708 2138 laboravi,
1731 2102 1767 2129 et
1791 2097 1940 2130 monitis
1966 2097 2106 2139 induxi,

221 2165 261 2192 ut
274 2159 407 2205 jugum
432 2159 470 2192 in
489 2166 571 2192 area
592 2159 739 2193 Domini
760 2159 932 2202 traheret,
956 2167 991 2193 et
1011 2160 1139 2206 glebas
1160 2167 1245 2206 post
1264 2161 1385 2207 ipsum
1406 2162 1668 2208 confringeret.
1697 2163 1836 2205 Valete,
1861 2170 1897 2197 et
1920 2163 1965 2196 de
1986 2164 2106 2197 reditu

217 2231 341 2258 vestro
362 2237 445 2259 cum
465 2226 660 2271 potueritis
680 2238 748 2260 nos
770 2226 978 2260 certificate.

313 2313 447 2338 Sirmoudi
464 2315 532 2346 Opp.
547 2321 606 2340 var.
626 2315 663 2338 111
682 2314 752 2347 (epp.
769 2315 839 2339 Petri
854 2316 871 2339 l.
889 2317 912 2344 7,
928 2298 970 2348 ep.
987 2316 1034 2349 16).
1050 2331 1082 2334 —
1097 2317 1193 2348 Migne,
1209 2317 1320 2342 Patrol.
1335 2317 1395 2346 lat„
1407 2321 1471 2341 tom.
1488 2318 1563 2347 CCII,
1580 2327 1606 2350 p.
1624 2319 1677 2342 538.
1693 2332 1724 2336 —
1739 2319 1841 2347 Petrus,
1858 2319 1929 2342 card.
1947 2319 1974 2342 S.
1991 2319 2104 2350 Chryso-

219 2358 291 2390 goni,
307 2366 349 2382 an.
367 2358 428 2382 1173
443 2362 547 2383 creatus
563 2362 604 2383 est
618 2359 776 2389 cnrdinalis;
789 2360 846 2392 jam
861 2369 903 2384 un.
921 2361 981 2384 1174
997 2364 1054 2384 erat
1068 2361 1173 2393 legatus
1189 2361 1215 2385 in
1231 2362 1350 2386 Francia.
1366 2362 1431 2386 Vide
1446 2371 1529 2394 supra
1544 2371 1569 2386 n.
1586 2363 1610 2386 8.

218 2539 297 2576 24.
319 2549 424 2575 Petrus
436 2547 582 2575 Blesensis
593 2548 750 2575 lecelinum
766 2549 930 2586 episcopum
949 2549 1195 2576 Sam-:beriensem
1217 2554 1310 2577 monet
1329 2554 1360 2577 ut
1374 2550 1501 2577 debitum
1516 2559 1642 2577 annuum
1655 2560 1710 2588 per
1723 2555 1840 2588 nepotes
1855 2561 1932 2586 suos,
1955 2561 2026 2588 quos
2046 2553 2104 2589 ipsi

306 2597 441 2624 Parisios
457 2596 630 2624 erudiendos
645 2598 757 2624 mittere
768 2598 953 2634 promiserat,
971 2597 1108 2625 solvatur.
1126 2600 1168 2626 De
1183 2599 1354 2626 educatione
1362 2600 1506 2636 juvenum.

1481 2690 1505 2716 θ.
1521 2698 1560 2716 an.
1577 2691 1589 2717 1
1592 2690 1650 2720 180,
1666 2691 1779 2717 Parlaiic.

307 2761 518 2795 Venerabili
548 2762 639 2808 patri
669 2774 709 2796 ac
736 2762 885 2796 domino
913 2765 990 2797 Joc.
1018 2764 1084 2797 Dei
1114 2764 1229 2810 gratia
1257 2764 1528 2798 Saresberiensi
1549 2765 1723 2811 episcopo
1753 2767 1883 2799 Petrus
1913 2766 2101 2800 Blesensis

219 2827 372 2862 salutem
394 2834 430 2862 et
449 2829 650 2863 veritatem.
673 2829 888 2864 Certissime
910 2830 1019 2864 michi
1041 2831 1260 2877 promiserat
1279 2838 1399 2865 vestra
1420 2831 1641 2878 benignitaS,
1665 2833 1763 2878 quod
1785 2840 1937 2879 nepotes
1958 2840 2101 2867 vestros

219 2894 310 2934 infra
336 2894 454 2929 natale
479 2895 625 2929 Domini
656 2897 860 2942 proximum
887 2897 1112 2932 erudiendos
1137 2898 1330 2932 mitteretis
1356 2899 1530 2941 Parisius,
1559 2906 1595 2932 et
1619 2911 1684 2945 per
1709 2911 1773 2933 eos
1800 2900 1976 2942 debitum,
2003 2900 2101 2945 quod

218 2960 327 2999 michi
347 2961 503 3004 debetis,
521 2974 680 2996 annuum
698 2963 904 2998 solveretis.
922 2965 1126 3011 Expectans
1146 2966 1331 3011 expectavi
1349 2966 1536 2999 dominum
1558 2977 1691 3008 meum,
1714 2978 1780 2999 nec
1802 2967 1958 3000 intendit
1977 2966 2097 2999 michi.

346 3020 440 3045 chart.
465 3019 542 3046 Unio.
562 3020 655 3046 Paris.
675 3021 696 3045 1.
1958 3025 1973 3049 4
