2580 3528
443 399 508 431 202
1028 408 1347 431 CHARTULAMUM
1382 408 1574 431 Uvasns.
1612 409 1741 431 rmus.
2225 399 2322 441 [1247

444 483 575 516 factum
596 483 706 516 suerit
731 483 767 515 in
795 482 860 516 1130
888 490 1001 528 parte,
1024 489 1165 528 gratum
1194 482 1328 516 habeas
1357 489 1390 515 et
1419 490 1604 529 acceptum
1633 496 1672 517 ac
1699 483 1809 517 facias
1837 481 1988 517 firmiter
2014 483 2215 518 observari.
2243 485 2324 519 Dat.

444 549 614 594 Lugduni
636 550 659 595 ij
682 550 731 582 id.
755 550 926 596 Augusti,
950 549 1181 595 pontificatus
1204 548 1319 583 nostri
1341 561 1436 582 anno
1454 550 1594 595 quintO.

524 662 592 685 Bibl.
609 665 662 685 nat.
679 662 763 685 Pau-is.
781 662 846 685 Con.
863 662 938 690 Dont,
955 662 1006 685 vol.
1024 662 1062 690 37,
1081 662 1125 685 fol.
1145 662 1198 685 124.
1215 675 1246 680 —
1261 661 1357 686 Revue
1371 663 1418 687 des
1431 657 1535 687 Etudes
1545 662 1647 693 juives,
1664 665 1728 686 tom.
1743 663 1754 686 Ι
1768 664 1807 692 (n⁰
1821 662 1853 694 2),
1869 671 1897 694 p.
1913 663 1967 686 295.
1977 676 2009 680 ——
2021 663 2091 687 Haec
2105 663 2219 695 epistola
2233 671 2325 687 neces-

444 707 515 730 sario
530 707 573 730 hie
592 706 655 738 poni
675 707 754 730 debet
773 707 806 730 ad
825 706 1012 738 intelligendas
1027 706 1129 730 litteras
1150 706 1250 730 Odonis
1268 706 1295 729 in
1315 706 1435 738 sequenti
1454 715 1564 730 numero
1579 706 1672 730 editas.
1696 706 1760 730 Vide
1774 709 1865 730 notam
1879 706 1986 731 ibidem.
2004 708 2171 732 Innocentius
2186 708 2220 732 lv
2234 707 2261 731 in
2275 708 2325 731 huc

444 751 557 783 epistola
570 751 602 775 de
617 751 729 774 Tulmud
745 755 770 774 et
785 751 861 774 libris
872 751 1034 774 Judneorum
1048 750 1138 774 mitius
1154 750 1271 782 loquitur
1287 759 1365 782 quam
1382 751 1408 774 in
1425 751 1469 774 illu
1486 751 1519 774 nd
1534 751 1646 774 eundem
1660 759 1750 783 regem
1766 750 1864 775 directa
1880 759 1962 783 supra
1976 755 2005 775 n⁰
2021 752 2064 775 131
2078 751 2222 784 publicata.

524 850 545 873 1.
562 849 658 874 Revue
671 857 811 881 perperam
834 858 845 872 «
866 849 1041 872 illustrissimi
1058 849 1130 880 regis
1149 857 1171 872 ».
1192 863 1223 867 —-
1238 850 1260 872 2.
1277 849 1371 874 Revue
1390 850 1458 873 male
1480 858 1492 873 «
1507 850 1562 873 filio
1577 858 1598 873 11.
1618 863 1650 867 -
1670 850 1695 873 3.
1713 850 1743 873 111
1761 850 1821 873 0011.
1837 849 1904 873 Dent
1918 849 2016 882 legitur
2032 858 2174 882 perperam
2193 857 2200 874 t
2222 859 2234 874 «
2251 851 2326 875 Unde

444 897 573 918 venerunt
587 894 643 917 sine
658 897 748 917 nostro
763 894 888 925 episcopo
905 894 1054 917 Tusculano
1070 893 1193 917 duximus
1205 902 1227 922 n,
1239 898 1290 918 etc.
1303 907 1335 911 —
1349 895 1371 917 [1.
1387 894 1406 917 1.
1423 902 1445 918 e.
1462 894 1584 918 Talmud.
1595 908 1627 912 —
1641 894 1797 926 5.1nte11ige
1813 903 1826 918 «
1841 894 1924 918 libros
1939 894 2085 918 Judeorum
2096 903 2119 918 11.
2130 908 2160 913 -
2170 896 2194 919 8.
2207 895 2326 927 Epistola

444 939 486 962 hic
502 942 646 962 memorata
662 942 687 962 et
702 939 735 962 nd
751 938 869 962 odonem
885 938 985 962 directa
1000 939 1033 961 ud
1049 947 1096 962 nos
1112 947 1163 961 non
1178 938 1308 970 pervenit.
1324 938 1381 962 Odo
1400 939 1519 970 ejusdem
1534 939 1561 962 in
1576 943 1605 962 11⁰
1625 939 1744 971 sequenti
1760 938 1919 963 mentionem
1935 939 2006 968 facit,
2023 942 2049 963 et
2065 947 2096 963 ex
2110 939 2157 963 illa
2171 940 2326 964 mandatum

443 992 529 1019 papae
544 985 632 1011 refert,
650 983 720 1015 quod
741 991 824 1015 paene
844 983 877 1006 nd
897 983 1008 1006 verbnm
1028 991 1087 1006 cum
1109 991 1190 1014 snpra
1212 983 1344 1015 exscripto
1364 984 1515 1008 coneordat.
1538 983 1658 1015 Epistola
1678 983 1763 1008 Odoni
1786 983 1868 1007 missa
1887 983 1944 1007 sine
1964 983 2045 1007 dubio
2065 983 2184 1016 ejusdem
2197 984 2326 1016 temporis

444 1032 520 1051 notae
536 1032 600 1056 craty
618 1028 686 1051 sicut
699 1028 744 1051 illa
761 1027 817 1059 regi
833 1023 942 1059 scripto.
961 1041 988 1046 --
1006 1029 1028 1051 7.
1043 1028 1136 1052 Revue
1152 1036 1163 1051 «
1180 1031 1290 1059 propter
1306 1036 1328 1052 11.

448 1236 556 1273 173.
589 1245 717 1271 Litterae
745 1244 851 1271 odonis
885 1245 996 1271 Tuscul.
1022 1245 1150 1282 episcopi
1179 1245 1301 1281 apostol.
1329 1245 1408 1272 sedis
1433 1245 1523 1280 legati
1547 1245 1588 1271 ad
1611 1245 1805 1272 Innocentium
1832 1254 1944 1282 papam
1974 1247 2020 1280 IV,
2052 1246 2158 1282 quibus
2186 1245 2327 1282 epistolas

535 1294 663 1329 Gregorii
687 1295 733 1320 IX
750 1303 839 1330 saper
857 1293 1094 1320 condemnatione
1120 1294 1241 1320 Talmud
1265 1294 1361 1321 editas
1386 1295 1496 1330 inserit,
1522 1298 1549 1321 et
1574 1295 1692 1332 insuper
1719 1304 1859 1321 summum
1879 1295 2047 1332 pontificem
2068 1295 2217 1322 certiorem
2239 1295 2324 1331 facit,

538 1343 658 1369 Talmud
676 1343 769 1378 fuisse
789 1343 944 1378 diligenter
965 1343 1163 1370 examinatura
1189 1343 1288 1370 habito
1313 1343 1433 1370 consilio
1458 1344 1582 1370 omnium
1603 1344 1807 1379 magistrorum
1823 1343 1986 1379 theologiae
2001 1348 2029 1370 et
2042 1344 2122 1380 juris
2144 1344 2276 1370 canonici
2299 1347 2327 1370 el

532 1389 656 1418 alior'um
672 1392 824 1419 multorum
840 1401 994 1428 omnesque
1009 1392 1108 1427 libros,
1127 1393 1178 1428 qui
1193 1396 1259 1418 tanc
1274 1392 1377 1419 haberi
1389 1397 1554 1429 potuerant,
1573 1397 1723 1420 crematos.

1684 1483 1762 1512 1247,
1776 1484 1840 1515 post
1854 1482 1912 1515 ¹119.
1929 1482 1966 1508 12.

534 1556 770 1590 Sanctissimo
803 1557 893 1602 patri
928 1569 967 1590 ac
1002 1557 1150 1590 domino
1180 1558 1206 1589 1.
1240 1557 1305 1589 Dei
1336 1557 1449 1602 gratia
1480 1569 1621 1590 summo
1652 1557 1814 1602 pontifici
1845 1557 1902 1591 Ο.1
1935 1557 2056 1590 divina
2091 1557 2325 1590 miseratione

442 1623 639 1656 Tusculan.
672 1623 868 1668 episcopus
897 1623 1097 1668 apostolice
1128 1623 1227 1656 sedis
1257 1623 1399 1669 legatus
1430 1623 1559 1657 devota
1588 1623 1721 1669 pedum
1753 1623 1876 1657 oscula
1906 1623 2107 1657 beatorum.
2140 1622 2325 1657 Sanctitati

442 1697 562 1723 vestre
590 1690 726 1735 placuit
752 1689 861 1723 michi
890 1690 974 1723 darc
1001 1702 1118 1735 nuper
1145 1690 1181 1723 in
1211 1690 1401 1732 mandatis,
1429 1697 1465 1724 ut
1493 1690 1604 1724 michi
1629 1691 1783 1724 facerem
1806 1690 1970 1724 exhiberi
1995 1690 2149 1724 Talmud
2174 1697 2210 1724 et
2233 1690 2325 1724 alios

442 1756 558 1789 libros
587 1757 786 1790 Judcorum
817 1763 850 1790 et
879 1757 980 1802 ipsos
1009 1757 1154 1802 inspici,
1184 1763 1219 1790 et
1249 1757 1450 1802 inspiciens
1480 1757 1678 1803 diligenter
1707 1757 1857 1791 eosdem
1888 1758 2079 1791 tolerarem
2105 1757 2143 1790 in
2171 1756 2255 1800 hiis,
2286 1757 2324 1790 111

442 1823 577 1868 quibus
598 1823 799 1856 secundum
823 1824 936 1856 Deum
960 1823 1039 1856 sine
1061 1823 1147 1856 fidei
1167 1823 1364 1857 christiane
1385 1824 1516 1869 injuria
1537 1824 1699 1858 viderem
1720 1824 1944 1866 tolerandos,
1963 1831 1998 1857 et
2013 1824 2198 1870 magistris
2219 1823 2325 1857 resti-

442 1897 581 1923 tuerem
610 1890 823 1924 Judeorum.
854 1892 901 1924 Ut
927 1897 1045 1923 autem
1077 1891 1302 1924 sanctitatem
1330 1897 1487 1924 vestram
1519 1903 1591 1924 non
1621 1891 1729 1924 lateat
1753 1903 1950 1937 processus
1975 1891 2157 1937 quondam
2178 1889 2324 1924 habitus

442 1957 535 1990 circa
566 1957 681 1990 libros
714 1957 900 2002 predictos
933 1963 966 1990 et
998 1969 1042 1990 ne
1074 1957 1259 2002 contingat
1294 1957 1451 2003 aliquem
1483 1958 1738 1991 circumveniri
1773 1958 1809 1990 in
1840 1958 1910 1991 isto
1946 1957 2094 2003 negotio
2125 1957 2260 1991 astucia
2289 1963 2325 1990 et

443 2024 641 2056 mendaciis
670 2024 884 2065 Judeorum,
914 2024 1057 2057 noverit
1085 2024 1255 2057 sanctitas
1281 2031 1400 2057 vestra
1429 2025 1527 2069 quod
1558 2031 1721 2070 tempore
1747 2024 1865 2058 felicis
1893 2024 2158 2058 recordationis
2185 2023 2323 2057 domini

442 2090 613 2136 Gregorii
635 2103 725 2135 pape
747 2090 891 2135 quidam
914 2102 1115 2123 conversus
1136 2090 1333 2124 Nicholaus
1355 2091 1521 2124 nomine²
1543 2091 1639 2124 dicto
1661 2103 1803 2124 summo
1824 2091 1986 2136 pontifici
2012 2090 2203 2133 intimavit,
2225 2089 2324 2136 quod

440 2157 546 2191 Judei
581 2157 663 2203 lege
696 2157 823 2198 veteri,
860 2169 966 2202 quam
1000 2157 1179 2190 Dominus
1214 2169 1279 2202 per
1313 2159 1465 2203 Moysen
1500 2158 1536 2190 in
1567 2158 1714 2203 scriptis
1749 2158 1876 2200 edidit,
1912 2170 1985 2191 non
2018 2157 2180 2191 contenti
2213 2157 2323 2191 immo

441 2236 594 2270 prorsus
627 2224 777 2257 eandem
815 2224 1123 2269 pretermittentes
1157 2224 1333 2257 affirmant
1366 2224 1483 2270 legem
1519 2225 1638 2266 aliam,
1674 2237 1744 2270 que
1779 2225 1950 2266 Talmud,
1985 2225 2022 2258 id
2056 2231 2112 2258 est
2145 2224 2322 2266 doctrina,

442 2292 587 2333 dicitur,
614 2292 807 2325 Dominum
836 2291 998 2324 edidisse
1028 2303 1067 2324 ac
1097 2290 1210 2325 verbo
1239 2292 1357 2337 Moysi
1387 2292 1552 2325 traditam
1579 2299 1614 2325 et
1638 2292 1810 2326 insertam
1839 2304 1965 2325 eornm
1991 2291 2175 2325 mentibus
2199 2291 2325 2324 dicunt

441 2359 577 2392 tamdiu
598 2359 677 2391 sinc
697 2359 844 2404 scriptis
865 2365 1056 2400 servatam,
1078 2358 1195 2391 donec
1216 2358 1361 2403 quidam
1383 2366 1575 2401 venerunt,
1597 2371 1690 2404 quos
1709 2359 1893 2405 sapientes
1913 2365 1948 2392 et
1969 2358 2108 2392 scribas
2126 2357 2322 2404 appellant,

441 2426 502 2471 (1111
525 2438 615 2467 eam,
640 2438 684 2458 ne
707 2437 771 2471 per
792 2425 1015 2459 oblivionem
1037 2437 1055 2458 a
1077 2425 1260 2458 mentibus
1286 2425 1473 2459 hominum
1496 2426 1693 2468 laberetur,
1715 2426 1751 2459 in
1774 2426 2004 2471 scripturam,
2026 2426 2131 2471 cujus
2151 2424 2323 2459 volumen

441 2493 477 2525 in
508 2493 725 2525 immensum
757 2492 899 2525 excedit
929 2499 1063 2525 textum
1099 2491 1226 2534 biblie,
1262 2493 1497 2538 redegerunt,
1529 2493 1566 2526 in
1594 2505 1663 2538 qua
1695 2499 1747 2526 tot
1777 2492 1976 2526 abusiones
2007 2499 2042 2525 et
2069 2498 2122 2525 tot
2150 2490 2322 2537 nepharia

442 2559 687 2600 continentur,
719 2559 817 2604 quod
847 2559 978 2604 pudori
1010 2558 1255 2592 referentibus
1281 2566 1315 2592 et
1335 2559 1569 2593 audientibus
1600 2566 1686 2593 sunt
1714 2559 1872 2602 horrori,
1895 2566 1930 2592 et
1955 2559 2046 2592 hane
2073 2570 2156 2592 esse
2177 2569 2321 2591 causam

442 2626 664 2671 precipuam,
695 2638 764 2671 quc
794 2626 932 2659 Judeos
967 2626 1003 2658 in
1038 2637 1102 2658 sua
1137 2625 1288 2671 perfidia
1323 2627 1455 2660 retinet
1489 2626 1706 2660 obstinatos.
1739 2627 1816 2659 Hiis
1846 2626 1981 2660 auditis
2012 2625 2147 2671 placuit
2178 2636 2320 2658 summo

442 2692 603 2737 pontifici
621 2692 782 2725 scribere
805 2693 987 2726 universis
1009 2691 1295 2738 archiepiscopis
1316 2705 1381 2738 per
1403 2705 1557 2739 regnum
1575 2694 1724 2726 Francie
1741 2693 1950 2727 constitutis
1970 2693 2007 2725 in
2028 2691 2124 2725 hunc
2145 2691 2291 2724 modum
2311 2702 2319 2723 :

532 2774 547 2790 «
572 2759 776 2804 Gregorius
798 2759 994 2804 episcopus
1014 2771 1143 2792 servus
1165 2771 1354 2793 servorum
1376 2760 1442 2792 Dei
1463 2759 1736 2793 venerabilibus
1757 2759 1930 2793 fratribus
1950 2757 2236 2804 archiepiscopis
2257 2769 2322 2802 per

442 2838 594 2871 regnum
623 2825 771 2858 Francie
797 2825 1005 2858 constitutis
1033 2825 1076 2857 ad
1097 2837 1190 2870 quos
1216 2825 1284 2858 iste
1310 2825 1429 2859 littere
1458 2826 1693 2871 pervenerint
1718 2825 1870 2859 salutem
1896 2832 1932 2859 et
1951 2824 2185 2871 apostolicam
2209 2823 2322 2857 bene-

441 2893 650 2926 dictionem.
675 2892 710 2926 Si
731 2904 815 2925 vcra
837 2898 920 2925 sunt
947 2903 1017 2936 que
1044 2891 1087 2924 de
1112 2891 1239 2924 Judeis
1261 2892 1298 2924 in
1319 2890 1433 2937 regno
1455 2893 1604 2925 Francie
1626 2899 1661 2925 et
1681 2892 1761 2925 aliis
1787 2892 1987 2937 provinciis
2010 2890 2320 2924 commorantibus

440 2966 667 3000 asseruntur,
691 2958 788 2992 nulla
810 2959 854 2991 de
876 2958 967 3003 ipsis
989 2964 1087 2990 esset
1112 2969 1202 3002 pena
1229 2957 1414 2991 sufficiens
1432 2958 1516 3004 *sive
1537 2958 1661 3004 digna,
1683 2958 1753 3004 ipsi
1779 2958 1874 2991 enim
1898 2958 1990 2992 sicut
2011 2958 2217 3003 accepimus
2238 2957 2320 3002 lege

565 3019 604 3042 2⁴3.
