2580 3528
229 409 327 450 1259]
569 419 615 441 AB
649 419 756 441 Asso
792 418 870 441 uec
904 418 1038 447 nsque
1073 419 1123 440 An
1158 418 1390 441 rnlmrrmi
1427 419 1467 441 iv
1502 419 1590 441 REG.
1627 420 1766 442 rasse.
2043 413 2108 444 391

228 499 335 526 tatem
360 504 426 526 seu
446 493 671 526 consortium
683 493 784 537 juxta
811 498 1021 538 preceptum
1048 498 1213 525 nostrum
1241 491 1360 525 taliter
1380 492 1570 525 admittere
1591 505 1631 525 ac
1653 493 1810 525 retinere
1837 506 1910 526 non
1935 495 2109 535 curzwint,

226 571 333 605 quam
373 559 478 592 etiam
514 571 642 592 omnes
676 558 742 600 illi,
783 559 845 604 qui
879 565 1004 592 contra
1045 557 1300 591 inhibitionem
1341 558 1551 603 hujusmodi
1591 558 1736 604 publice
1766 559 1824 592 vel
1854 560 2009 601 occulte,
2044 573 2108 593 seu

225 626 358 671 quovis
378 625 449 659 alio
470 625 579 659 modo
599 626 725 659 venire
754 625 1059 671 presumpserint,
1082 637 1125 658 eo
1146 625 1227 670 ipso
1254 625 1470 658 sententiam
1498 625 1883 658 excomimlnicationis
1910 626 2110 667 incurrant,

224 704 244 726 a
278 703 348 738 qua
382 691 591 726 nullatenus
624 691 765 726 absolvi
799 692 953 733 valeant,
986 692 1057 725 nisi
1087 692 1332 737 personaliter
1364 692 1408 724 ad
1443 691 1678 737 apostolicam
1714 692 1838 725 sedem
1874 693 2109 734 accesserint,

225 758 495 792 absolutionem
516 758 727 804 hujusmodi
754 759 914 804 petituri.
937 760 1051 791 Porro
1077 770 1158 791 cum
1188 770 1254 804 per
1275 758 1544 804 predicationes
1567 765 1602 792 et
1623 758 1890 803 disputationes
1916 759 2109 793 Guillermi

224 825 271 858 de
297 825 428 858 Sancto
453 826 588 858 Amore
617 826 747 858 fratres
782 825 950 870 predicti,
977 825 1053 870 qui,
1082 832 1121 858 ut
1148 824 1334 859 Christum
1365 825 1602 866 lucrifaciant,
1635 824 1874 870 abjectionem
1905 825 2110 858 voluntarie

225 891 448 938 paupertatis
477 891 638 937 elegisse
663 898 866 925 noscuntur
891 898 926 924 et
946 891 1180 937 quamplures
1206 891 1266 924 alii
1287 891 1421 924 fuerint
1447 892 1606 937 graviter
1631 891 1816 933 diffamati,
1834 904 1902 925 nos
1923 891 1966 925 ad
1983 892 2112 924 consu-

225 958 368 992 tandam
390 970 503 1004 super
523 958 591 991 hoc
613 958 730 1004 ipsius
746 958 940 992 Guillermi
962 958 1138 991 maliciam
1161 965 1194 991 et
1216 958 1468 991 elucidandam
1490 958 1526 991 in
1548 957 1681 991 talibus
1702 958 1903 998 veritatem,
1925 958 2110 991 universis

224 1025 374 1070 prelatis
412 1025 551 1058 litteras
589 1032 746 1066 nostraS,
777 1025 912 1070 quibus
947 1031 1077 1058 statum
1118 1024 1296 1058 dictorum
1345 1025 1492 1058 fratrum
1524 1037 1597 1057 non
1627 1025 1778 1070 indigne
1813 1024 2109 1070 approbavimus,

224 1091 396 1124 duximus
418 1091 665 1133 destinandas,
693 1103 844 1137 quarum
871 1098 1018 1124 tenores
1044 1103 1109 1136 per
1133 1098 1167 1124 te
1193 1091 1251 1124 vel
1277 1103 1342 1136 per
1370 1091 1461 1124 alios
1487 1091 1648 1124 Parisius
1669 1098 1704 1124 et
1729 1090 1815 1124 alibi
1831 1091 1868 1124 in
1885 1091 2052 1124 ecclesiis
2074 1099 2108 1124 et

224 1157 318 1191 locis
347 1157 429 1191 aliis
446 1158 483 1191 in
513 1157 825 1203 predicationibus
851 1157 1008 1203 publicis
1043 1164 1149 1203 prout
1175 1157 1347 1203 expedire
1373 1157 1510 1191 videris
1541 1169 1661 1191 coram
1688 1157 1786 1191 clero
1815 1164 1850 1190 et
1876 1157 2011 1203 populo
2036 1165 2107 1191 tam

223 1223 348 1258 latinis
373 1236 478 1270 quam
503 1223 718 1270 vulgaribus
743 1224 866 1258 verbis
901 1236 1084 1270 exponere
1115 1224 1263 1257 studeas
1294 1224 1502 1269 diligenter.
1534 1225 1690 1269 Insuper
1724 1224 1904 1269 quendam
1941 1224 2106 1258 libellum

224 1291 402 1324 famosum
434 1297 469 1324 et
497 1290 750 1324 detestabilem
780 1290 824 1325 ab
859 1290 987 1323 eodem
1014 1291 1058 1323 G.
1086 1290 1238 1331 editum,
1269 1297 1376 1335 prout
1411 1290 1556 1335 publice
1586 1290 1680 1335 apud
1711 1291 1835 1323 sedem
1871 1291 2106 1336 apostolicam

222 1357 420 1391 confessus
440 1357 568 1399 extitit,
592 1369 699 1403 quein
721 1369 786 1402 per
806 1368 874 1390 nos
896 1357 941 1390 de
961 1357 1110 1390 fratrum
1138 1363 1347 1389 nostrorum
1369 1356 1533 1389 consilio
1547 1357 1825 1390 condemnatum
1848 1357 1933 1402 igne
1954 1358 2107 1390 cremari

222 1423 390 1464 fecimus,
411 1424 516 1469 cujus
537 1423 664 1457 titulus
682 1435 689 1456 :
713 1423 910 1457 Tractatus
929 1423 1046 1457 brevis
1063 1422 1106 1456 de
1121 1422 1300 1468 periculis
1320 1423 1594 1456 novissimorum
1616 1428 1825 1468 temporum,
1844 1425 2107 1469 nuncupattw‘,

223 1490 443 1536 principium
459 1497 578 1524 autem
596 1491 675 1536 ejus
692 1497 768 1523 erat
785 1501 793 1522 ι
810 1490 902 1524 Ecce
916 1488 1074 1524 videntes
1092 1489 1294 1523 clamabunt
1305 1489 1416 1533 foris,
1435 1501 1578 1522 necnon
1600 1496 1635 1522 et
1655 1489 1831 1534 quosdam
1852 1489 1944 1522 alios
1960 1489 2109 1523 libellos

222 1557 384 1590 famosos
408 1557 446 1590 in
471 1557 652 1590 infamiam
679 1563 715 1590 et
735 1556 1032 1590 detractationem
1058 1555 1259 1589 eorundem
1285 1556 1434 1589 fratrum
1460 1555 1504 1589 ab
1525 1567 1652 1588 eorum
1678 1555 1809 1589 emulis
1840 1556 1876 1588 in
1902 1556 2047 1589 litterali
2073 1564 2108 1590 ct

222 1623 365 1670 vulgari
399 1635 569 1657 sermone
604 1635 748 1658 necnon
782 1623 924 1656 rismis’
959 1629 995 1656 et
1029 1622 1221 1656 cantilenis
1255 1622 1512 1656 indecentibus
1547 1622 1591 1655 de
1623 1634 1717 1656 novo
1744 1629 1782 1655 ut
1807 1622 1940 1655 dicitur
1974 1622 2107 1665 editos,

222 1701 317 1736 quos
341 1689 408 1723 tibi
433 1689 597 1723 exhiberi
621 1690 744 1731 facias,
771 1690 982 1723 detentores
1002 1689 1047 1722 ad
1070 1688 1330 1722 exhibitionem
1361 1689 1524 1734 ipsorum
1552 1701 1616 1734 per
1636 1700 1825 1722 censuram
1844 1688 2106 1722 ecclesiaticam

221 1755 466 1802 appellatione
500 1757 702 1803 postposita
727 1755 996 1802 compellendo,
1023 1755 1231 1789 convocatis
1266 1755 1451 1801 magistris
1477 1762 1511 1788 et
1537 1755 1741 1788 scolaribus
1767 1755 1927 1789 Parisius
1953 1756 2106 1789 existen-

224 1822 323 1857 tibus
346 1823 457 1857 sacias
482 1822 628 1869 publice
653 1835 774 1857 coram
795 1822 967 1856 omnibus
987 1823 1073 1868 igne
1094 1822 1258 1856 cremari.
1277 1823 1446 1856 Preterea
1471 1822 1674 1856 Guillotum
1700 1821 1884 1855 bedellum
1912 1822 2106 1855 scolarium

223 1889 383 1924 nationis
408 1889 642 1924 Picardorum
668 1902 734 1936 pro
760 1901 816 1932 eo,
844 1889 943 1935 quod
968 1901 1034 1922 sue
1059 1889 1188 1922 salutis
1213 1889 1405 1922 immemor
1425 1889 1461 1921 in
1483 1888 1664 1922 dominica
1686 1889 1730 1921 de
1753 1889 1873 1922 Ramis
1904 1889 2105 1922 Palmarum

222 1956 388 2002 proximo
427 1956 619 2002 preterita⁸
658 1956 868 2002 predicante
908 1955 1041 1990 dilecto
1076 1955 1151 1989 filio
1185 1956 1294 1989 fratre
1333 1955 1469 1989 Thoma
1501 1955 1545 1988 de
1574 1955 1721 2001 Aquino
1752 1955 1916 2000 ejusdem
1956 1956 2107 1989 Ordinis

223 2023 495 2057 Predicatorum
521 2023 702 2070 quendam
732 2022 898 2057 libellum
922 2023 1135 2064 famosum‘,
1171 2034 1277 2068 quem
1314 2029 1439 2068 utpote
1474 2029 1599 2055 contra
1629 2022 1777 2055 cosdem
1804 2023 1933 2055 fratres
1969 2022 2104 2056 editum

224 2088 371 2135 publice
395 2089 671 2136 reprobaveraS,
701 2096 907 2136 contempta
933 2089 1320 2123 excommunicationis
1354 2089 1547 2131 sententia,
1574 2101 1680 2134 quam
1707 2089 1743 2122 in
1769 2101 1897 2122 omnes
1923 2096 2104 2131 auctores,

222 2155 433 2190 detentores
472 2162 506 2190 et
544 2156 790 2202 publicatores
828 2156 946 2202 ipsius
984 2155 1099 2189 libelli
1139 2156 1350 2189 auctoritate
1385 2155 1566 2188 ordinaria
1606 2155 1860 2200 promulgasse
1890 2155 2036 2193 diceris,
2068 2155 2104 2188 in

221 2229 421 2268 conspectu
455 2222 543 2256 cleri
574 2229 610 2256 et
638 2223 763 2269 populi
793 2230 879 2256 tunc
909 2222 1044 2256 ibidem
1076 2222 1307 2255 existentium
1339 2222 1375 2255 in
1406 2222 1457 2255 tui
1488 2229 1522 2255 et
1552 2222 1715 2267 ipsorum
1750 2223 1898 2255 fratrum
1935 2221 2102 2267 injuriam

223 2288 409 2334 publicare
439 2289 675 2335 presumpsit,
706 2289 1054 2323 excommunicatum
1095 2288 1330 2334 presentibus
1369 2288 1554 2334 magistris
1585 2295 1619 2321 et
1649 2288 1852 2321 scolaribus
1883 2288 2103 2333 supradictis

222 2355 372 2389 studeas
401 2356 582 2398 nuntiare,
614 2355 789 2401 privando
819 2355 938 2400 ipsum
970 2354 1231 2388 nichilominus
1261 2361 1438 2400 perpetuo
1469 2354 1738 2387 bedellionatus
1768 2354 1899 2395 officio,
1927 2354 1973 2387 ita
2004 2354 2100 2399 quod

223 2421 314 2455 illud
335 2434 402 2455 nec
424 2434 488 2468 per
509 2434 548 2455 se
569 2433 688 2467 neque
710 2433 774 2467 per
799 2421 908 2455 alium
930 2421 1100 2454 decetero
1126 2433 1296 2454 exercere
1318 2427 1516 2466 presumat,
1543 2432 1609 2454 nec
1635 2421 1740 2453 etiam
1763 2420 1931 2454 salarium
1954 2419 2102 2466 aliquod

223 2488 308 2530 sibi,
349 2500 456 2534 quem
498 2488 543 2522 de
581 2488 725 2522 civitate
763 2487 961 2522 Parisiensi
1004 2487 1148 2521 sublato
1188 2486 1443 2533 appellationis
1482 2486 1671 2520 obstaculo
1711 2493 1888 2532 perpetuo
1926 2499 2101 2532 procures

221 2554 420 2601 expellere,
442 2562 565 2601 petere
586 2555 643 2589 vel
665 2555 827 2601 recipere
848 2554 954 2588 liceat
974 2554 1113 2588 ratione
1137 2553 1245 2587 oflicii
1266 2554 1498 2599 suprffllicti‘,
1524 2553 1658 2587 auxilio
1683 2554 1861 2587 carissimi
1885 2553 1921 2586 in
1954 2553 2101 2588 Christo

219 2620 287 2655 filii
311 2621 427 2656 nostri
446 2648 467 2655 ..
486 2622 586 2668 regis
612 2621 760 2655 Francie
786 2620 940 2654 illustris
962 2621 1006 2654 ad
1032 2620 1223 2666 premissa,
1245 2620 1274 2653 si
1301 2632 1394 2666 opus
1419 2620 1539 2662 suerit,
1567 2620 1746 2662 invocato,
1772 2631 1845 2653 nou
1871 2619 2102 2653 obstantibus

218 2687 513 2734 quibuscumque
541 2687 849 2735 appellationibus
873 2701 891 2722 a
912 2687 1019 2721 dictis
1052 2687 1249 2733 magistris,
1277 2686 1481 2720 rectoribus
1506 2693 1542 2720 et
1565 2686 1769 2720 scolaribus
1803 2686 2016 2732 interjectis.
2045 2687 2100 2720 Ad

219 2753 288 2789 hec
312 2754 496 2797 volumus,
522 2762 561 2789 ut
590 2767 718 2789 omnes
745 2754 812 2796 illi,
834 2754 895 2800 qui
922 2754 1097 2800 deinceps
1126 2753 1336 2799 hujusmodi
1381 2753 1528 2787 libellos
1557 2753 1614 2787 vel
1653 2753 1865 2787 consimiles
1905 2753 2013 2786 edere
2043 2753 2099 2786 vel

220 2821 386 2855 detinere
402 2833 467 2856 seu
493 2821 692 2868 publicare,
709 2827 770 2856 aut
790 2822 965 2867 prefatum
984 2820 1167 2855 bedelltim
1185 2820 1346 2854 Parisius
1376 2820 1551 2854 reducere
1581 2820 1885 2866 presumpserint,
1912 2820 1991 2865 ipso
2008 2820 2101 2852 sacto

221 2888 437 2922 sententiam
477 2888 862 2922 excommunicationis
902 2888 1101 2930 incurrant,
1130 2890 1149 2920 a
1179 2899 1248 2933 qua
1288 2886 1435 2920 nonnisi
1469 2887 1571 2932 juxta
1602 2886 1746 2919 modum
1786 2885 1926 2919 absolvi
1960 2885 2099 2919 valcant

221 2961 464 3000 prenotatam.
483 2956 677 2989 Presentes
692 2961 809 2990 autem
836 2954 975 2988 litteras
992 2954 1090 2987 omni
1107 2965 1206 2987 mora
1222 2960 1255 2987 et
1273 2953 1482 2987 difficultate
1500 2953 1701 2998 postposita
1717 2964 1836 2985 coram
1864 2951 2098 2985 universitate
