2580 3528
469 374 535 407 368
1050 383 1369 405 crusni-ommium
1404 383 1594 408 unwans.
1631 384 1760 406 rmus.
2242 374 2339 416 [1257

469 457 660 503 privatum.
690 458 806 498 Latas,
834 462 897 491 etc.
928 462 967 490 ut
992 468 1102 502 supra
1130 466 1169 490 n⁰
1195 458 1271 490 316.
1300 458 1378 490 Dat.
1406 457 1560 491 Viterbii
1583 458 1644 503 viij
1667 458 1736 491 kal.
1759 458 1944 500 Octobris,
1970 457 2200 504 pontificatus
2225 458 2342 492 nostri

469 536 563 557 anno
584 524 704 557 tertio.

563 622 601 646 Ex
622 622 779 654 apographo
797 621 936 653 originalis
957 621 1028 652 (olim
1053 621 1080 644 in
1095 625 1224 645 conventu
1240 621 1267 645 S.
1288 621 1386 645 Mariae
1404 621 1437 644 ad
1457 621 1562 646 Gradus
1577 621 1676 645 Viterb.
1693 622 1838 654 existentis)
1853 623 1881 646 in
1896 622 1972 646 Arch.
1989 622 2054 647 ord.
2069 623 2166 655 Ripoll,
2182 623 2261 648 Bull.
2278 623 2342 649 ord.

469 668 582 695 Praeti..
599 667 619 697 I,
634 668 689 696 349,
706 671 735 690 n⁰
749 667 804 691 180.
819 666 960 694 Bononiae,
976 666 1021 689 ubi
1038 666 1117 689 etium
1132 666 1261 697 originale
1277 666 1378 689 servari
1393 666 1514 694 debebat,
1530 666 1597 689 illud
1609 666 1725 698 reperire
1739 674 1791 690 non
1806 667 1951 698 potuimus.

565 752 587 775 1.
603 751 731 782 Magistro
746 751 844 774 Jacobo
861 751 892 774 de
907 750 1095 778 Buuncamhio,
1112 750 1175 774 Ord.
1192 750 1296 778 Praed.,
1313 750 1358 781 qui
1373 750 1423 773 sub
1438 749 1590 773 Innocentio
1605 750 1639 774 1v
1649 750 1739 782 aliquo
1752 753 1870 782 tempore
1885 750 1935 774 suit
1948 751 2179 776 vicecancellarius
2195 752 2221 776 S.
2232 753 2262 777 R.
2274 753 2303 776 E.
2319 755 2345 777 et

470 796 504 820 ab
518 796 547 819 31
564 796 624 819 Maii
639 796 698 819 1244
714 795 854 827 episcopus
875 794 1056 818 Bononiensis.
1074 794 1249 825 Hieronymus
1269 794 1383 817 Borselli
1405 794 1469 818 dicit
1483 803 1543 818 eum
1564 794 1645 818 fuisse
1661 794 1688 818 in
1703 794 1786 823 curia,
1806 795 1911 827 quando
1926 795 2061 819 Guillelmi
2075 796 2108 820 de
2126 797 2153 820 S.
2169 797 2263 821 Amore
2276 797 2345 821 liber

469 841 658 864 condemnatus
674 840 730 863 suit.
750 841 851 864 Chron.
868 839 894 862 in
909 839 978 862 Bibl.
995 838 1073 862 Univ.
1090 839 1200 868 Bonon.,
1216 846 1265 861 ms.
1283 839 1352 866 1999,
1370 839 1414 862 sol.
1431 838 1486 862 53¹1

469 1019 580 1056 319.
604 1027 772 1054 Alexander
787 1028 832 1061 IV,
849 1027 1012 1063 petentibus
1028 1026 1172 1061 fratribus
1192 1026 1311 1061 Praed„
1329 1026 1491 1061 Reginaldo
1507 1027 1641 1063 episcopo
1656 1027 1820 1053 Parisiensi
1839 1027 1969 1054 concedit
1987 1027 2159 1062 facultatem
2179 1028 2346 1055 absolvendi

557 1077 710 1111 magistros
725 1080 753 1102 et
765 1076 913 1102 scholares
927 1076 1023 1102 Paris.
1041 1075 1188 1101 mandatis
1204 1075 1372 1111 apostolicis
1387 1075 1561 1102 obedientes.

1623 1153 1671 1178 126
1674 1153 1698 1182 7,
1714 1152 1874 1185 septembrio
1888 1154 1934 1183 27,
1951 1153 2058 1180 Viterbii.

556 1227 762 1260 Alexander
795 1227 992 1272 episcopus
1031 1238 1161 1259 servus
1200 1238 1389 1259 servorum
1425 1227 1492 1260 Dei
1525 1226 1726 1260 venerabili
1757 1227 1857 1261 fratri
1885 1255 1906 1260 ..
1939 1228 2112 1274 episcopo
2147 1228 2344 1262 Parisiensi

469 1294 620 1328 salutem
643 1300 678 1327 et
697 1293 932 1339 apostolicam
954 1293 1262 1326 benedictionem.
1281 1293 1412 1326 Dilecti
1432 1293 1498 1326 filii
1520 1294 1620 1339 prior
1639 1301 1676 1327 et
1694 1294 1824 1327 fratres
1845 1294 2096 1328 Predicatores
2118 1295 2344 1329 Parisienses

467 1361 574 1394 nobis
601 1360 786 1393 humiliter
815 1360 1078 1405 supplicarunt,
1108 1366 1147 1393 ut
1173 1372 1254 1393 cum
1285 1360 1454 1393 nonnulli
1483 1361 1648 1406 magistri
1676 1367 1712 1394 et
1740 1361 1901 1395 scolares
1926 1361 2153 1395 Parisienses
2178 1368 2343 1407 pretextu

467 1428 651 1461 discordie
681 1439 797 1472 usque
832 1439 928 1460 nunc
970 1427 1131 1460 Parisius
1165 1426 1287 1460 habite
1321 1434 1357 1460 et
1386 1427 1578 1460 occasione
1615 1427 1837 1461 detentionis
1876 1428 2063 1474 cujusdam
2104 1428 2220 1462 libelli
2257 1428 2342 1462 olim

467 1495 648 1540 dampnati
668 1507 686 1527 a
702 1493 823 1534 nobis,
841 1495 945 1538 cujus
967 1493 1186 1539 principium
1208 1500 1284 1527 erat
1300 1505 1306 1526 :
1324 1494 1416 1528 Ecce
1434 1493 1592 1528 videntes
1610 1494 1811 1543 clamabunt
1819 1495 1937 1540 foris,
1956 1495 2122 1528 dicantur
2137 1507 2344 1529 excommu-

467 1562 659 1594 nicationis
681 1561 895 1594 sententiam
917 1561 1118 1594 incurrisse
1139 1560 1334 1606 providere
1355 1572 1466 1606 super
1486 1560 1554 1594 hoc
1575 1561 1770 1594 salubriter
1790 1573 2013 1595 curaremus.
2041 1563 2115 1596 Nos
2142 1553 2263 1608 itaque
2291 1562 2344 1596 sic

467 1629 633 1663 volentes
654 1629 816 1673 ipsorum
839 1628 876 1660 in
896 1627 962 1661 hac
983 1634 1083 1673 parte
1105 1627 1213 1660 saluti
1233 1627 1441 1669 consulere,
1464 1634 1503 1661 ut
1524 1628 1676 1673 equitati
1698 1634 1823 1661 nostre
1844 1629 2025 1662 sententie
2046 1640 2158 1675 super
2181 1629 2250 1663 hoc
2273 1629 2344 1663 late

468 1695 676 1728 nullatenus
704 1695 920 1740 derogetur,
941 1694 1155 1727 fraternitati
1181 1701 1241 1727 tue
1266 1706 1332 1740 per
1356 1694 1555 1740 apostolica
1576 1695 1709 1740 scripta
1729 1695 1960 1737 mandamus,
1983 1696 2153 1741 quatinus
2174 1695 2344 1730 omnibus

468 1762 651 1808 magistris
679 1769 715 1795 et
741 1761 958 1803 scolaribus,
986 1762 1048 1807 qui
1073 1761 1265 1795 occasione
1291 1761 1387 1795 dicte
1408 1761 1592 1795 discordie
1613 1774 1652 1795 ac
1673 1762 1802 1808 prefati
1828 1762 1944 1795 libelli
1969 1762 2167 1805 interdicti,
2189 1760 2344 1809 suspen-

467 1829 595 1869 sionis,
625 1835 686 1862 aut
713 1828 1098 1862 excommunicationis
1125 1828 1326 1862 sententias
1352 1835 1476 1862 nostra
1502 1828 1561 1862 vel
1588 1829 1715 1874 quavis
1745 1829 1956 1862 auctoritate
1984 1829 2142 1874 prolatas
2168 1829 2344 1874 hactenus

467 1897 712 1937 incurrerunt,
742 1902 932 1940 postquam
959 1895 1024 1928 tibi
1050 1895 1157 1940 plene
1183 1895 1400 1936 constiterit,
1428 1895 1526 1940 quod
1551 1895 1622 1941 ipsi
1649 1895 1915 1929 ordinationem
1945 1902 2118 1938 nostram,
2145 1908 2251 1941 quam
2277 1908 2343 1942 pro

467 1963 743 1996 conservatione
772 1962 883 1996 studii
913 1962 1132 1995 Parisiensis
1161 1962 1205 1994 de
1235 1961 1391 1995 consilio
1422 1962 1571 1995 fratrum
1601 1968 1810 1995 nostrorum
1841 1962 2037 2004 edidimus,
2068 1969 2104 1996 et
2128 1975 2199 2008 que
2228 1959 2362 1997 conti-'

466 2036 598 2063 nentur
616 2030 653 2062 in
671 2030 761 2074 ipsa,
780 2029 996 2062 sententiam
1016 2041 1162 2074 quoque
1183 2040 1222 2062 ac
1243 2035 1374 2062 statuta
1394 2029 1432 2061 in
1453 2041 1493 2062 ea
1512 2041 1577 2074 per
1597 2041 1665 2062 nos
1686 2040 1859 2074 expressa
1879 2029 2077 2075 diligenter
2096 2036 2132 2063 et
2151 2029 2344 2064 efficaciter

468 2109 507 2130 ac
544 2096 622 2129 sine
656 2096 774 2141 aliqua
804 2096 950 2129 fictione
980 2095 1178 2129 observent
1212 2102 1247 2128 et
1279 2096 1453 2137 caverint,
1484 2083 1583 2141 quod
1612 2096 1782 2129 decetero
1812 2096 1936 2129 eadem
1967 2095 2273 2139 observabuntur,
2302 2108 2343 2131 ac

466 2163 600 2196 dictum
619 2163 782 2195 libellum
804 2175 956 2208 prorsus
977 2163 1014 2195 in
1035 2169 1110 2196 toto
1132 2169 1167 2195 et
1186 2162 1223 2195 in
1245 2162 1407 2207 qualibet
1426 2163 1483 2195 sui
1504 2169 1604 2208 parte
1625 2162 1897 2196 combusserint
1913 2175 1952 2196 ac
1972 2163 2120 2196 omnino
2138 2164 2345 2198 curaverint

467 2230 627 2272 abolere,
658 2230 868 2263 auctoritate
899 2236 1023 2263 nostra
1048 2230 1149 2274 juxta
1179 2229 1329 2262 formam
1361 2229 1516 2263 ecclesie
1548 2228 1766 2262 beneficium
1798 2229 2041 2263 absolutionis
2075 2230 2277 2276 impendas,
2308 2237 2345 2264 et

468 2297 661 2342 dispenses
686 2309 766 2329 cum
793 2297 847 2329 eis
873 2308 985 2341 super
1004 2295 1349 2341 irregularitatibus,
1372 2296 1402 2329 si
1424 2308 1514 2341 quas
1534 2296 1687 2330 forsitan
1707 2296 1900 2330 occasione
1920 2295 2131 2341 hujusmodi
2156 2303 2343 2347 contraxe-

469 2363 551 2396 rint.
574 2365 652 2396 Dat.
674 2363 830 2397 Viterbii
851 2376 871 2396 v
893 2363 961 2396 kal.
985 2362 1170 2404 Octobris,
1193 2362 1424 2408 pontificatus
1446 2363 1563 2396 nostri
1584 2375 1678 2396 anno
1700 2363 1818 2396 tertio.

560 2460 703 2491 Maynum
718 2462 807 2486 chart.
824 2461 888 2485 eccl.
902 2461 996 2486 Paris.
1013 2461 1038 2484 in
1055 2461 1132 2484 Arch.
1149 2464 1202 2484 nat.
1219 2461 1305 2484 Paris.
1320 2461 1368 2484 LL.
1386 2461 1440 2490 183,
1458 2461 1502 2485 fol.
1521 2461 1574 2485 187.
1587 2475 1616 2479 —
1632 2461 1755 2490 Bulaeus,
1772 2461 1817 2490 111,
1834 2462 1888 2484 344.

469 2639 580 2675 320.
605 2648 771 2675 Alexander
786 2651 830 2676 IV
839 2650 1000 2685 Reginaldo
1016 2651 1150 2687 episcopo
1167 2651 1262 2676 Paris.
1281 2651 1497 2676 instrumentum
1515 2650 1693 2685 transmittit,
1711 2650 1740 2676 in
1756 2658 1811 2686 quo
1820 2650 2017 2686 juramentum
2031 2649 2137 2676 Odonis
2152 2649 2188 2675 de
2202 2651 2300 2675 Duaco
2316 2653 2344 2676 et

561 2697 717 2723 Christiani
731 2698 912 2725 Beluae-ensis
929 2699 1096 2734 continetur,
1116 2700 1198 2735 eique
1214 2699 1338 2735 injungit
1353 2702 1384 2725 ut
1398 2699 1616 2725 instrumentum
1628 2698 1765 2735 publicet.

1679 2788 1756 2818 1257,
1774 2786 1891 2814 Octobris
1904 2789 1930 2817 2,
1948 2787 2055 2813 Viterbii.

529 2859 763 2893 'Alexander
796 2862 992 2907 episcopus
1025 2863 1154 2896 servus
1189 2874 1377 2896 servorum
1413 2862 1480 2895 Dei
1514 2861 1714 2895 venerabili
1747 2862 1848 2895 fratri
1876 2888 1897 2895 ..
1933 2862 2107 2907 episcopo
2144 2862 2342 2896 Parisiensi

470 2925 621 2958 salutem
661 2933 695 2959 et
733 2928 965 2972 apostolicam
1001 2929 1307 2962 benedictionem.
1344 2929 1435 2962 Cum
1470 2928 1557 2961 olim
1591 2928 1686 2973 apud
1721 2928 1845 2961 sedem
1880 2928 2116 2973 apostolicam
2154 2928 2342 2962 constituti
