2580 3528
471 425 536 457 634
1055 429 1371 452 CHARTULARIUM
1406 427 1595 449 umvans.
1632 426 1761 448 Panis.
2247 417 2347 458 [1285

471 507 610 535 damnatis
630 506 675 529 sed
689 505 777 537 potius
794 506 825 529 de
840 505 900 528 aliis
915 503 1084 536 opinionibus
1107 502 1217 534 Aegidii,
1242 510 1308 534 quae
1330 510 1346 525 a
1366 501 1499 532 Stephano
1519 500 1631 531 aliisque
1646 499 1827 522 verisimiliter
1841 499 1932 522 eodem
1947 503 2074 531 tempore,
2098 508 2149 531 quo
2164 500 2196 524 de
2211 499 2346 532 aliquibus

473 551 609 576 sententiis
630 550 745 574 Thomna
766 550 797 573 de
818 549 928 581 Aquino,
949 548 1103 572 nominatim
1124 549 1157 571 de
1177 546 1290 571 unitate
1308 548 1425 576 formae,
1449 544 1613 568 tractabatur
1634 545 1676 575 (cf,
1697 551 1778 580 supra
1801 543 1834 566 „ia
1853 544 1906 571 517,
1922 552 1947 567 n.
1965 545 1991 572 7;
2008 544 2053 567 518
2073 547 2099 567 et
2116 544 2186 568 infra
2202 545 2266 575 523),
2285 548 2347 568 sunt

471 596 636 627 reprobatae.

473 823 749 860 523.J0l1annes
765 830 914 862 Pcckham,
933 828 1166 863 archiepiscopus
1186 826 1403 852 Cantuariensis
1428 825 1536 851 Olivero
1553 826 1686 861 episcopo
1704 825 1898 851 Lincolniensi
1912 829 2015 851 nam-ae
2035 825 2161 861 qualiter·
2181 826 2243 862 ipse
2258 830 2346 863 atque

560 881 691 915 magistri
705 879 886 905 Parisienses
909 886 970 903 cnm
985 878 1078 911 fratre
1098 876 1202 901 Thema
1223 875 1258 901 dc
1278 875 1391 910 Aquino
1408 874 1627 910 disputaverint,
1645 873 1788 909 simulque
1803 874 1957 901 discrimen
1974 875 2048 901 inter
2066 874 2182 901 scholas
2208 875 2344 901 ordinum

562 930 700 954 Minor-um
723 932 749 953 et
763 927 1000 953 Praedicator-um.
1016 925 1160 951 describit.

1654 999 1728 1029 1285,
1743 999 1813 1026 duni!
1824 1000 1842 1029 1,
1859 1000 1927 1032 apud
1940 1000 2058 1026 warham.

561 1106 683 1137 Frater
708 1105 753 1145 J.,
776 1109 854 1144 etc„
878 1101 1078 1136 venerabili
1107 1101 1207 1134 fratri
1235 1100 1383 1133 domino
1412 1101 1478 1133 Dei
1506 1100 1621 1145 gratia
1649 1100 1899 1133 Lincolniensi
1927 1101 2101 1146 episcopo
2130 1100 2283 1134 salutem
2310 1108 2346 1135 et

470 1172 646 1204 sinceram
668 1171 705 1202 in
726 1170 881 1202 Domino
903 1169 1098 1201 caritatem.
1122 1167 1222 1200 Licet
1242 1166 1363 1200 Chore
1384 1173 1420 1199 et
1440 1167 1496 1200 sui
1517 1167 1554 1199 in
1575 1166 1726 1212 perfidia
1747 1167 1946 1212 complices
1966 1167 2052 1200 olim
2078 1167 2216 1213 Moysis
2241 1179 2344 1201 sacro

470 1237 685 1283 principatui
707 1237 934 1276 resistentes,
953 1246 1045 1279 quos
1065 1234 1248 1267 horrende
1271 1233 1475 1267 severitatis
1491 1233 1632 1278 judicio
1652 1233 1755 1267 vivos
1776 1233 1964 1267 devoravit
1983 1234 2137 1275 inferus,
2154 1240 2194 1267 ut
2213 1234 2346 1268 clareat

469 1311 639 1349 quantum
662 1303 799 1336 zeletur
824 1302 1001 1335 Dominus
1024 1313 1088 1346 pro
1118 1300 1321 1334 reverentia
1346 1299 1550 1333 exhibenda
1572 1300 1719 1345 prelatis
1746 1300 1916 1342 ecclesie,
1934 1307 2181 1346 quantumque
2201 1307 2345 1334 contra·

467 1371 559 1403 rium
581 1371 799 1411 detestetur3
828 1368 1021 1414 predulces
1043 1374 1162 1400 tamen
1183 1367 1405 1412 psalmorum
1428 1367 1566 1400 moduli
1588 1367 1752 1412 ejusdem
1775 1366 1895 1401 Chore
1917 1367 2003 1400 filiis
2024 1367 2288 1409 inscribuntur,
2308 1374 2345 1400 ut
2364 1353 2366 1356 .

469 1444 585 1482 pateat
617 1436 818 1477 manifeste,
855 1447 928 1468 non
961 1446 1134 1468 evacuare
1170 1446 1271 1467 sacre
1306 1434 1551 1467 multitudinis
1585 1433 1738 1479 gloriam
1774 1445 1895 1466 casum
1932 1446 1975 1467 ex
2009 1433 2147 1475 eadem,
2179 1434 2344 1478 quamvis

467 1503 631 1548 precipui
658 1503 766 1535 unius
787 1501 844 1535 vel
870 1501 1026 1547 plurium
1054 1512 1325 1546 perversorum,
1348 1500 1412 1533 sed
1433 1500 1745 1545 perseverantium
1771 1500 1889 1545 glorie
1915 1500 2037 1545 potius
2061 1500 2234 1542 attestari,
2258 1500 2342 1533 dum

468 1581 680 1614 perversum
706 1575 811 1613 caput
836 1580 909 1601 non
935 1568 1100 1612 sequitur
1125 1567 1192 1600 fixa
1218 1579 1283 1612 per
1308 1567 1459 1612 gratiam
1482 1566 1659 1606 stabilitas
1681 1566 1839 1599 filiorum
1928 1567 2023 1599 Dicit
2049 1566 2209 1611 [quidam
2234 1567 2344 1599 frater

467 1636 555 1669 Ord,
578 1635 847 1668 Predicatorum
870 1635 907 1667 in
926 1634 1083 1679 Anglia],
1102 1646 1169 1667 nos
1191 1634 1402 1679 opinionem
1425 1648 1440 1664 «
1459 1633 1504 1666 de
1526 1633 1661 1666 unitate
1682 1634 1798 1666 forme
1816 1647 1832 1664 »
1856 1632 2058 1666 rationibus
2079 1639 2115 1666 et
2135 1639 2342 1666 sanctorum

468 1702 685 1735 testimoniis
706 1708 969 1747 persequentes
989 1701 1027 1733 in
1047 1707 1228 1733 mortuum
1249 1701 1466 1746 impingere,
1490 1700 1588 1745 quod
1609 1707 1665 1733 est
1684 1700 1827 1733 falsum.
1850 1700 1947 1743 Quin
1968 1700 2097 1745 potius
2112 1699 2178 1742 ei',
2201 1699 2246 1732 de
2271 1711 2342 1744 quo

466 1769 639 1813 loquitur,
675 1781 754 1801 cum
786 1780 850 1813 pro
878 1767 942 1800 hac
972 1767 1144 1813 opinione
1175 1767 1218 1800 ab
1250 1767 1423 1812 episcopo
1451 1767 1649 1800 Parisiensi
1679 1773 1714 1800 et
1743 1767 1929 1812 magistris
1959 1766 2157 1812 theologie,
2189 1766 2295 1799 etiam
2324 1778 2343 1799 a

464 1835 635 1868 fratribus
653 1835 810 1880 propriis
827 1841 1042 1880 argueretur
1059 1835 1220 1879 argute²,
1240 1846 1307 1867 nos
1329 1833 1398 1867 soli
1420 1834 1537 1867 eidem
1560 1834 1779 1875 adstitimus,
1797 1833 1929 1879 ipsum,
1949 1840 2057 1878 prout
2077 1832 2175 1866 salva
2190 1833 2342 1866 veritate

466 1902 662 1947 potuimus,
704 1899 963 1942 defensando³,
1001 1901 1117 1934 donec
1155 1901 1234 1946 ipse
1274 1913 1401 1934 omnes
1442 1901 1647 1946 positiones
1687 1912 1784 1942 suas,
1821 1899 1955 1945 quibus
1995 1900 2111 1945 possit
2152 1899 2343 1932 imminere

466 1969 657 2010 correctio,
679 1969 770 2001 sicut
794 1968 921 2001 doctor
940 1967 1090 2001 humilis
1111 1967 1267 2012 subjecit
1288 1967 1527 2000 moderamini
1549 1967 1808 2000 parisiensium
1832 1967 2102 2012 magistrorum.
2125 1967 2205 1999 Non
2230 1965 2344 2011 igitur

466 2035 585 2079 ipsum
613 2035 881 2080 persequimur,
908 2041 964 2067 set
989 2034 1232 2079 arrogantiam
1259 2034 1534 2075 nonnullorum,
1564 2033 1626 2078 qui
1652 2033 1823 2066 elatiores
1849 2045 1955 2078 quam
1983 2033 2206 2078 capaciores,
2233 2032 2343 2065 auda·

466 2101 583 2134 ciores
612 2114 716 2146 quam
744 2101 989 2146 potenciores,
1012 2100 1237 2146 garruliores
1265 2113 1371 2145 quam
1401 2100 1642 2133 litteraciores
1672 2106 1889 2145 presumunt
1917 2106 2080 2132 astruere
2111 2098 2210 2144 quod
2237 2098 2344 2144 igno-

466 2174 555 2209 rant,
584 2174 616 2200 et
638 2169 794 2212 juvenes
819 2166 1042 2200 seducibiles
1068 2166 1233 2199 alliciunt
1257 2167 1294 2198 in
1319 2166 1387 2199 hoc
1414 2166 1546 2211 ipsum.
1569 2167 1642 2198 Nec
1667 2166 1789 2206 modo,
1819 2172 1856 2199 ut
1879 2166 2058 2210 impostor
2083 2165 2224 2207 astruit,
2251 2165 2342 2198 inci-

466 2235 583 2279 pimus
615 2234 695 2267 talia
723 2235 950 2279 impugnare,
979 2233 1066 2278 quin
1096 2233 1217 2278 potius
1246 2233 1381 2265 dudum
1412 2233 1579 2278 legentes
1610 2233 1784 2274 Parisius,
1815 2232 1851 2265 in
1883 2232 2030 2278 Anglia,
2058 2239 2094 2265 et
2118 2232 2155 2264 in
2185 2233 2343 2264 Romana

466 2301 586 2334 0111“1ῑ1’ι
615 2301 759 2346 publice
789 2301 912 2333 multis
943 2300 1047 2333 annis
1078 2299 1214 2333 Christi
1254 2300 1450 2332 assistente
1477 2299 1592 2345 gratia
1623 2312 1695 2332 non
1723 2299 1948 2332 cessavimus
1976 2299 2013 2331 in
2040 2298 2097 2332 his
2128 2305 2163 2331 et
2192 2298 2229 2331 in
2259 2298 2340 2331 aliis

467 2368 707 2412 imperterrite
739 2367 1031 2413 irreprehensam
1064 2373 1228 2400 astruere
1259 2366 1446 2400 veritatem
1547 2368 1715 2399 Preterea
1747 2366 1889 2399 noverit
1922 2366 2014 2411 ipse,
2048 2365 2144 2410 quod
2176 2364 2340 2410 philoso-

467 2433 618 2478 phorum
642 2435 759 2466 studia
781 2434 927 2467 minime
949 2433 1199 2479 reprobamus,
1219 2433 1389 2478 quatinus
1406 2433 1589 2478 mysteriis
1606 2432 1825 2478 theologicis
1846 2432 2081 2472 famulantur3
2100 2438 2156 2465 set
2171 2432 2340 2476 profanas

467 2511 595 2532 vocum
624 2501 813 2542 novitates,
843 2513 912 2545 que
942 2507 1066 2533 eontra
1103 2499 1390 2545 philosophicam
1428 2500 1614 2532 veritatem
1645 2506 1731 2532 sunt
1757 2499 1794 2531 in
1823 2505 2029 2532 sanctorum
2056 2498 2225 2543 injuriam
2252 2498 2340 2530 citra

469 2565 596 2610 viginti
622 2578 735 2598 annos
762 2567 799 2598 in
824 2566 1034 2599 altitudines
1056 2566 1281 2611 theologicas
1302 2566 1522 2608 introducte,
1545 2566 1696 2611 abjectis
1717 2573 1752 2598 et
1770 2565 1962 2610 vilipensis
1988 2571 2195 2598 sanctorum
2221 2575 2340 2597 asser-

472 2631 630 2664 tionibus
659 2632 856 2665 evidenter.
880 2633 957 2676 Que
979 2633 1025 2666 sit
1045 2645 1132 2678 ergo
1159 2632 1312 2666 solidior
1339 2639 1374 2666 et
1399 2633 1522 2666 sanior
1548 2633 1725 2674 doctrina,
1752 2631 1809 2666 vel
1836 2631 1993 2664 filiorum
2022 2631 2117 2663 beati
2142 2630 2339 2671 Francisci,

471 2704 592 2730 sancte
620 2697 758 2730 scilicet
786 2699 957 2731 memorie
983 2699 1103 2732 fratris
1130 2699 1347 2732 Alexandri⁶
1375 2712 1414 2732 ac
1440 2699 1560 2732 fratris
1587 2700 1840 2732 Bonaventure
1868 2704 1901 2730 et
1928 2697 2187 2738 consimilium,
2214 2696 2276 2741 qui
2302 2696 2339 2728 in

471 2764 547 2796 suis
570 2763 779 2796 tractatibus
799 2763 842 2796 ab
864 2765 961 2796 omni
982 2765 1159 2798 calumnia
1179 2765 1308 2798 alienis
1329 2766 1463 2798 sanctis
1484 2773 1519 2798 et
1539 2764 1769 2810 philosophis
1789 2765 1994 2797 innituntur
2012 2774 2019 2797 :
2042 2763 2099 2796 vel
2120 2762 2180 2795 illa
2197 2762 2339 2795 novella

472 2830 574 2875 quasi
596 2836 666 2863 tota
687 2830 879 2872 contraria,
900 2842 969 2875 que
990 2831 1163 2875 quicquid
1185 2832 1291 2865 docet
1310 2833 1540 2876 Augustinus
1563 2833 1607 2865 tle
1630 2831 1768 2877 regulis
1790 2830 1940 2870 eternis,
1962 2830 2006 2862 de
2032 2829 2112 2862 luce
2139 2829 2340 2862 incommu—

470 2896 584 2938 tabili,
620 2897 664 2929 de
699 2897 871 2941 potentiis
901 2897 1031 2938 anime,
1063 2897 1106 2929 de
1141 2897 1343 2930 rationibus
1378 2898 1617 2931 seminalibus
1651 2898 1777 2931 inditis
1809 2897 1992 2938 materie&
2022 2902 2057 2928 et
2085 2894 2340 2928 consimilibus

471 2963 686 3004 innumeris,
708 2963 862 2996 destruit
882 2974 947 3007 pro
967 2962 1107 2996 viribus
1129 2970 1160 2995 et
1183 2971 1341 3006 enervat,
1360 2977 1501 3010 pugnas
1522 2964 1715 2998 verborum
1738 2964 1900 2996 inferens
1922 2962 1985 2996 toti
2006 2962 2166 2995 mundo?
2185 2961 2341 2995 Videant

580 3021 617 3044 so.
