2580 3528
268 421 365 462 1277]
604 431 652 454 ΑΒ
685 432 792 455 anuo
826 432 904 455 mcc
939 432 1072 462 usqua
1107 433 1155 455 An
1191 433 1420 456 PHILIPPUM
1456 434 1496 456 tv
1531 436 1618 458 unc.
1655 437 1791 459 rnANc.
2080 429 2144 463 547

355 505 412 539 58.
437 505 543 549 Quod
565 505 665 539 Deus
685 512 742 539 est
767 518 875 540 causa
900 506 1108 540 necessaria
1134 507 1250 552 prime
1275 507 1519 553 intelligentie
1543 521 1550 541 :
1573 521 1642 554 qua
1668 510 1784 555 posita
1811 511 1958 555 ponitur
1978 511 2143 554 effectus,

265 578 303 606 et
320 577 407 606 sunt
426 571 536 606 simul
556 571 759 606 duratione.

354 643 409 677 59.
435 642 544 687 Quod
564 643 664 676 Deus
685 650 742 677 est
760 655 868 678 causa
888 644 1096 678 necessaria
1116 651 1237 678 motus
1257 646 1488 691 corporum⁸⁸
1509 647 1740 692 superiorum
1763 654 1798 680 et
1818 648 2087 693 conjunctionis
2108 655 2144 682 et

265 708 459 743 divisionis
479 709 702 744 continentis
722 710 760 743 in
781 710 911 744 stellis.

352 781 409 814 60.
435 780 542 824 Quod
576 780 621 815 ad
650 780 732 822 hoc,
765 782 863 827 quod
890 794 1018 816 omnes
1047 783 1199 816 effectus
1229 783 1303 816 sint
1331 784 1531 817 necessarii
1561 791 1730 830 respectu
1760 796 1869 818 cause
1904 785 2033 831 prime,
2069 798 2142 819 non

263 846 409 889 sufficit,
431 847 530 893 quod
555 848 634 894 ipsa
658 859 766 882 causa
793 849 907 894 prima
935 861 1009 883 non
1037 850 1084 883 sit
1108 849 1352 895 impedibilis;
1381 850 1447 884 sed
1475 851 1645 897 exigitur,
1674 851 1772 897 quod
1799 864 1908 885 cause
1929 852 2047 885 medie
2068 864 2141 885 non

263 913 338 948 sint
361 913 607 960 impedibiles.
628 935 673 940 —
699 916 824 957 Error,
853 915 938 961 quia
958 922 1044 950 tunc
1069 917 1168 950 Deus
1195 928 1269 950 non
1297 923 1424 962 posset
1446 917 1566 951 facere
1592 918 1759 952 effectum
1786 919 2034 952 necessarium
2061 919 2141 952 sine

263 981 384 1014 causis
404 981 684 1027 posterioribus.

351 1052 406 1086 61.
433 1052 540 1096 Quod
568 1053 667 1087 Deus
695 1054 814 1099 possit
841 1065 950 1099 agere
977 1054 1170 1096 contraria,
1201 1054 1270 1089 hoc
1299 1062 1367 1098 est,
1401 1056 1581 1090 mediante
1609 1068 1764 1102 corpore
1791 1056 1933 1098 celesti,
1959 1057 2057 1102 quod
2085 1063 2141 1091 est

263 1117 447 1153 diversum
468 1119 506 1152 in
527 1118 601 1152 ubi.

351 1190 407 1224 62.
433 1190 542 1234 Quod
565 1191 665 1224 Deus
690 1198 747 1225 est
771 1191 911 1226 infinite
936 1193 1093 1234 virtutis,
1122 1205 1195 1226 non
1221 1194 1304 1239 quia
1328 1194 1431 1228 saciat
1457 1194 1595 1240 aliquid
1621 1194 1666 1227 de
1692 1194 1840 1236 nichilo,
1863 1195 1928 1228 sed
1953 1195 2037 1240 quia
2057 1207 2139 1228 con-

263 1255 379 1290 tinuat
397 1263 533 1290 motum
554 1256 747 1291 infinitum.

350 1327 406 1361 63.
433 1327 542 1371 Quod
562 1329 662 1362 Deus
682 1340 756 1362 non
776 1335 898 1374 potest
918 1330 954 1363 in
975 1330 1143 1364 effectum
1164 1342 1272 1364 cause
1293 1331 1617 1365 secundat-imina
1643 1332 1721 1377 ipsa
1741 1343 1849 1365 causa
1869 1332 2085 1366 secundaria
2097 1332 2136 1365 ⁸⁷.

350 1399 406 1433 64.
433 1398 539 1442 Quod
560 1399 712 1433 effectus
732 1400 952 1434 inmediatus
977 1413 996 1434 a
1018 1401 1134 1446 primo
1156 1401 1265 1435 debet
1285 1414 1367 1436 esse
1389 1414 1485 1435 unus
1506 1409 1657 1444 tantum,
1677 1410 1713 1436 et
1732 1403 1941 1436 simillimus
1962 1404 2092 1449 primo.

349 1470 404 1504 65.
431 1469 539 1514 Quod
568 1471 668 1504 Deus
696 1471 755 1505 vel
784 1471 1026 1517 intelligentia
1057 1484 1130 1506 non
1159 1473 1319 1507 infundit
1346 1473 1533 1507 scientiam
1565 1474 1683 1507 anime
1713 1473 1868 1508 humane
1903 1475 1939 1507 in
1970 1486 2136 1520 sompno,

261 1535 333 1573 nisi
354 1535 535 1571 mediante
555 1549 710 1583 corpore
729 1537 870 1572 celesti.

349 1608 405 1642 66.
431 1608 540 1651 Quod
561 1607 687 1654 plures
708 1615 794 1643 sunt
813 1616 974 1644 motores
995 1610 1114 1656 primi.

348 1679 404 1713 67.
430 1679 538 1722 Quod
558 1680 713 1725 primum
735 1680 912 1715 inmobile
932 1681 1148 1728 simpliciter
1168 1694 1242 1716 non
1262 1689 1396 1724 movet,
1419 1683 1490 1717 nisi
1510 1683 1632 1728 aliquo
1650 1690 1747 1717 moto
1768 1684 1963 1726 mediante,
1985 1691 2021 1718 et
2040 1685 2138 1730 quod

261 1743 331 1779 tale
352 1757 504 1780 movens
524 1745 702 1781 inmobile
722 1753 780 1781 est
798 1759 882 1794 pars
904 1749 990 1782 moti
1011 1760 1055 1782 ex
1075 1761 1127 1783 se.

349 1817 405 1851 68.
431 1817 540 1861 Quod
565 1818 726 1864 potentia
752 1819 881 1862 activa,
909 1831 980 1866 que
1006 1827 1127 1866 potest
1151 1832 1234 1855 esse
1260 1821 1341 1855 sine
1365 1821 1590 1867 operatione,
1617 1828 1674 1855 est
1698 1822 1858 1868 potentie
1887 1823 2030 1868 passive
2056 1835 2138 1868 per-

260 1881 381 1917 mixta.
401 1903 448 1909 -
467 1884 593 1926 Error,
613 1885 645 1918 si
666 1884 893 1931 intelligatur
913 1885 958 1919 de
979 1898 1207 1933 quacumque
1227 1888 1440 1934 operatione
1452 1887 1491 1921 ⁸⁸.

349 1954 405 1988 69.
431 1955 539 1998 Quod
573 1954 776 1990 substantie
811 1963 989 2003 separate,
1025 1969 1069 1991 eo
1104 1958 1203 2004 quod
1236 1958 1372 1992 habent
1399 1971 1512 1992 unum
1541 1959 1752 2005 appetitum,
1783 1971 1857 1992 non
1888 1965 2071 1994 mutantur
2100 1960 2137 1993 in

260 2031 373 2067 opere
384 2020 424 2054 ⁸⁹.

350 2092 405 2127 70.
431 2092 540 2136 Quod
570 2093 829 2140 intelligentie,
861 2095 938 2129 sive
968 2095 1171 2130 substantie
1207 2103 1385 2143 separate,
1420 2109 1511 2142 quas
1545 2097 1672 2130 dicunt
1704 2104 1861 2138 eternas,
1897 2109 1970 2131 non
2004 2097 2138 2132 habent

261 2158 410 2204 proprie
428 2170 573 2193 causam
595 2160 826 2203 efficientem,
850 2162 915 2196 sed
943 2162 1202 2208 metaphorice,
1229 2163 1313 2209 quia
1338 2163 1472 2197 habent
1496 2170 1772 2198 conservantem
1798 2175 1941 2198 causam
1968 2164 2005 2197 in
2030 2176 2135 2205 esse3

261 2224 327 2258 sed
347 2236 421 2259 non
442 2232 528 2259 sunt
545 2226 637 2260 facte
658 2227 704 2261 de
724 2239 833 2271 novo,
854 2229 938 2274 quia
959 2229 1012 2262 sic
1033 2236 1158 2263 essent
1177 2229 1485 2264 transmutabiles.

350 2296 407 2330 71.
433 2296 542 2340 Quod
575 2297 613 2331 in
646 2297 863 2333 substantiis
896 2300 1074 2346 separatis
1108 2300 1207 2334 nulla
1246 2307 1302 2335 est
1339 2300 1530 2347 possibilis
1569 2301 1839 2342 transmutatio,
1881 2313 1947 2335 nec
1981 2308 2067 2335 sunt
2100 2302 2136 2336 in

263 2362 422 2407 potentia
442 2362 486 2396 ad
506 2362 660 2409 aliquid,
682 2365 767 2410 quia
787 2371 913 2399 eterne
933 2372 969 2400 et
988 2366 1170 2400 immunes
1190 2373 1276 2400 sunt
1294 2379 1313 2400 a
1334 2367 1481 2401 materia
1492 2367 1531 2400 ⁴⁰.

349 2434 405 2468 72.
432 2433 539 2477 Quod
569 2434 773 2469 substantie
803 2443 981 2482 separate,
1009 2437 1133 2483 quia⁴⁸
1162 2449 1236 2471 non
1263 2437 1399 2472 habent
1422 2438 1619 2480 materiam,
1650 2450 1714 2484 per
1740 2450 1845 2484 quam
1873 2438 1975 2485 prius
2000 2439 2074 2473 sint
2099 2440 2136 2473 in

262 2499 436 2545 potentia,
471 2512 577 2546 quam
612 2501 649 2535 in
683 2508 777 2544 actu,
813 2509 850 2536 et
880 2509 966 2537 sunt
998 2516 1017 2537 a
1051 2515 1159 2538 causa
1189 2504 1318 2538 eodem
1349 2505 1457 2538 modo
1487 2516 1633 2550 semper
1661 2516 1701 2538 se
1730 2504 1885 2539 habente
1908 2517 1916 2539 τ
1939 2505 2022 2540 ideo
2051 2513 2138 2540 sunt

261 2572 398 2600 eterne.

350 2637 405 2672 73.
431 2638 538 2682 Quod
559 2638 764 2674 substantie
783 2646 948 2687 separate
968 2652 1035 2687 per
1053 2653 1159 2675 suum
1181 2641 1406 2676 intellectum
1426 2648 1551 2675 creant
1572 2653 1643 2677 res.

349 2703 404 2738 74.
430 2703 539 2748 Quod
567 2705 809 2752 intelligentia
843 2707 975 2742 motrix
1007 2706 1077 2741 celi
1111 2707 1232 2742 influit
1259 2707 1296 2742 in
1325 2708 1479 2742 animam
1510 2707 1736 2750 rationalem,
1771 2708 1866 2743 sicut
1898 2721 2033 2756 corpus
2066 2710 2136 2744 celi

260 2768 381 2804 influit
400 2769 437 2804 in
457 2782 591 2818 corpus
611 2771 820 2807 humanum.

349 2837 404 2871 75.
430 2837 537 2881 Quod
566 2838 722 2885 angelus
752 2851 826 2874 non
855 2846 976 2886 potest
1008 2841 1046 2874 in
1075 2847 1176 2875 actus
1205 2841 1397 2888 oppositos
1426 2841 1636 2884 inmediate,
1667 2841 1734 2876 sed
1762 2842 1800 2876 in
1827 2849 1928 2877 actus
1959 2843 2135 2877 mediatos

262 2901 444 2937 mediante
463 2903 548 2947 alio,
570 2911 610 2939 ut
628 2905 730 2940 orbe.

351 2969 406 3004 76.
433 2969 540 3014 Quod
560 2972 716 3018 angelus
736 2972 848 3007 nichil
869 2973 1041 3020 intelligit
1061 2974 1109 3008 de
1128 2986 1236 3009 novo.
