2580 3528
245 423 343 466 1254]
582 435 630 457 AB
663 434 770 456 Auno
804 434 883 456 mcc
916 434 1049 463 usqua
1084 435 1132 456 An
1167 435 1397 457 PHILIPPUM
1434 436 1472 457 iv
1506 437 1596 458 aso.
1634 438 1772 460 rnANc.
2050 431 2114 463 269

241 508 440 551 ecclesie¹⁸,
475 509 520 542 de
547 519 702 554 quorum
731 507 934 554 parrochiis
963 515 1200 542 assumuntur
1228 521 1382 554 corpora
1414 509 1680 543 defunctorum.
1718 512 1760 543 Et
1790 512 1956 544 nonnulli
1985 513 2045 557 qui
2075 520 2116 546 ut

241 575 329 609 nudi
355 573 493 609 nudum
517 574 703 609 Christum
729 574 846 608 libere
872 575 976 621 sequi
1002 582 1166 621 possent,
1188 575 1382 622 religionis
1402 587 1441 609 se
1463 576 1611 610 vinculo
1631 577 1870 623 astringendo
1894 579 2058 623 preciosa
2081 586 2115 612 et

239 653 368 688 magna
400 642 667 688 contempsisse
703 648 918 683 noscuntur,
949 653 988 675 sc
1018 642 1055 675 in
1085 641 1215 676 alienis
1237 642 1415 688 juribus¹⁴
1439 650 1564 676 contra
1594 644 1707 677 Deum
1739 650 1774 677 et
1795 644 1972 688 justitiam
2008 657 2114 678 usur—

238 708 368 755 pandis
397 708 571 742 exhibent
596 708 816 754 pertinaces.
840 708 951 742 Multa
972 708 1119 754 quidem
1146 715 1182 742 et
1206 709 1274 742 alia
1300 710 1508 755 gravamina
1534 716 1603 743 tam
1630 710 1779 756 prelatis
1804 723 1909 756 quam
1932 710 2109 762 clericis¹⁵

237 774 449 821 frequenter
481 787 500 808 a
533 774 640 809 vobis
677 774 774 808 illata
809 781 846 808 et
875 775 1002 808 inferri
1041 775 1190 809 cottidie
1229 783 1498 821 proponuntur,
1533 789 1603 822 que
1637 766 1704 822 pro
1742 777 1935 823 religionis
1974 777 2113 810 honore

237 841 429 876 honestius
449 848 658 888 reputamus
679 841 749 875 sub
769 842 917 875 silentio
938 842 1121 888 preteriri,
1142 854 1185 875 ex
1206 842 1341 888 quibus
1362 843 1525 888 profecto
1547 843 1855 888 parrochialium¹⁶
1874 845 1937 889 jus
1964 844 2111 880 leditur,

237 908 473 942 ecclesiarum
494 908 639 942 iusticie
666 908 877 954 derogatur,
899 908 1171 974 blasphematur
1195 909 1340 955 religio,
1363 910 1463 943 Deus
1488 910 1567 955 ipse
1588 910 1797 952 offenditur,
1820 911 1992 956 quodque
2018 911 2114 956 peri-

237 975 401 1009 culosius
421 982 490 1017 est,
518 974 679 1008 fidelium
705 975 824 1008 anime
850 975 886 1008 in
911 957 1079 1020 laqueum
1106 976 1234 1009 mortis
1260 982 1295 1009 et
1319 976 1356 1009 in
1377 983 1524 1022 puteum
1547 977 1716 1010 interitus
1742 977 2011 1022 pertrahuntur.
2038 979 2112 1011 Nos

237 1041 361 1088 igitur,
389 1042 451 1088 qui
481 1053 524 1075 ex
545 1042 706 1087 suscepti
731 1041 956 1087 apostolatus
983 1042 1102 1076 officio
1128 1054 1256 1076 sumus
1283 1042 1454 1076 omnibus
1479 1043 1516 1076 in
1538 1044 1678 1088 justitia
1701 1043 1902 1084 debitores,
1930 1051 1968 1078 ut
1993 1045 2110 1086 decet,

236 1108 466 1142 attendentes
499 1108 599 1154 quod
636 1120 679 1141 ex
719 1109 962 1154 usurpacione
997 1109 1208 1154 hujusmodi
1243 1122 1316 1142 non
1350 1116 1487 1143 tantum
1523 1110 1715 1143 indevocio
1745 1117 1781 1144 et
1809 1117 2039 1157 contemptus
2074 1112 2111 1145 in

236 1175 372 1221 populo
402 1175 583 1221 prodeunt
613 1181 736 1209 contra
768 1175 938 1221 proprios
967 1176 1191 1217 sacerdotes,
1219 1188 1344 1210 verum
1375 1177 1481 1210 etiam
1512 1176 1772 1210 erubescencia
1800 1189 1870 1223 que
1901 1184 1956 1211 est
1982 1190 2110 1224 magna

236 1254 320 1288 pars
354 1241 553 1288 penitentie
593 1241 743 1283 tollitur,
780 1242 863 1275 dum
900 1242 982 1288 quis
1016 1254 1089 1276 non
1124 1243 1273 1288 proprio
1312 1243 1505 1283 sacerdoti,
1542 1255 1648 1289 quem
1683 1243 1790 1277 habet
1828 1244 2040 1277 continuum
2076 1252 2111 1278 et

235 1315 457 1354 presentem,
478 1308 543 1342 sed
564 1308 683 1342 alieno
704 1315 739 1342 et
763 1308 958 1354 aliquando
983 1309 1198 1351 transeunti,
1220 1309 1264 1342 ad
1285 1321 1393 1355 quem
1419 1309 1577 1343 difficilis
1598 1317 1634 1343 et
1652 1310 1847 1355 aliquando
1870 1310 2110 1356 impossibilis

235 1381 292 1409 est
310 1387 496 1416 recursus,
518 1387 583 1408 sua
603 1375 754 1408 crimina
779 1374 995 1408 confitetur:
1014 1387 1060 1409 ne
1086 1382 1155 1409 tam
1176 1375 1349 1409 abusivos
1370 1388 1544 1410 excessus
1564 1377 1753 1410 videamur
1778 1389 1842 1422 per
1867 1377 2108 1411 tollerantiam

234 1441 486 1488 comprobare,
507 1441 675 1475 volentes
695 1441 732 1474 in
754 1448 940 1487 posterum
962 1442 1066 1475 freno
1081 1442 1178 1487 juris
1198 1442 1444 1488 predictorum
1465 1449 1781 1488 transgressorum
1791 1443 1812 1461 ¹⁷
1831 1444 1983 1489 injurias
2008 1444 2108 1477 cohi—

233 1507 321 1542 bere
341 1520 381 1542 ac
401 1507 560 1554 singulis
585 1507 753 1542 ecclesiis
774 1514 809 1542 et
829 1520 951 1542 earum
973 1509 1150 1542 ministris
1172 1520 1235 1542 sua
1251 1510 1334 1554 jura
1355 1509 1459 1543 illesa
1480 1510 1688 1542 omnimode
1709 1522 1941 1552 conservare,
1964 1523 2106 1544 necnon

233 1575 555 1622 parrochianorum
576 1574 683 1609 saluti
705 1581 741 1608 et
758 1575 851 1608 same
871 1582 992 1609 vestre
1020 1575 1227 1618 consulere,
1250 1576 1286 1608 in
1307 1575 1373 1609 hac
1394 1583 1494 1622 parte
1518 1577 1613 1610 circa
1634 1577 1810 1622 premissa
1836 1577 1948 1610 nichil
1974 1590 2105 1611 novum

232 1642 271 1676 in
290 1649 450 1676 vestrum
485 1641 694 1676 inducendo
728 1654 936 1688 gravamen,
967 1642 1032 1676 sed
1062 1642 1208 1688 antiqua
1238 1649 1274 1676 et
1302 1643 1476 1676 moderna
1500 1644 1583 1688 jura
1617 1644 1655 1676 in
1686 1644 1842 1677 medium
1877 1644 2107 1686 deducendo,

233 1709 460 1744 universitati
498 1710 652 1743 vestre¹⁸
685 1721 750 1755 per
783 1709 981 1755 apostolica
1019 1709 1152 1755 scripta
1186 1710 1223 1743 in
1257 1709 1390 1743 virtute
1424 1709 1633 1744 obedientie
1668 1702 1831 1744 districtc
1871 1711 2108 1756 precipiendo

232 1775 457 1819 mandamus,
487 1776 657 1822 quatinus
687 1775 946 1822 parrochianos
976 1776 1116 1810 alienos
1146 1776 1278 1810 diebus
1308 1777 1501 1811 dominicis
1527 1784 1562 1811 et
1588 1777 1729 1811 festivis
1755 1790 1828 1811 non
1854 1778 2037 1823 recipiatis
2063 1778 2108 1811 de

232 1849 354 1877 cetero
381 1843 418 1876 in
441 1843 576 1877 vestris
605 1842 773 1877 ecclesiis
803 1854 868 1876 seu
899 1843 1068 1876 oratoriis
1098 1849 1234 1877 temere
1264 1843 1308 1877 ad
1336 1843 1470 1885 divina,
1502 1856 1568 1877 nec
1596 1844 1698 1890 ipsos
1724 1844 1804 1877 sine
1829 1845 1885 1877 sui
1907 1844 2108 1878 sacerdotis

230 1909 378 1944 licentia
402 1909 447 1943 ad
474 1909 709 1956 penitentiam
739 1908 922 1943 ullatenus
951 1909 1160 1951 admittatis,
1191 1922 1272 1943 cum
1301 1910 1332 1943 si
1358 1911 1440 1956 quis
1467 1910 1587 1944 alieno
1615 1911 1796 1944 sacerdoti
1815 1912 1913 1956 justa
1936 1911 1980 1944 de
2001 1923 2108 1945 causa

232 1988 296 2010 sua
336 1975 496 2010 voluerit
534 1975 701 2010 confiteri
736 1982 895 2022 peccata,
931 1976 1133 2010 secundum
1169 1983 1300 2010 statuta
1338 1977 1523 2022 generalis
1562 1977 1747 2012 Concilii¹⁹
1779 1977 1961 2011 licentiam
2006 1978 2108 2023 prius
2144 1983 2150 1990 ²

232 2043 418 2089 postulare
437 2055 477 2077 ac
498 2042 665 2077 obtinere
686 2042 816 2076 debeat
835 2055 854 2076 a
875 2043 1024 2089 proprio
1045 2043 1250 2086 sacerdote,
1266 2043 1323 2077 vel
1345 2043 1470 2077 saltem
1493 2044 1595 2090 prius
1614 2044 1684 2078 sibi
1706 2044 1871 2078 confiteri
1893 2051 1928 2078 ct
1945 2045 2108 2090 recipere

233 2109 476 2143 absolutionis
502 2109 722 2143 beneficium
750 2109 795 2143 ab
825 2110 972 2151 eodem;
1004 2109 1109 2144 aliter
1137 2113 1324 2156 namque²⁰
1342 2110 1387 2144 ab
1414 2111 1495 2156 ipso
1523 2123 1590 2144 nec
1622 2111 1729 2163 solvi·
1742 2111 1875 2157 poterit
1898 2123 1964 2144 nec
1987 2111 2107 2157 ligari,

233 2188 313 2210 eum
344 2175 479 2222 duplex
508 2176 545 2210 in
573 2175 774 2222 judicando
807 2176 1006 2219 funiculus,
1042 2178 1232 2223 potestatis
1266 2177 1407 2211 scilicet
1440 2184 1475 2211 et
1506 2178 1672 2220 scientie,
1704 2178 1922 2223 requiratur,
1953 2190 2106 2223 quorum

232 2242 384 2276 alterum
405 2242 560 2276 saltem¹¹
578 2249 719 2276 constat
734 2243 771 2276 in
791 2242 912 2276 alieno
931 2243 1089 2276 deficere
1109 2243 1311 2277 sacerdote.
1332 2245 1375 2277 Et
1394 2256 1440 2277 ne
1462 2243 1750 2289 parrochialibus
1771 2244 1938 2277 ecclesiis
1956 2244 2107 2277 devocio

233 2308 383 2343 debita⁸’
407 2307 652 2351 subtrahatur,
680 2315 762 2343 ante
794 2309 985 2343 missarum
1015 2309 1218 2356 solempnia
1250 2310 1294 2343 ad
1325 2323 1395 2356 que
1423 2310 1602 2344 audienda
1634 2310 1860 2356 parrochiani
1890 2311 2003 2356 prima
2034 2309 2106 2343 diei

233 2382 333 2422 parte
354 2376 390 2409 in
411 2375 489 2409 suis
509 2382 781 2409 consueverunt
805 2382 841 2409 et
865 2375 999 2410 debent
1026 2376 1194 2410 ecclesiis
1219 2377 1428 2419 convenire,
1451 2376 1699 2422 parrochianis
1725 2377 1854 2410 alienis
1880 2389 2104 2422 nequaquam

233 2442 270 2476 in
289 2442 423 2477 vestris
444 2441 611 2476 ecclesiis
632 2442 828 2488 predicetis
850 2454 916 2475 nec
937 2441 1024 2476 hora
1045 2442 1123 2488 ipsa
1144 2442 1354 2488 solempnes
1375 2443 1411 2476 in
1433 2443 1486 2476 eis
1507 2443 1644 2476 faciatis
1666 2455 1870 2485 sermones,
1892 2455 1937 2476 ne
1959 2450 2107 2489 propter

232 2508 300 2543 hos
326 2509 530 2542 audiendos
556 2508 601 2542 ad
627 2520 693 2542 vos
724 2508 881 2554 populus
908 2509 1100 2542 confluens
1127 2509 1372 2554 parrochiales
1398 2509 1573 2543 ecclesias
1601 2509 1840 2555 derelinquat.
1865 2510 1935 2543 Sed
1966 2522 2032 2543 nec
2062 2510 2106 2543 ad

233 2575 493 2622 predicandum
524 2575 763 2621 solempniter
789 2575 832 2609 ad
863 2574 1000 2609 alienas
1026 2575 1234 2621 parrochias
1259 2576 1453 2617 accedatis,
1479 2576 1549 2609 nisi
1575 2589 1593 2610 a
1619 2576 1808 2610 sacerdote
1836 2576 2103 2622 parrochiarum

232 2642 391 2688 ipsarum
422 2642 565 2676 fueritis
600 2642 737 2676 invitati
768 2642 825 2675 vel
855 2641 981 2676 saltem
1013 2642 1083 2675 nisi
1116 2642 1159 2676 ad
1190 2642 1255 2676 id²³
1284 2642 1470 2676 humiliter
1505 2639 1684 2688 petieritis
1713 2649 1749 2676 et
1778 2642 2011 2677 obtinueritis
2039 2655 2105 2677 vos

231 2709 383 2743 admitti.
415 2709 456 2743 Et
490 2715 527 2742 ut
557 2708 704 2742 debitus
730 2707 849 2742 honor
875 2708 1060 2754 episcopis
1091 2708 1287 2750 deseratur,
1312 2708 1436 2742 eadem
1469 2709 1527 2742 die
1555 2721 1623 2755 qua
1653 2709 1881 2755 dyoccsanus
1909 2709 2105 2755 episcopus

231 2774 288 2810 vel
308 2775 402 2809 alius
426 2774 507 2809 loco
533 2776 613 2821 ejus
638 2774 877 2821 solempniter
902 2775 1064 2822 predicat
1088 2775 1239 2809 maxime
1265 2775 1300 2809 in
1326 2775 1479 2809 ecclesia
1505 2775 1715 2816 cathedrali,
1739 2776 1862 2809 nullus
1887 2782 2048 2810 vestrum
2069 2776 2103 2809 in

232 2841 357 2876 eadem
378 2842 520 2876 civitate
541 2841 599 2876 vel
618 2841 700 2875 loco
722 2841 910 2888 predicare
930 2848 1127 2887 presumat,
1149 2854 1194 2875 ne
1215 2841 1374 2876 salubris
1395 2842 1654 2888 predicationis
1675 2843 1838 2876 doctrina
1860 2854 1903 2876 ex
1923 2843 2103 2888 frequenti

230 2907 501 2943 inculcatione⁸⁴
529 2907 739 2954 hujusmodi
771 2909 875 2954 quasi
912 2908 1048 2943 tedium
1085 2921 1268 2955 generans
1300 2915 1589 2954 contempnatur.
1629 2909 1664 2943 Si
1696 2921 1783 2943 vero
1814 2909 1849 2942 in
1882 2921 1968 2942 casu
2006 2908 2103 2942 licito

233 2973 508 3021 parrochianum
541 2974 693 3009 alterius
726 2975 769 3009 ad
805 2975 1043 3021 sepulturam,
1074 2987 1178 3021 quain
1215 2987 1322 3009 nemo
1352 2976 1432 3009 sine
1460 2976 1558 3021 justa
1589 2982 1622 3009 et
1654 2975 1856 3009 rationabili
1892 2987 1998 3008 causa
2034 2974 2104 3008 sibi
