2580 3528
452 365 516 397 110
1035 373 1354 396 οΗΑιιτυῐ,ΑιιιυΜ
1389 373 1580 395 uulvssns.
1618 373 1746 395 PARIS.
2234 364 2334 405 [1227

452 491 531 529 54.
558 501 709 535 Gregorius
733 501 778 526 IX
798 499 974 536 Stephanum
998 499 1246 536 archiepiscopum
1270 500 1507 526 Cantuariensem
1531 503 1615 534 rogat
1637 503 1668 525 ut
1687 499 1823 526 monitum
1847 500 1968 526 Honor-ii
1988 508 2088 536 papae
2111 501 2159 526 III
2175 508 2335 536 exsequens

542 550 679 584 magistro
702 548 840 575 Michaeli
865 550 968 583 Scotto,
995 557 1050 575 non
1065 548 1156 574 solum
1172 549 1201 574 in
1223 548 1318 574 latina
1339 548 1391 574 sed
1413 549 1500 574 eliam
1525 549 1554 574 in
1578 548 1717 575 hebraica
1736 552 1764 575 et
1783 548 1907 575 arabica
1929 549 2029 584 lingua
2050 549 2120 575 bene
2139 549 2287 583 instructo,
2306 549 2335 575 in

541 599 689 634 provincia
704 607 758 624 sua
775 598 1002 624 ecclesiasticum
1018 597 1187 632 beneficium
1203 598 1342 631 confer-at.

1657 647 1736 677 7227.
1753 647 1847 680 Apr1'l1'a
1859 647 1905 678 28,
1921 648 2048 674 Laterani.

547 750 567 756 ..
587 723 876 768 Archiepiscopo
893 721 1148 755 Cantuariensi
1165 728 1288 754 sancte
1305 722 1465 754 Romane
1486 721 1641 754 ecclesie
1658 722 1844 755 cardinali.
1863 722 1933 765 Qui
1950 722 2102 755 scientie
2124 722 2332 755 thesaurum

455 789 775 835 incomparabilem
808 790 887 822 sine
918 789 1064 821 fictione
1101 795 1298 833 querentes
1333 788 1515 833 quesitum
1547 788 1626 821 sine
1657 788 1793 822 invidia
1824 789 2091 822 communicare
2126 789 2337 822 desiderant

454 864 623 902 tanquam
651 856 809 901 publicis
834 856 1050 889 insudantes
1080 854 1311 895 utilitatibus,
1343 855 1472 887 merito
1499 861 1585 888 sunt
1614 855 1728 899 gratis
1759 861 1795 888 et
1822 855 1991 900 gratuitis
2020 855 2210 889 beneficiis
2240 856 2335 889 refo-

451 924 575 965 vendi,
604 936 663 963 ne,
693 923 723 956 si
754 935 819 968 pro
846 934 966 955 rerum
995 922 1139 954 defectu
1165 934 1183 954 a
1210 928 1278 954 tam
1308 921 1388 954 utili
1418 921 1608 966 proposito
1641 921 1906 967 compellantur
1931 922 2056 963 averti,
2086 934 2159 955 non
2185 929 2254 956 tam
2280 922 2335 956 eis

453 1003 557 1035 quam
590 990 674 1031 hiis,
706 990 767 1034 qui
803 1001 867 1022 eos
903 989 1121 1022 beneficiare
1153 988 1308 1033 quodam
1342 994 1513 1021 tenentur
1537 989 1621 1033 jure
1656 988 1828 1033 gratuito,
1859 989 1988 1022 merito
2017 988 2134 1022 valeat
2165 989 2335 1034 imputari

452 1057 638 1097 delictum,
671 1063 726 1089 set
754 1056 876 1101 potius
911 1068 993 1088 cum
1026 1055 1197 1088 thesauro
1230 1054 1292 1088 tali
1322 1055 1467 1088 divitias
1497 1062 1533 1088 et
1559 1055 1712 1100 gloriam
1742 1055 1812 1088 sibi
1840 1055 2033 1089 advenisse
2059 1055 2262 1101 gaudentes
2291 1055 2336 1089 ad

452 1124 743 1168 dispertiendum
766 1123 867 1155 illum
891 1122 1049 1155 fideliter
1065 1129 1101 1155 et
1120 1122 1259 1155 utiliter
1279 1134 1318 1155 se
1339 1128 1565 1167 cognoscant
1585 1134 1628 1155 ex
1649 1129 1821 1168 suscepto
1842 1134 1993 1155 munere
2010 1121 2209 1156 debitores.
2231 1122 2334 1156 Nosti

452 1191 648 1235 siquidem,
671 1190 768 1235 quod
790 1190 948 1223 dilectus
970 1189 1068 1222 filius
1089 1189 1263 1235 magister
1284 1189 1439 1222 Michael
1460 1190 1590 1222 Scotus
1611 1201 1629 1222 a
1650 1201 1764 1235 puero
1785 1189 2022 1222 inardescens
2042 1201 2164 1222 amore
2182 1189 2334 1223 scientie

450 1257 618 1291 litteralis
647 1257 864 1302 postpositis
895 1256 1068 1290 omnibus
1098 1256 1195 1289 illam
1224 1256 1347 1289 studio
1375 1256 1585 1290 continuato
1614 1256 1785 1301 quesivit,
1814 1263 1850 1290 et
1876 1256 1913 1289 in
1940 1257 2176 1290 fundamento
2203 1257 2333 1290 artium

451 1325 633 1370 gloriosas
668 1324 958 1370 superedificans
993 1323 1183 1356 facultates
1222 1323 1354 1356 decora
1388 1335 1427 1356 se
1463 1330 1644 1356 structura
1678 1323 1845 1365 munivit,
1881 1335 1948 1356 nec
1981 1330 2175 1357 contentus
2214 1323 2333 1357 littera

451 1399 586 1425 tantum
616 1391 754 1424 erudiri
785 1391 908 1432 latina,
930 1397 969 1423 ut
998 1391 1035 1423 in
1062 1403 1102 1423 ea
1131 1389 1262 1423 melius
1290 1391 1521 1431 formaretur,
1543 1389 1713 1423 hebraice
1738 1402 1778 1423 ac
1799 1389 1941 1423 arabice
1966 1390 2151 1424 insudavit
2170 1390 2334 1423 laudabi-

450 1459 533 1492 liter
554 1466 590 1492 et
609 1458 775 1504 profecit,
798 1465 833 1491 et
853 1458 905 1490 sic
931 1458 1061 1491 doctus
1082 1457 1119 1490 in
1140 1457 1298 1503 singulis
1324 1463 1425 1502 grata
1446 1457 1676 1493 diversorum
1703 1457 1874 1490 varietate
1902 1457 2059 1490 nitescit.
2087 1459 2223 1491 Verum
2249 1457 2332 1503 quia

450 1527 530 1571 ejus
559 1525 721 1571 provisio
752 1525 843 1558 nulli
865 1525 983 1570 potuit
1003 1525 1179 1558 committi
1200 1524 1406 1557 fiducialius
1428 1536 1533 1569 quam
1556 1524 1634 1565 tibi,
1663 1524 1725 1569 qui
1746 1524 1929 1570 perfectus
1957 1524 2108 1557 scientia
2129 1536 2202 1557 non
2227 1531 2332 1570 potes

450 1605 523 1626 non
544 1604 663 1625 amare
685 1592 859 1633 scientes,
882 1592 939 1637 pie
961 1592 1135 1624 memorie
1158 1593 1199 1624 H.
1223 1603 1313 1636 papa
1334 1591 1577 1636 predecessor
1598 1598 1724 1624 noster
1743 1591 1788 1623 ad
1808 1603 1936 1636 preces
1957 1598 2102 1624 nostras
2123 1598 2158 1624 et
2178 1590 2331 1624 aliorum

447 1661 597 1693 fratrum
628 1671 778 1692 suorum
810 1658 875 1692 tibi
906 1671 1035 1704 preces
1062 1665 1097 1691 et,
1127 1658 1291 1691 mandata
1323 1658 1485 1700 direxit¹,
1517 1665 1556 1691 ut
1580 1658 1698 1691 eidem
1730 1658 1906 1703 magistro
1933 1658 1971 1690 in
1996 1658 2183 1703 provincia
2209 1665 2269 1691 tua
2293 1658 2331 1691 in

449 1726 698 1760 ecclesiastico
720 1726 913 1766 beneficio,
941 1726 1038 1770 quod
1060 1726 1158 1758 danti
1180 1732 1215 1758 et
1234 1725 1425 1770 accipienti
1447 1731 1682 1770 congrueret,
1704 1725 1932 1770 provideres,
1958 1725 2246 1758 contradictores
2267 1737 2332 1771 per

448 1806 638 1827 censuram
671 1793 953 1826 ecclesiasticam
982 1792 1224 1838 appellatione
1253 1792 1455 1837 postposita
1483 1792 1764 1837 compescendo.
1794 1792 1964 1825 Ceterum
1991 1791 2089 1833 licet,
2116 1792 2211 1825 sicut
2234 1792 2330 1825 idem

448 1860 555 1893 nobis
582 1861 763 1905 exposuit,
794 1860 997 1893 mandatum
1026 1859 1265 1905 apostolicum
1297 1859 1435 1892 ilariter
1462 1871 1648 1904 exequens
1678 1859 1857 1904 quandam
1888 1858 2078 1892 ecclesiam
2105 1858 2176 1891 sibi
2202 1864 2330 1892 contu-

447 1928 549 1967 leris,
568 1939 793 1972 nequaquam
817 1934 935 1960 tamen
955 1927 987 1959 ei
1009 1927 1053 1959 de
1076 1927 1152 1971 ipsa
1173 1938 1336 1971 congrue
1358 1926 1523 1959 noscitur
1544 1937 1626 1959 esse
1648 1925 1848 1971 provisum.
1870 1926 1988 1969 Quare
2009 1925 2192 1971 condigne
2213 1926 2329 1971 gratie

448 1994 587 2040 premio
610 1995 788 2027 diminuto
814 1994 958 2027 videtur
984 1994 1195 2026 meritorum
1218 1994 1297 2038 ejus
1319 1993 1489 2026 laudibus
1510 1993 1693 2038 derogari,
1716 2005 1797 2026 cum
1819 1993 1913 2026 sicut
1932 1993 1969 2025 in
1990 1992 2095 2038 penis
2120 1993 2329 2026 misericor-

447 2062 542 2094 diter
572 2062 731 2106 mitigata
757 2061 911 2106 justitia,
941 2061 987 2093 ita
1016 2061 1051 2093 in
1086 2060 1276 2093 beneficiis
1311 2060 1425 2106 gratia
1460 2059 1707 2092 commendari
1737 2059 1853 2092 soleat
1884 2059 2038 2092 dilatata.
2073 2061 2121 2093 Ut
2145 2060 2257 2105 igitur
2283 2071 2327 2093 eo

447 2129 542 2162 sicut
562 2128 734 2162 convenit
753 2127 931 2161 honorato
952 2128 1146 2160 commissa
1168 2127 1233 2160 tibi
1254 2139 1319 2160 sue
1342 2126 1564 2172 provisionis
1585 2126 1780 2159 auctoritas
1806 2133 1975 2172 appareat
1997 2126 2189 2168 efficacior,
2212 2133 2248 2160 et
2267 2133 2327 2160 tue

445 2195 674 2228 liberalitatis
701 2195 829 2241 gratiis
855 2195 1031 2228 clarescat
1055 2195 1219 2236 affectus,
1245 2194 1505 2227 fraternitatem
1528 2200 1623 2226 tuam
1645 2205 1817 2239 rogamus
1841 2200 1876 2227 et
1895 2205 2086 2227 monemus
2107 2200 2241 2227 attente
2262 2205 2327 2239 per

446 2262 645 2308 apostolica
676 2261 741 2295 tibi
768 2262 901 2307 scripta
937 2262 1162 2303 mandantes,
1199 2261 1369 2307 quatinus
1408 2260 1611 2306 precedens
1650 2260 1927 2305 predecessoris
1965 2260 2082 2294 nostri
2121 2261 2323 2295 mandatum

445 2330 657 2363 auctoritate
678 2336 803 2362 nostra
824 2329 970 2375 plenius
991 2341 1177 2374 exequens
1198 2329 1314 2374 primo
1339 2328 1519 2361 beneficio
1541 2327 1789 2373 provisionem
1809 2327 1944 2361 adicias
1965 2334 2242 2374 congruentem,
2263 2328 2324 2370 ita,

447 2397 545 2442 quod
566 2397 662 2429 idem
691 2396 920 2442 providentie
942 2403 1002 2429 tue
1023 2396 1179 2442 gaudeat
1203 2408 1243 2428 se
1263 2395 1499 2428 commissum
1526 2401 1562 2428 et
1586 2406 1654 2428 nos
1680 2394 1926 2428 sinceritatem
1947 2401 2042 2428 tuam
2068 2394 2266 2428 debeamus
2286 2395 2324 2428 in

539 2564 602 2594 Reg.
618 2563 675 2586 vat.
693 2562 814 2594 Gregorii
837 2563 869 2586 tx
889 2571 930 2586 an.
954 2563 976 2590 1,
993 2571 1033 2593 ep.
1057 2562 1158 2590 61,s01.
1180 2561 1215 2585 9¹¹.
1239 2575 1270 2579 —
1290 2562 1412 2585 Haureau
1436 2561 1463 2584 in
1486 2560 1612 2585 Bulletin
1635 2562 1681 2585 des
1707 2560 1820 2586 comites
1844 2559 2017 2591 historiques
2042 2559 2175 2590 (Histoire,
2192 2559 2321 2590 sciences,

444 2608 563 2637 Lottres),
578 2608 601 2631 11
618 2608 707 2637 (1850),
723 2608 777 2631 255.

538 2692 559 2715 1.
577 2692 640 2715 Vide
655 2692 756 2715 litteras
773 2691 880 2715 Honorii
897 2691 941 2719 111,
959 2699 1040 2723 supra
1057 2696 1085 2714 n⁰
1099 2692 1138 2715 118.
