2580 3528
441 363 505 396 116
1026 373 1346 396 CHARTULARHJM
1382 374 1572 396 UvaEns.
1609 374 1741 396 PARIS.
2223 363 2324 404 [1228

438 447 653 480 mandamus
688 454 723 480 et
758 447 922 480 districte
966 447 1202 492 precipimus,
1239 448 1410 492 quatinus
1455 448 1616 493 predicta
1655 448 1802 482 vesania
1848 447 1994 494 penitus
2037 447 2198 480 abdicata
2242 446 2322 480 sine

438 514 618 547 fermento
644 514 826 546 mundane
852 514 1005 547 scientie
1027 514 1189 547 doceatis
1210 514 1453 559 theologicam
1482 515 1687 560 puritatem,
1714 527 1788 548 non
1808 514 2055 548 adulterantes
2080 513 2231 547 verbum
2255 513 2321 547 Dei

438 580 741 626 philosophorum
769 580 967 626 figmentis,
1001 592 1046 613 ne
1076 581 1170 614 circa
1201 581 1312 614 altare
1342 581 1408 614 Dei
1432 581 1629 614 videamini
1658 581 1799 614 lucrum
1833 581 1928 615 velle
1955 587 2080 614 contra
2110 586 2319 626 preceptum

438 647 560 681 divine
594 647 770 692 plantare,
805 654 840 680 et
870 647 990 680 mellis
1025 648 1282 681 commixtione
1317 648 1534 681 sacrificium
1572 649 1791 681 fermentare
1825 648 2003 688 doctrine,
2032 648 2070 680 in
2101 647 2322 680 sinceritatis

438 721 474 747 et
499 714 662 747 veritatis
687 714 811 747 azimis
840 713 1061 755 exhibendo,
1091 721 1145 747 set
1173 715 1372 760 contempti
1401 715 1567 747 terminis
1597 727 1615 747 a
1644 714 1809 760 patribus
1835 714 2025 756 institutis,
2054 720 2194 747 mentes
2219 713 2321 746 audi-

438 788 556 814 torum
592 787 799 814 vestrorum
830 782 950 813 fructu
982 781 1131 814 celestis
1164 781 1301 826 eloquii
1333 781 1524 826 saginetis,
1550 788 1589 814 ut
1620 781 1719 814 foliis
1743 781 1940 815 verborum
1971 781 2122 814 semotis
2151 780 2320 826 limpidas
2366 782 2369 786 '

436 860 548 893 aquas
575 854 610 881 et
630 860 739 893 puras
761 848 956 880 tendentes
977 847 1021 880 ad
1046 847 1115 880 hoc
1142 848 1405 893 principaliter,
1432 855 1471 881 ut
1490 847 1548 881 vel
1574 848 1682 880 fidem
1704 854 1868 881 astruant
1886 847 1944 881 vel
1967 859 2089 880 mores
2110 847 2320 884 informent,

436 915 578 948 auriant.
594 915 638 947 de
660 914 823 947 fontibus
846 914 1056 955 salvatoris,
1079 914 1214 959 quibus
1236 915 1362 948 resecti
1383 915 1525 948 interna
1546 915 1791 948 crassitudine
1813 914 2052 948 delectentur.
2080 915 2158 947 Dat.
2178 913 2320 947 Perusii

437 993 522 1015 non.
545 981 645 1023 Julii,
668 981 900 1026 pontificatus
921 981 1036 1013 nostri
1054 993 1148 1014 anno
1171 981 1347 1014 secundo.

530 1095 591 1126 Reg.
609 1096 665 1118 Vat.
688 1095 809 1126 Gregorii
833 1096 865 1118 lx
880 1104 922 1118 nn.
940 1096 963 1123 ἱ),
985 1103 1027 1126 ep.
1047 1096 1085 1122 20,
1104 1095 1147 1118 sol.
1165 1094 1220 1117 74¹².
1236 1108 1267 1111 ——
1283 1095 1357 1126 Apud
1374 1095 1511 1124 Bulacum,
1528 1096 1573 1122 ΙΙΙ,
1591 1096 1644 1125 129,
1664 1099 1689 1119 et
1708 1095 1734 1118 in
1750 1094 1873 1118 omnibus
1890 1094 1948 1117 edd.
1965 1094 2038 1117 deest
2052 1093 2157 1117 initium
2172 1093 2320 1117 litterarum

434 1147 517 1170 usqne
535 1148 545 1162 (ι
562 1140 623 1163 tacti
640 1140 730 1163 dolore
745 1140 833 1163 cordis
850 1148 872 1163 ν.

528 1237 549 1260 1.
568 1238 595 1260 Ιη
612 1238 674 1269 Reg.
693 1245 698 1260 :
715 1238 791 1261 deno.

431 1417 510 1454 60.
543 1427 671 1452 Litterae
696 1426 840 1452 Guillelmi
865 1427 994 1463 episcopi
1018 1428 1205 1462 Parisiensis,
1233 1429 1262 1454 in
1287 1428 1391 1463 quibus
1416 1432 1516 1454 contra
1540 1428 1688 1454 scholares
1716 1430 1742 1454 S.
1765 1427 1887 1454 leomae
1912 1427 1947 1453 de
1972 1429 2090 1464 Lapara
2116 1426 2264 1462 invehitur,
2292 1430 2320 1452 et

521 1475 700 1501 inhonestam
716 1484 812 1502 eorum
830 1476 938 1502 vivendi
953 1477 1094 1502 rationem
1110 1477 1310 1512 corrigendam
1326 1486 1389 1503 esse
1404 1477 1545 1503 declarat.

1590 1567 1667 1596 1228,
1683 1575 1773 1593 menso
1787 1567 1862 1596 dulia,
1878 1566 1897 1601 [
1898 1566 2005 1592 Parlsils
2005 1565 2031 1600 J.

520 1653 783 1688 Wuillernms‘
804 1654 869 1686 Dei
890 1654 1135 1699 permissione
1157 1655 1354 1700 episcopus
1371 1655 1591 1688 Parisiensis
1612 1655 1784 1688 omnibus
1805 1661 1997 1700 presentes
2018 1654 2156 1687 litteras
2173 1653 2319 1699 inspec-

431 1720 521 1753 turis
543 1720 695 1753 salutem
723 1721 759 1753 in
781 1721 950 1754 Domino.
974 1721 1124 1754 Noverit
1144 1722 1364 1755 universitas
1385 1729 1504 1755 vestra
1526 1722 1625 1767 quod
1649 1734 1717 1755 nos
1742 1722 1786 1755 ad
1807 1722 1953 1755 domum
1980 1732 2181 1766 pauperum
2202 1719 2318 1754 scola-

430 1787 522 1820 rium
552 1788 672 1820 Sancti
699 1787 837 1820 Thome
861 1788 905 1820 de
933 1789 1072 1833 Lupara
1097 1789 1302 1830 venientes,
1325 1796 1362 1822 ut
1392 1790 1429 1822 in
1459 1802 1498 1822 ea
1524 1790 1737 1823 auctoritate
1764 1789 1959 1822 diocesana
1986 1788 2257 1833 corrigeremus
2283 1794 2318 1821 et

430 1855 712 1887 reformaremus
742 1867 812 1899 que
842 1855 1071 1888 correctione
1101 1862 1136 1888 et
1162 1856 1419 1889 reformatione
1444 1857 1655 1890 videremus
1685 1856 1866 1902 indigere,
1895 1856 1990 1888 inter
2013 1855 2081 1888 alia
2109 1854 2317 1888 invenimus

429 1921 606 1966 quosdam
638 1921 811 1963 scolares,
849 1922 910 1967 qui
946 1921 1069 1967 longis
1104 1929 1201 1956 retro
1232 1923 1460 1968 temporibus
1490 1924 1534 1956 de
1565 1923 1673 1957 bonis
1702 1923 1868 1968 ejusdem
1903 1922 2034 1955 domus
2067 1922 2248 1963 vixerant,
2279 1921 2316 1954 in

429 1995 559 2021 tantam
588 2000 627 2021 se
654 1988 885 2021 insolentiam
915 1988 1104 2030 extulisse,
1133 1990 1231 2034 quod
1259 1990 1303 2022 de
1333 1997 1438 2023 nocte
1467 1990 1538 2023 nisi
1564 1997 1650 2023 sunt
1674 1989 1792 2023 hostia
1814 1989 1944 2022 domus
1971 1989 2121 2021 fratrum
2146 1988 2316 2033 frangere

428 2061 464 2088 et
492 2054 672 2088 violenter
702 2055 854 2095 intrare3
886 2055 960 2097 alii,
993 2056 1097 2100 quasi
1127 2056 1172 2089 de
1201 2056 1283 2089 cibo
1314 2058 1448 2099 securi,
1480 2057 1673 2102 plusquam
1708 2040 1898 2102 expediret
1930 2055 2053 2101 longis
2088 2054 2316 2100 temporibus

428 2121 664 2155 studentibus
690 2122 818 2155 collata
849 2123 1098 2164 comedentes,
1127 2123 1247 2156 minus
1274 2124 1508 2169 proficientes
1530 2131 1566 2157 et
1585 2124 1734 2158 studere
1758 2124 1940 2165 nolentes,
1963 2121 2198 2156 studentibus
2228 2133 2316 2155 one—

430 2189 518 2230 rosi,
542 2189 699 2234 quietem
723 2196 759 2222 et
779 2189 939 2222 studium
961 2190 1114 2223 aliorum
1142 2190 1337 2224 multifarie
1366 2191 1619 2225 molestabant.
1648 2192 1739 2225 Sunt
1759 2198 1795 2224 et
1814 2191 1883 2224 alie
1904 2202 2025 2231 cause,
2049 2201 2138 2234 quas
2164 2200 2316 2234 presen-

428 2255 527 2289 tibus
548 2256 712 2289 insererc
734 2256 920 2297 nolumus,
943 2269 988 2289 ne
1009 2264 1126 2290 certas
1148 2269 1325 2302 personas
1347 2265 1471 2292 notare
1492 2258 1550 2292 vel
1571 2265 1721 2304 tangere
1741 2258 1963 2292 videremur.
1986 2258 2139 2302 Propter
2159 2267 2249 2301 quas
2270 2255 2315 2288 de

429 2323 609 2356 bonorum
635 2323 796 2356 virorum
820 2323 976 2356 consilio
1004 2325 1217 2357 auctoritate
1245 2325 1407 2370 predicta
1435 2326 1628 2359 statuimus
1648 2332 1688 2359 ut
1708 2325 1769 2371 qui
1790 2325 1841 2358 ibi
1861 2324 1970 2357 modo
1992 2330 2078 2357 sunt
2099 2322 2142 2356 ab
2165 2322 2315 2368 instanti

428 2391 521 2423 sesto
552 2390 647 2423 beati
674 2390 830 2435 Remigii
862 2402 926 2435 per
953 2403 1086 2424 annum
1116 2398 1252 2424 tantum
1281 2391 1331 2425 ibi
1359 2399 1554 2426 consuetas
1580 2392 1860 2426 distributiones
1886 2391 2052 2432 habeant,
2075 2390 2112 2423 in
2138 2389 2209 2422 fine
2230 2388 2314 2422 anni

429 2457 575 2490 domum
605 2457 736 2490 exituri
758 2464 794 2490 et
815 2457 885 2490 sibi
913 2457 1060 2491 aliunde
1090 2459 1287 2504 provisuri,
1313 2460 1384 2492 nisi
1410 2467 1494 2505 post
1514 2466 1595 2493 octo
1621 2460 1700 2493 dies
1721 2459 1765 2493 ab
1786 2471 1941 2505 egressu
1967 2470 2035 2491 suo
2056 2455 2229 2490 laudabili
2250 2467 2313 2488 sua

429 2524 707 2557 conversatione
738 2530 774 2557 et
798 2524 958 2557 evidenti
990 2526 1154 2570 prosectu
1183 2526 1220 2558 in
1248 2526 1370 2559 studio
1396 2527 1638 2560 comendandi
1664 2526 1708 2560 ab
1733 2526 1817 2567 hiiS,
1840 2525 1975 2571 quibus
2000 2536 2068 2557 nos
2088 2523 2146 2557 vel
2167 2534 2314 2555 succes·

430 2602 534 2623 sores
556 2591 671 2623 nostri
693 2590 761 2623 hoc
784 2591 991 2635 specialiter
1011 2592 1224 2625 duxerimus
1245 2594 1559 2635 committendum,
1576 2594 1711 2627 fuerint
1727 2593 1897 2626 revocati.
1921 2591 2117 2625 statuimus
2134 2596 2311 2635 preterea,

430 2657 527 2702 quod
556 2656 679 2690 nullus
708 2657 861 2690 scolaris
888 2658 1058 2691 decetero
1085 2658 1135 2691 ibi
1162 2660 1358 2705 recipiatur
1383 2661 1544 2694 facturus
1570 2672 1705 2694 moram
1731 2660 1782 2692 ibi
1806 2659 1898 2693 ultra
1918 2670 2051 2692 annum
2072 2670 2091 2690 a
2112 2657 2170 2689 die
2192 2667 2312 2700 recep-

430 2724 540 2757 tionis
566 2735 645 2765 sue,
667 2724 729 2768 qui
751 2724 915 2769 predicto
937 2725 1046 2757 modo
1068 2725 1104 2758 in
1130 2725 1202 2758 fine
1223 2727 1306 2759 anni
1329 2727 1458 2760 dictam
1481 2727 1627 2760 domum
1650 2727 1873 2772 egrediatur,
1895 2738 1968 2758 non
1989 2735 2219 2764 reversurus,
2241 2722 2312 2755 nisi

429 2791 630 2836 prescripta
661 2791 774 2823 forma
804 2790 848 2823 ab
878 2790 950 2823 hiis
985 2790 1120 2836 quibus
1151 2804 1219 2825 nos
1248 2792 1305 2826 vel
1341 2805 1579 2826 successores
1610 2793 1725 2826 nostri
1755 2793 1823 2825 hoc
1859 2791 2066 2837 specialiter
2100 2789 2312 2823 duxerimus

429 2857 727 2891 committendum
768 2857 878 2890 suerit
916 2864 1119 2891 revocatus.
1162 2860 1236 2891 Hec
1270 2866 1388 2892 autem
1424 2860 1467 2892 ad
1502 2860 1816 2893 conservationem
1860 2858 2074 2891 humilitatis
2109 2863 2145 2889 et
2177 2855 2312 2901 quietis

430 2925 578 2958 studere
613 2923 827 2965 volentium,
859 2930 895 2957 et
923 2924 967 2957 ad
996 2924 1141 2957 vitanda
1177 2925 1287 2958 multa
1322 2926 1616 2960 inconvenientia
1646 2933 1679 2959 et
1710 2938 1820 2959 onera
1851 2925 1946 2958 dicte
1976 2924 2107 2957 domus
2137 2934 2207 2969 que
2237 2934 2310 2955 non
