2580 3528
450 386 515 419 224
1032 395 1349 417 annTeran
1385 393 1574 415 mxlvi-1118.
1612 393 1740 414 rimis.
2222 384 2319 424 [1251

451 471 647 502 magistrorum,
664 471 708 502 qui
729 471 840 494 deberint.
858 470 909 493 dici
930 470 1043 493 scolares
1068 472 1093 492 et
1117 469 1161 500 qui
1185 469 1237 492 sint
1259 468 1392 499 repetendi
1413 467 1435 490 si
1455 467 1603 498 capiuntur,
1619 469 1645 490 et
1667 474 1682 489 a
1704 466 1800 498 quibus
1817 475 1839 494 n,
1857 470 1881 490 ct
1901 467 2007 499 quidem
2027 467 2083 491 sine
2103 467 2229 500 temporis
2249 470 2321 492 nota.

450 516 524 547 Apud
540 515 676 543 Eulaeum,
693 515 737 543 111,
754 516 799 538 240
818 523 868 546 sq.,
884 514 1016 537 invenitur
1031 516 1170 544 utrumque
1185 513 1379 539 documentum,
1392 512 1461 534 circa
1476 511 1546 534 cives
1560 514 1586 534 ot
1600 510 1670 534 circu
1689 510 1841 541 magistros,
1859 511 1904 534 sed
1919 511 2011 535 ordine
2026 511 2131 535 inverso
2151 515 2178 535 et·
2196 511 2253 536 sine
2272 512 2321 536 hoc

449 568 515 583 nexu
531 567 536 583 t
553 568 564 583 t(
582 559 745 583 Universitus
759 559 955 590 magistrorum.
974 577 979 581 .
994 577 998 581 .
1016 558 1053 581 sic
1069 557 1160 588 incipit
1179 566 1199 580 ».
1217 557 1342 584 Fe'libien,
1359 556 1430 580 Hist.
1446 557 1478 579 de
1492 555 1520 579 la
1536 555 1601 579 villa
1617 556 1650 579 de
1665 555 1762 583 Paris,
1783 555 1812 584 V,
1830 556 1884 584 244,
1900 555 1976 579 offert
1990 556 2105 588 primam
2119 559 2223 588 partem
2238 564 2321 588 usque

450 612 462 627 α
478 604 642 628 universitas
656 603 844 635 magistrorum
861 612 881 631 ι),
896 603 1035 633 D'Achory,
1053 601 1194 632 Spiciley.,
1211 602 1224 623 ‘2
1239 601 1290 627 cd„
1307 601 1352 628 ΠΙ,
1369 601 1423 627 630,
1442 600 1574 630 integrum
1590 599 1776 623 documentum
1791 602 1820 623 ut
1834 608 1917 631 supra
1931 600 2086 632 publicavit.

543 697 564 720 1.
584 697 650 727 Req.
676 697 751 721 Phil.
776 698 850 726 Auy.
876 696 901 718 in
927 695 1002 718 Arch.
1026 698 1079 717 nat.
1104 694 1210 718 titulum
1232 696 1392 724 sequentem,
1414 701 1493 715 manu
1514 692 1655 723 posteriori
1675 692 1815 724 scriptum,
1839 693 1934 716 offert:
1953 701 1965 717 (ι
1985 690 2124 722 Quoddum
2141 693 2320 725 juramentum

448 741 545 764 civium
569 741 652 764 Paris.
682 742 778 764 sactum
799 740 902 763 cuidam
925 739 1015 770 regine
1033 738 1140 762 Frnncie
1160 738 1236 761 modo
1257 741 1282 761 et
1300 741 1419 768 tempore
1434 736 1477 760 hic
1499 736 1628 760 contentis
1645 745 1666 760 ».
1684 750 1716 754 —
1735 738 1757 760 2.
1776 737 1899 761 Blancae.
1919 738 2067 762 Ludovicus
2088 738 2150 762 1248
2161 738 2321 770 (Aug.)-1254

450 786 602 808 morabatur
620 785 646 808 in
662 785 774 809 Oriente.
791 798 822 802 —
836 786 858 807 3.
878 784 944 814 Rey.
968 783 1040 807 Phil.
1058 784 1131 813 Aug).
1149 783 1175 805 in
1191 782 1267 805 Arch.
1284 785 1337 805 nat.
1359 781 1385 804 in
1405 781 1525 812 margine
1541 789 1547 804 ι
1566 789 1577 804 «
1593 781 1777 805 Juramentum
1797 781 1984 806 Univereitatis
1999 782 2084 806 Paris.
2098 783 2196 806 sactum
2215 782 2320 806 cuidam

448 830 537 861 regine
551 830 658 853 Francie
674 830 749 852 modo
761 832 786 852 et
801 832 917 859 tempore
932 828 974 850 hic
989 827 1120 858 expressis
1137 835 1158 850 ».
1170 840 1200 844 -
1212 828 1234 850 4.
1247 826 1314 857 Ray.
1331 826 1406 850 Phil.
1424 827 1498 856 Aug.
1509 833 1518 850 .·
1530 834 1541 849 «
1558 826 1723 849 Promissum
1737 834 1757 850 ι).
1778 840 1809 844 -
1823 829 1845 850 5.
1864 826 1932 850 Ibid.
1951 835 1963 850 «
1978 835 2120 858 personam
2137 835 2159 851 ».
2176 827 2238 851 Cod.
2256 827 2319 859 neg.

447 877 473 897 et
488 883 536 897 ms.
554 874 723 897 Cheltenlmm
739 881 743 896 2
763 882 774 895 α
790 880 929 904 personam
946 871 1123 894 nominantem
1139 879 1160 898 »,
1184 879 1195 893 «
1212 870 1409 893 denuntiantem
1430 878 1451 893 1›.
1472 883 1503 887 —
1517 871 1540 893 6.
1560 870 1627 901 Req.
1649 870 1726 895 Phil.
1743 872 1819 901 Auq.
1840 870 1908 895 Bibl.
1931 874 1985 895 nat.
2002 879 2009 895 ⁴.
2029 880 2041 895 (ι
2057 879 2106 903 pro
2124 880 2146 895 n.
2163 885 2196 890 —-
2211 873 2232 896 7.
2251 871 2321 903 Req-

448 919 523 943 Phil.
540 921 614 949 Auy.
636 918 703 941 Bibl.
721 921 773 940 nat.
794 917 900 948 supplet
920 916 945 939 in
962 916 1012 939 tine
1032 924 1110 938 mann
1135 915 1274 946 posteriori
1289 923 1294 938 ·.
1311 924 1323 937 «
1339 915 1411 938 Anno
1432 914 1535 938 Domini
1557 915 1595 938 M⁰
1605 915 1659 938 CC⁰
1677 915 1838 947 octogesimo
1859 915 1907 947 vj⁰‚
1925 915 1967 939 die
1986 916 2111 940 mercurii
2129 920 2190 940 ante
2206 917 2320 941 mediam

447 963 525 985 xlmam
547 963 627 992 (1287,
650 962 735 985 Martii
759 963 781 990 5)
802 961 891 984 additu
912 962 1015 983 suerunt
1037 960 1098 983 huic
1122 959 1281 983 ordinationi
1302 959 1353 982 istu
1373 959 1453 982 verba
1475 967 1479 982 z
1498 959 1518 982 Il
1536 959 1642 990 jurront
1663 967 1712 991 que
1733 960 1759 983 la
1780 968 1827 991 pes
1848 959 1866 983 il
1886 960 2018 984 voudront
2037 968 2052 984 a
2074 961 2132 984 leur
2150 969 2217 992 pour
2236 969 2268 985 ne
2287 969 2321 986 ne

447 1007 558 1029 dom-ont
581 1006 679 1029 conseil
701 1014 732 1028 ne
747 1005 804 1028 uide
824 1013 855 1028 ue
871 1008 1024 1028 sostennnce
1039 1012 1054 1027 a
1074 1005 1119 1027 nul
1137 1004 1169 1027 de
1190 1004 1247 1027 loui-
1268 1003 1362 1027 nacion
1382 1012 1414 1027 ne
1434 1011 1450 1027 a
1469 1007 1543 1027 autre
1559 1004 1590 1027 de
1607 1003 1672 1027 faire
1687 1004 1711 1027 le
1729 1007 1836 1028 contenz
1855 1013 1887 1028 ne
1908 1005 1935 1028 lu
1949 1013 2044 1036 guerre
2063 1008 2136 1029 entre
2150 1013 2207 1034 aue,
2221 1009 2248 1030 et
2259 1013 2287 1030 se
2301 1005 2320 1030 il

446 1054 536 1074 sevent
555 1051 598 1073 nul
616 1051 760 1077 mulsetcur,
784 1049 801 1072 il
819 1050 855 1072 les
871 1049 1055 1080 cnseigneront
1070 1056 1084 1071 n
1100 1048 1215 1072 l'osficial
1231 1049 1262 1071 d«-
1281 1048 1356 1072 Paris
1376 1051 1402 1071 et
1417 1051 1531 1071 metront
1545 1048 1623 1079 paine
1645 1051 1670 1072 et
1689 1048 1787 1072 conseil
1808 1049 1871 1080 qu'il
1887 1049 1972 1073 soient
1986 1049 2042 1081 pris
2061 1057 2083 1073 ».
2099 1050 2163 1073 Vide
2182 1050 2319 1079 Eulaeum,

446 1095 491 1123 ΠΙ,
509 1095 561 1118 ⁶241.

451 1247 556 1284 198.
583 1258 682 1282 Custos
700 1256 765 1282 ord.
785 1256 885 1282 Minor.
903 1255 998 1281 Paris.
1015 1255 1105 1290 fratri
1119 1255 1202 1281 Adae
1218 1255 1253 1281 de
1269 1255 1394 1281 Mar-isco
1415 1255 1542 1291 aliisque
1565 1256 1694 1282 Oxoniae
1713 1256 1856 1291 fratribus
1872 1256 2164 1282 commorantibusde
2183 1256 2320 1291 nefandis

532 1314 551 1331 α
563 1305 731 1341 pastor-ibus
747 1305 880 1338 Parisiis,
898 1304 1051 1330 Aureliani
1066 1307 1094 1330 e!
1109 1305 1136 1330 in
1153 1304 1222 1330 aliis
1239 1304 1309 1330 locis
1322 1305 1500 1340 perpetratis
1515 1306 1612 1339 re'sert.

1769 1395 1812 1421 An.
1833 1395 1903 1425 1251,
1918 1395 2032 1422 Parisii&

532 1468 812 1502 Venerabilibus
847 1469 882 1500 in
921 1468 1067 1502 Christo
1102 1468 1274 1501 fratribus
1310 1468 1387 1501 suis
1421 1468 1500 1501 Ade
1534 1468 1579 1501 de
1618 1469 1788 1510 Mar-isco,
1829 1476 1864 1502 et
1901 1469 2074 1503 fratribus
2113 1469 2319 1504 Minoribus

446 1536 598 1577 Oxonic,
620 1536 729 1568 frater
752 1562 772 1567 ..
796 1535 914 1568 dietus
938 1542 1062 1568 custos
1083 1535 1234 1568 Ordinis
1258 1536 1409 1568 fratrum
1430 1535 1611 1568 Minorum
1640 1536 1801 1569 Parisius
1826 1536 1992 1569 salutem.
2020 1538 2143 1582 Nuper
2167 1537 2206 1570 in
2225 1537 2319 1570 festo

447 1602 772 1643 Resurrectionis¹,
801 1614 881 1635 cum
910 1601 1146 1646 sperabamus
1170 1603 1244 1647 jam
1270 1614 1393 1647 pacem
1421 1609 1544 1635 sancte
1570 1602 1726 1636 ecclesie
1752 1615 1834 1636 esse
1860 1603 2050 1644 redditam,
2081 1610 2116 1636 et
2140 1603 2320 1638 contritus

445 1675 543 1702 esset
572 1675 666 1701 terre
695 1668 846 1701 malleus
876 1668 1060 1710 universe,
1091 1669 1250 1702 surrexit
1284 1668 1415 1702 malum
1445 1669 1683 1714 inopinatum.
1719 1670 1829 1703 Venit
1863 1669 2008 1715 quidam
2043 1669 2228 1703 hereticus
2260 1670 2319 1704 vel

445 1747 605 1780 paganus
617 1735 643 1776 ⁹,
666 1735 827 1768 moribus
849 1741 884 1768 et
904 1735 1067 1768 doctrina
1088 1735 1247 1781 insignis
1273 1742 1309 1769 et
1334 1735 1514 1781 prodigiis
1539 1735 1792 1778 mendacibus,
1818 1736 1856 1769 in
1880 1736 2066 1782 hypocrisi
2090 1736 2191 1770 velut
2209 1736 2319 1782 lupus

445 1814 517 1835 non
552 1802 689 1835 intrans
723 1814 787 1847 per
821 1802 953 1835 ostium
989 1802 1026 1834 in
1065 1802 1174 1843 ovile,
1213 1803 1364 1836 indutus
1399 1809 1517 1836 tamen
1552 1802 1647 1848 pelle
1686 1803 1805 1845 ovina,
1846 1791 1915 1837 suli
1953 1815 2060 1837 cruce
2100 1803 2319 1849 signationis

445 1875 608 1914 pretextu
630 1875 664 1901 et
689 1869 810 1914 specie
837 1869 994 1914 pietatis,
1021 1881 1059 1902 se
1086 1869 1288 1914 principem
1313 1869 1399 1902 fecit
1423 1876 1623 1914 pastorum,
1650 1882 1820 1904 asserens
1848 1870 1918 1903 sibi
1940 1870 2182 1903 revelationes
2208 1870 2318 1904 factas

444 1947 462 1968 a
497 1937 586 1976 Deo,
621 1942 660 1968 ut
694 1935 785 1968 ultra
820 1947 916 1968 mare
951 1942 1179 1981 pugnaturus
1219 1948 1299 1969 cum
1341 1936 1530 1970 Saracenis
1565 1948 1604 1970 sc
1644 1937 1869 1979 transferret,
1909 1937 2071 1982 gladium
2105 1949 2240 1982 gerens
2273 1937 2319 1971 ad

446 2002 679 2047 pugnandum
708 2014 788 2034 cum
817 2001 1024 2047 pastoribus
1055 2002 1285 2036 Christianis.
1316 2003 1367 2036 Ac
1395 2010 1615 2048 cooperante
1643 2003 1768 2037 nescio
1799 2015 1884 2048 quo,
1914 2004 1990 2037 Deo
2021 2010 2140 2037 tamen
2169 2010 2319 2049 propter

447 2075 589 2113 peccata
620 2075 742 2101 nostra
772 2069 1015 2114 permittente,
1052 2076 1147 2103 tanta
1176 2070 1320 2103 fatuitas
1349 2070 1401 2103 sic
1431 2069 1595 2111 invaluit,
1632 2076 1670 2103 ut
1699 2070 1861 2115 undique
1891 2077 2056 2115 pastores
2089 2082 2133 2103 ex
2161 2070 2319 2104 diversis

446 2135 569 2167 mundi
598 2135 760 2180 partibus
791 2136 1025 2180 ca[ter]vatim
1054 2137 1283 2169 cucurrerint
1309 2137 1346 2169 in
1375 2137 1592 2182 parvissimo
1620 2137 1795 2182 temporis
1825 2137 1955 2182 spatio,
1986 2137 2106 2182 ipsum
2136 2136 2318 2182 perditum

445 2200 627 2234 hominem
657 2203 893 2247 sequentes³3
924 2203 989 2235 scd
1017 2209 1052 2236 et
1078 2202 1197 2248 plebis
1223 2203 1318 2236 circa
1343 2203 1462 2248 ipsum
1489 2210 1523 2236 ct
1549 2204 1629 2248 ejus
1654 2203 1851 2249 complices
1878 2210 1999 2237 tantus
2027 2203 2179 2237 invaluit
2203 2203 2316 2246 favor,

446 2274 483 2301 ut
517 2268 638 2301 diccrc
674 2275 824 2313 possent
858 2276 892 2302 et
926 2270 1044 2302 facere
1079 2282 1307 2315 quecumque
1342 2270 1490 2303 vellent.
1530 2270 1670 2304 Videns
1704 2270 1823 2315 itaque
1861 2270 1916 2304 vir
1951 2270 2116 2315 perditus
2150 2276 2245 2303 tanta
2277 2282 2318 2303 se

445 2335 612 2379 stipatum
648 2340 824 2376 caterva⁴,
867 2336 988 2368 favore
1028 2336 1205 2381 gentium,
1246 2343 1461 2382 conceptum
1502 2349 1681 2370 venenum
1722 2349 1796 2370 non
1834 2337 1952 2382 potuit
1991 2337 2074 2382 plus
2114 2336 2317 2379 continere,

445 2401 531 2445 quin
561 2401 738 2446 inciperet
767 2401 977 2446 dignitatem
1010 2402 1291 2436 ecclesiasticam
1322 2403 1472 2444 violare,
1504 2410 1726 2436 sacramenta
1757 2403 1974 2444 execrando,
2005 2403 2179 2449 populum
2206 2402 2318 2436 bene-

446 2466 614 2508 dicendo,
645 2467 879 2512 predicando,
914 2480 1057 2501 crucem
1094 2469 1227 2511 dando,
1263 2481 1374 2514 aquas
1406 2469 1631 2515 aspersionis
1667 2482 1761 2503 novo
1797 2482 1896 2503 more
1931 2469 2109 2510 faciendo,
2147 2468 2316 2502 miracula

446 2532 702 2577 confingendo,
733 2534 883 2579 insuper
903 2535 939 2567 in
969 2535 1129 2568 virorum
1161 2536 1491 2569 ecclesiasticorum
1522 2536 1611 2569 cede
1641 2536 1855 2581 grassando.
1892 2535 2057 2580 Denique
2092 2535 2129 2568 in
2160 2535 2315 2569 adventu

448 2599 526 2642 ejus
547 2599 706 2632 Parisius
732 2607 767 2632 ct
793 2613 941 2633 suorum
970 2614 1225 2646 prccursorum
1252 2610 1288 2635 etv
1312 2603 1521 2648 sequacium
1548 2609 1617 2636 tam
1643 2602 1759 2636 valida
1785 2603 1874 2636 facta
1901 2609 1957 2635 est
1976 2601 2169 2635 commotio
2191 2601 2317 2647 populi

449 2671 570 2696 contra
599 2665 746 2706 clerum,
778 2673 816 2698 ut
845 2667 880 2699 in
908 2668 1031 2712 paucis
1061 2668 1190 2702 diebus
1219 2669 1364 2714 plurimi
1392 2669 1515 2702 clerici
1543 2669 1737 2711 interfecti,
1767 2669 1879 2714 aliqui
1906 2669 1941 2701 in
1972 2668 2121 2701 flumine
2149 2667 2314 2712 projecti,

449 2731 513 2762 sed
541 2737 575 2763 ct
601 2731 723 2776 plures
749 2739 868 2765 essent
899 2735 1064 2776 sauciati3
1093 2736 1264 2769 sacerdos
1290 2736 1394 2769 etiam
1422 2735 1638 2781 parochialis
1659 2736 1696 2768 in
1718 2736 1841 2776 missa,
1867 2734 1988 2768 casula
2009 2734 2199 2779 spoliatus,
2221 2734 2316 2767 rosis

448 2804 641 2830 coronatus
671 2797 900 2831 illudebatur.
937 2802 980 2833 Et
1013 2801 1048 2833 in
1085 2808 1218 2835 lantum
1255 2803 1369 2836 crevit
1402 2803 1468 2836 ista
1504 2802 1650 2843 malitia,
1685 2802 1783 2847 quod
1817 2802 1887 2835 nisi
1922 2801 2085 2834 affuisset
2120 2800 2316 2834 Salvatoris

450 2862 652 2905 clementia,
684 2865 960 2898 IJnivcrsitatem
993 2879 1010 2899 a
1040 2868 1200 2902 Par-isius
1231 2869 1484 2915 extit-passent,
1528 2881 1609 2902 cum
1639 2868 1819 2901 effusione
1853 2867 2090 2901 ecclesiastici
2126 2867 2316 2912 sanguinis

450 2935 484 2962 ct
510 2930 707 2974 opprobrio
737 2931 954 2965 Christiano.
987 2934 1090 2978 Apud
1124 2935 1387 2981 Rothomagum
1418 2935 1607 2968 ecclesiam
1639 2941 1674 2967 et
1703 2934 1848 2967 domum
1879 2933 2144 2979 archiepiscopi
2173 2934 2316 2967 confre-
