2580 3528
471 403 536 435 604
1053 409 1374 432 ana'rULAmUM
1408 407 1600 429 UNlVERS.
1637 406 1767 429 rmus,
2248 397 2349 438 [1284

473 493 507 519 et
523 485 769 532 percipiendis
786 497 897 530 super
917 484 1055 526 eadem,
1074 484 1170 529 quod
1190 483 1285 516 idem
1308 482 1503 527 episeopus
1523 493 1563 514 ac
1584 481 1663 525 ejus
1685 491 1922 514 successores
1937 480 2164 514 parisienses
2184 481 2349 527 episcopi

474 553 517 586 ad
552 553 736 599 predictos
770 552 861 585 alios
896 563 1022 584 omnes
1058 557 1092 584 ct
1122 549 1289 595 singulos
1319 560 1453 581 census
1483 553 1736 592 augmentatos
1770 558 1959 580 recursum
1989 546 2145 581 habeant
2173 560 2239 594 pro
2269 548 2348 582 suis

474 620 604 666 viginti
634 619 794 664 quinque
823 618 953 652 solidis
982 617 1091 650 annui
1117 628 1250 650 census
1277 627 1341 648 seu
1369 614 1535 647 redditus
1561 613 1736 659 predictis
1761 613 1940 647 habendis
1967 621 2003 647 et
2028 614 2276 660 percipiendis
2302 615 2347 649 ab

476 686 604 719 eodem
628 686 800 731 episcopo
826 685 978 729 ejusque
1002 681 1281 716 successoribus
1305 681 1460 714 ecclesie
1486 680 1705 713 Parisiensis
1731 680 1915 726 episcopis
1938 681 2136 723 annuatim,
2157 688 2197 715 ut
2220 694 2348 728 supra-

476 753 609 786 dictum
631 759 697 785 est.
722 751 823 785 Salva
844 751 948 784 etiam
971 750 1087 782 eidem
1111 748 1258 781 domino
1280 748 1454 792 episcopo
1476 748 1628 791 ejusque
1650 746 1931 780 successoribus
1951 747 2170 782 Parisiensis
2190 748 2346 782 ecclesie

475 819 658 865 episcopis
685 819 721 851 in
752 817 921 851 omnibus
950 823 982 849 et
1014 815 1171 861 singulis
1200 814 1292 847 locis
1323 820 1358 847 et
1387 813 1560 847 censibus
1591 813 1811 859 supradictis
1841 814 2048 847 omnimoda
2071 815 2345 860 jurisdictione,

469 886 610 931 justitia
642 892 677 918 et
706 884 879 925 dominio,
910 890 945 916 et
974 882 1074 915 salvo
1105 882 1210 914 etiam
1241 881 1339 914 omni
1369 880 1438 913 alio
1469 881 1553 925 jure
1585 891 1665 918 suo,
1699 887 1739 913 ut
1767 880 1937 914 dicebant
1966 881 2076 914 iidem
2111 882 2280 927 provisor
2312 887 2348 916 et

474 952 632 985 scolares
654 963 772 983 coram
795 949 914 982 nobis.
937 951 1089 994 Propter
1111 948 1208 993 quod
1229 947 1316 980 dicti
1337 947 1506 992 provisor
1527 954 1563 980 et
1581 947 1743 981 scolares
1763 947 1801 980 in
1822 954 1945 981 nostra
1966 948 2150 993 presentia
2170 961 2347 994 persona·

473 1019 555 1051 liter
581 1017 767 1051 constituti
791 1016 987 1050 voluerunt
1012 1022 1047 1048 et
1071 1021 1335 1048 concesserunt
1354 1014 1546 1059 spontanei
1567 1014 1714 1047 nomine
1736 1026 1807 1059 quo
1829 1026 1952 1060 supra,
1974 1015 2073 1060 quod
2097 1015 2216 1049 dictus
2244 1027 2347 1050 reve-

473 1085 608 1118 rendus
639 1090 739 1129 pater
774 1082 991 1116 Parisiensis
1028 1081 1223 1126 episcopus
1255 1088 1290 1114 et
1319 1092 1556 1114 successores
1584 1081 1640 1114 sui
1671 1080 1826 1114 ecclesie
1855 1081 2074 1115 Parisiensis
2104 1082 2268 1128 episcopi
2303 1094 2347 1117 ex

472 1164 567 1184 nunc
594 1151 630 1183 in
657 1151 815 1183 futurum
838 1149 955 1182 dictos
975 1148 1105 1193 viginti
1127 1148 1288 1193 quinque
1309 1147 1450 1180 solidos
1471 1147 1581 1193 paris.
1603 1147 1713 1180 annui
1735 1159 1869 1181 census
1895 1159 1961 1181 seu
1988 1148 2154 1182 redditus
2181 1148 2348 1194 quolibet

472 1230 564 1250 anno
590 1217 633 1250 ad
659 1216 885 1249 Nativitatem
911 1215 1057 1248 Domini
1082 1214 1249 1256 habeant,
1277 1220 1424 1247 teneant
1449 1221 1484 1247 et
1508 1214 1712 1260 percipiant
1740 1214 1878 1259 absque
1909 1214 2028 1260 aliqua
2057 1215 2345 1250 contradictione

472 1296 582 1329 super
603 1284 710 1316 domo
732 1282 885 1328 predicti
907 1281 1044 1316 Galteri
1066 1282 1110 1314 de
1132 1281 1358 1323 Broissellis,
1382 1287 1490 1326 prout
1509 1292 1548 1314 se
1573 1287 1775 1326 comportat
1794 1288 1875 1314 ante
1898 1288 1933 1315 et
1953 1288 2062 1315 retro.
2086 1283 2131 1315 Et
2150 1282 2181 1316 si
2208 1282 2346 1316 contin-

470 1357 574 1395 geret
614 1361 788 1395 processu
823 1348 1012 1394 temporis,
1047 1354 1086 1381 ut
1120 1348 1255 1381 dictum
1290 1354 1358 1389 est,
1395 1347 1526 1381 dictam
1561 1347 1708 1381 domum
1744 1359 1827 1381 esse
1861 1347 1983 1381 minus
2022 1348 2262 1382 sufficientem
2300 1349 2346 1383 ad

471 1417 685 1451 solvendum
708 1428 772 1449 seu
794 1415 1069 1461 percipiendum
1092 1427 1203 1460 super
1223 1414 1348 1447 eadem
1371 1414 1488 1448 dictos
1504 1414 1635 1460 viginti
1656 1414 1818 1460 quinque
1839 1414 1979 1448 solidos
1999 1415 2110 1448 annui
2132 1427 2266 1449 census
2286 1415 2346 1450 vel

470 1484 557 1517 alias
597 1483 715 1516 dictus
754 1482 979 1516 reverendus
1013 1488 1112 1526 pater
1148 1488 1183 1514 et
1216 1482 1296 1526 ejus
1331 1493 1567 1514 successores
1601 1481 1828 1514 Parisienses
1863 1481 2027 1527 episcopi
2066 1482 2343 1527 impedirentur,

471 1550 666 1595 quominus
693 1549 809 1582 dictos
833 1549 963 1594 viginti
989 1548 1150 1593 quinque
1172 1548 1312 1581 solidos
1337 1547 1472 1580 habere
1497 1554 1533 1580 et
1556 1548 1746 1593 percipere
1771 1555 1924 1593 possent
1948 1560 2059 1593 super
2084 1548 2179 1582 dieta
2204 1549 2312 1582 domo
2335 1561 2344 1583 ι

470 1617 666 1650 voluerunt
699 1616 784 1648 dicti
819 1615 987 1660 provisor
1021 1621 1056 1648 et
1085 1614 1245 1648 scolares
1275 1627 1315 1647 ac
1345 1614 1537 1660 spontanei
1566 1621 1832 1648 concesserunt
1860 1621 1930 1648 tam
1960 1615 2108 1648 nomine
2140 1627 2207 1649 suo
2239 1627 2345 1661 quam

471 1683 617 1717 nomine
652 1683 746 1715 dicte
782 1682 924 1723 domus,
961 1682 1058 1726 quod
1093 1682 1212 1714 dictus
1246 1681 1471 1715 reverendus
1507 1688 1608 1727 pater
1642 1688 1678 1715 et
1709 1682 1766 1715 sui
1800 1694 2037 1715 successores
2070 1682 2115 1715 ad
2149 1694 2277 1716 omnes
2311 1689 2347 1716 et

470 1749 639 1795 singulos
665 1749 849 1794 predictos
874 1760 1008 1782 census
1030 1755 1064 1781 et
1084 1748 1249 1781 redditus
1270 1760 1459 1781 recursum
1481 1748 1636 1782 habeant
1656 1760 1722 1793 pro
1744 1748 1850 1782 dictis
1870 1749 2000 1794 viginti
2027 1749 2188 1794 quinque
2214 1749 2346 1782 solidis

470 1817 579 1849 annui
601 1828 734 1848 census
756 1815 831 1849 sive
853 1815 1018 1848 redditus
1039 1814 1218 1848 habendis
1238 1822 1274 1848 et
1293 1815 1541 1860 percipiendis
1562 1815 1667 1848 annis
1687 1815 1846 1861 singulis
1866 1815 2022 1848 termino
2043 1816 2208 1861 predicto
2235 1827 2346 1862 super

471 1882 643 1928 predictis
665 1882 838 1915 censibus
855 1882 932 1915 sive
948 1881 1154 1915 redditibus
1172 1882 1208 1914 in
1226 1882 1382 1915 solidum
1406 1889 1441 1915 et
1461 1894 1526 1927 pro
1547 1882 1719 1915 indiviso.
1739 1882 1840 1916 Salva
1858 1882 2132 1924 nichilominus,
2150 1889 2190 1915 ut.
2209 1883 2344 1916 dictum

470 1956 536 1990 est,
559 1956 594 1982 et
619 1955 758 1982 retenta
783 1949 899 1981 eidem
927 1949 1100 1994 episcopo
1122 1950 1275 1994 ejusque
1297 1948 1577 1982 successoribus
1599 1949 1755 1982 ecclesie
1775 1949 1994 1982 Parisiensis
2020 1949 2204 1994 episeopis
2229 1949 2347 1982 omni-

470 2016 574 2049 moda
595 2016 865 2060 jurisdictione,
884 2015 1024 2060 justitia
1046 2022 1081 2048 et
1101 2015 1262 2048 dominio
1284 2016 1321 2048 in
1343 2015 1514 2048 omnibus
1534 2015 1626 2048 locis
1652 2022 1688 2048 et
1711 2015 1822 2048 rebus
1844 2015 2032 2060 predictis,
2055 2022 2090 2049 et
2114 2015 2213 2049 salvo
2239 2016 2346 2050 etiam

470 2082 567 2115 omni
587 2082 657 2115 alio
674 2083 757 2126 jure
778 2093 858 2114 suo.
877 2082 989 2124 Quam
1013 2081 1193 2126 siquidem
1215 2081 1361 2114 domum
1383 2081 1500 2126 ipsius
1521 2081 1672 2123 Galteri,
1691 2089 1799 2127 prout
1814 2094 1853 2115 se
1869 2089 2071 2127 comportat
2085 2089 2167 2115 ante
2184 2089 2218 2116 et
2235 2088 2344 2125 retro,

469 2161 508 2181 ac
534 2160 661 2182 omnes
687 2160 820 2181 census
842 2148 919 2181 sive
941 2147 1106 2180 redditus
1127 2148 1312 2192 predictos
1334 2160 1413 2180 cum
1437 2147 1608 2181 omnibus
1628 2148 1775 2192 juribus
1802 2148 1872 2182 sibi
1898 2155 1934 2182 et
1958 2160 2023 2182 sue
2050 2149 2175 2182 domui
2200 2161 2347 2195 compe-

470 2215 629 2248 tentibus
669 2215 786 2247 eidem
828 2214 976 2247 domino
1016 2214 1190 2259 episcopo
1231 2215 1383 2259 ejusque
1423 2214 1703 2248 successoribus
1741 2215 2012 2249 Parisiensibus
2057 2215 2241 2262 episcopis
2279 2228 2345 2262 pro

470 2282 659 2326 premissis
686 2281 856 2314 omnibus
881 2281 1125 2326 adimplendis
1146 2281 1309 2326 legitime
1335 2287 1370 2314 et
1394 2281 1564 2314 tenendis
1589 2281 1675 2315 dicti
1701 2282 1869 2327 provisor
1895 2289 1930 2315 et
1953 2282 2113 2316 scolares
2139 2282 2347 2328 specialiter

470 2348 678 2393 obligarunt
707 2355 742 2381 et
770 2347 952 2393 obligatos
987 2347 1194 2393 specialiter
1224 2347 1464 2393 reliquerunt,
1494 2348 1539 2381 ad
1569 2360 1820 2394 quoscumque
1846 2349 2063 2383 devenerint
2091 2361 2354 2395 possessores„

471 2415 726 2447 l‘romittentes
756 2414 827 2447 fide
857 2414 900 2447 ab
931 2414 1022 2459 ipsis
1053 2415 1089 2447 in
1117 2426 1224 2447 manu
1252 2421 1375 2448 nostra
1403 2415 1552 2459 prestita
1581 2415 1773 2460 corporali,
1804 2415 1901 2460 quod
1929 2422 2054 2449 contra
2082 2416 2260 2461 premissa
2286 2415 2354 2451 vel:

471 2480 617 2525 aliquod
643 2481 903 2525 premissorum
930 2493 994 2526 per
1020 2493 1058 2514 se
1079 2481 1137 2514 vel
1158 2493 1223 2526 per
1243 2481 1352 2514 alium
1375 2493 1440 2514 seu
1462 2481 1553 2514 alios
1573 2494 1647 2514 non
1667 2482 1815 2515 venient
1835 2482 1872 2515 in
1894 2483 2069 2524 futurum,
2091 2483 2201 2516 immo
2224 2483 2345 2516 omnia

472 2553 508 2578 et
551 2546 693 2591 singula
737 2547 942 2591 supradicta
987 2547 1165 2580 tenebunt
1208 2547 1468 2581 inviolabiliter
1511 2555 1546 2581 et
1588 2548 1745 2582 fideliter
1789 2549 2053 2594 adimplebunt,
2094 2549 2344 2594 jurisdictioni

473 2611 651 2644 curiarum
680 2619 882 2645 nostrarum
912 2625 951 2646 se
980 2614 1099 2658 quoad
1126 2614 1194 2647 hoc
1223 2621 1486 2660 supponentes,
1513 2627 1552 2647 ac
1580 2615 1829 2648 renunciando
1857 2627 1921 2661 per
1947 2615 2055 2648 fidem
2082 2615 2280 2661 predictam
2306 2615 2344 2649 in

472 2677 540 2710 hoc
567 2678 658 2710 facto
686 2679 783 2711 omni
811 2680 1014 2724 exceptioni
1042 2687 1077 2713 et
1101 2681 1307 2726 deceptioni
1329 2681 1404 2714 doli
1425 2681 1521 2722 mali,
1543 2682 1676 2714 actioni
1697 2681 1734 2714 in
1754 2682 1900 2724 factum,
1927 2681 2180 2727 beneficioque
2201 2682 2344 2715 restitu-

474 2744 584 2777 tionis
610 2744 646 2776 in
672 2745 867 2789 integrum,
890 2746 988 2778 omni
1014 2747 1272 2780 consuetudini
1294 2748 1407 2793 patrie
1429 2747 1627 2793 cujuslibet
1646 2755 1682 2781 et
1701 2754 1848 2790 statuto,
1870 2755 1905 2781 et
1929 2747 2099 2781 omnibus
2126 2754 2161 2781 et
2185 2748 2343 2794 singulis

474 2810 762 2855 exceptionibus,
785 2811 1065 2856 allegationibus
1087 2820 1122 2846 et
1142 2814 1420 2847 defensionibus
1440 2814 1536 2859 juris
1558 2821 1593 2848 et
1612 2815 1695 2848 facti
1720 2815 1885 2848 canonici
1910 2821 1946 2847 et
1969 2814 2101 2856 civilis,
2123 2826 2193 2859 que
2219 2821 2343 2848 contra

474 2888 626 2921 presens
654 2877 933 2910 instrumentum
959 2878 1016 2911 vel
1037 2879 1166 2912 factum
1189 2887 1341 2924 possent
1364 2881 1401 2913 in
1427 2887 1613 2926 posterum
1640 2880 1750 2926 objici
1775 2893 1839 2914 seu
1866 2880 1949 2914 dici.
1973 2882 2014 2914 In
2039 2881 2144 2926 cujus
2169 2881 2223 2915 rei
2247 2881 2344 2915 testi-

475 2943 633 2976 monium
668 2943 711 2976 ad
744 2944 954 2988 petitionem
989 2945 1165 2978 dictorum
1202 2947 1403 2991 provisoris
1434 2954 1469 2981 et
1503 2947 1697 2981 scolarium
1731 2947 1852 2993 sigilla
1884 2947 2065 2980 curiarum
2100 2947 2351 2993 predictarum
