2580 3528
281 398 378 439 1252]
619 409 666 430 ΑΒ
700 408 806 431 Anno
841 408 918 431 Mcc
952 408 1084 437 USQUE
1118 408 1167 430 AD
1204 409 1435 431 rmmrruu
1469 409 1510 431 ιν
1545 409 1633 431 nes.
1670 410 1806 433 rnANc.
2088 403 2153 435 229

278 481 337 516 die
371 488 454 528 post
485 481 694 515 brandones
728 482 971 515 determinare
1006 482 1166 528 incipiat.
1202 482 1273 526 Qui
1307 483 1339 515 si
1373 494 1417 515 ex
1451 489 1536 516 tunc
1571 483 1814 517 determinare
1849 497 1922 517 non
1961 485 2151 531 inceperit,

277 548 508 594 postmodum
539 547 610 582 sibi
644 548 887 582 determinare
917 560 983 594 per
1011 549 1326 595 quadragesimam
1358 561 1431 582 non
1461 549 1598 582 licebit,
1635 551 1678 583 Et
1712 562 1755 583 ex
1786 551 1945 595 predicta
1981 552 2039 584 die
2068 552 2155 585 lune

276 626 394 660 usque
427 614 472 648 ad
505 614 660 648 mediam
691 615 1004 660 quadragesimam
1041 615 1213 648 continue
1248 615 1479 656 determinet,
1515 616 1587 649 nisi
1621 615 1751 649 habeat
1785 629 1927 650 causam
1959 617 2155 663 legitimam

276 681 396 727 ipsum
426 688 673 715 excusantem.
706 682 749 715 Et
778 688 863 715 tunc
894 681 984 714 nulli
1014 681 1121 715 liceat
1154 694 1220 727 pro
1255 682 1336 728 ipso
1371 682 1614 715 determinare
1643 683 1838 724 visitando,
1875 683 1946 716 nisi
1976 684 2158 717 licentiam

275 748 319 781 ad
354 747 555 794 regendum
590 748 751 782 Parisius
789 747 919 781 habeat
952 748 989 781 in
1023 748 1176 788 artibus,
1214 748 1272 782 vel
1307 749 1368 794 qui
1408 748 1496 782 alias
1535 749 1572 782 in
1611 749 1699 782 sede
1739 749 1911 783 videlicet
1949 762 2014 795 per
2048 757 2157 783 totam

275 814 589 860 quadragesimam
619 814 918 848 determinaverit
945 814 1003 848 vel
1033 815 1095 860 qui
1130 815 1178 849 sit
1210 815 1418 849 licentiatus
1447 815 1484 848 in
1514 815 1574 849 illa
1604 817 1767 862 presenti
1800 817 2079 862 quadragesima
2115 817 2158 850 ad

275 881 604 923 determinandum,
625 881 710 915 dum
731 888 850 915 tamen
872 881 934 915 ille
954 881 1050 915 idem
1073 882 1370 916 determinaverit
1390 883 1563 916 continue
1583 895 1601 915 a
1623 883 1784 928 predicta
1806 883 1865 916 die
1886 883 1974 916 lune
1996 884 2158 929 proxima

274 954 359 994 post
384 947 594 982 brandones
613 936 738 994 ¹usque
765 948 809 981 ad
838 948 991 981 mediam
1020 949 1348 995 quadragesimam.
1377 951 1464 983 Item
1494 949 1525 982 si
1552 949 1796 983 bachellarius
1822 962 1895 983 nno
1923 962 2018 983 anno
2044 950 2159 983 licen-

274 1014 382 1048 tiatus
402 1015 512 1048 fuerit
531 1014 574 1048 ad
596 1015 911 1048 determinandum
933 1015 971 1048 in
991 1015 1130 1049 artibus
1152 1016 1326 1058 Parisius,
1350 1023 1385 1049 et
1405 1028 1448 1049 ex
1468 1016 1630 1062 legitima
1651 1029 1758 1050 causa
1779 1016 1840 1050 illa
1862 1017 2157 1063 quadragesima,

274 1081 310 1114 in
338 1093 408 1127 qua
437 1081 644 1115 licentiatus
672 1088 739 1124 est,
769 1082 1013 1116 determinare
1041 1083 1320 1128 pretermiserit,
1349 1083 1448 1128 quod
1475 1083 1695 1129 quandoque
1722 1083 1915 1129 contingit,
1948 1083 2019 1116 sibi
2050 1083 2160 1117 liceat

274 1148 505 1194 postmodum
531 1149 568 1182 in
593 1133 684 1182 sede
706 1149 743 1182 in
769 1149 1047 1195 quadragesima
1073 1161 1302 1195 quacumque
1328 1156 1518 1195 sequente,
1546 1150 1720 1183 canonice
1746 1157 1865 1183 tamen
1892 1157 1927 1183 et
1955 1150 2156 1183 secundum

272 1214 423 1248 sormam
450 1215 617 1257 aliorum,
649 1215 905 1258 determinare,
939 1222 995 1249 set
1024 1228 1097 1249 non
1127 1216 1218 1249 alios
1249 1216 1538 1262 particulariter’
1567 1217 1728 1258 visitare,
1760 1217 1831 1250 nisi
1862 1217 1964 1262 prius
1999 1217 2035 1250 in
2071 1217 2159 1250 sede

273 1293 338 1327 per
358 1287 466 1315 totam
493 1281 807 1327 quadragesimam
835 1282 1143 1316 determinaverit.
1173 1284 1261 1316 Item
1288 1289 1480 1328 antequam
1501 1283 1646 1316 bursam
1671 1295 1778 1316 unam
1800 1283 1905 1317 talem
1928 1283 1986 1317 vel
2008 1290 2154 1325 tantam,

271 1359 378 1394 quam
398 1348 501 1394 ponit
520 1347 591 1381 fide
611 1348 793 1394 corporali
813 1349 976 1394 prestita,
1003 1361 1115 1394 super
1139 1348 1207 1382 hoc
1235 1349 1279 1382 ad
1308 1361 1400 1395 opus
1422 1349 1679 1383 Universitatis
1701 1349 1920 1395 persolverit
1940 1357 1975 1383 et
1994 1350 2038 1383 ad
2059 1362 2153 1395 opus

270 1414 455 1448 nascionis
489 1414 607 1456 aliam,
643 1414 760 1448 eidem
797 1415 1064 1448 determinandi
1098 1415 1244 1449 licentia
1279 1427 1352 1449 non
1387 1415 1574 1461 largiatur.
1611 1417 1699 1449 Item
1731 1416 1761 1449 si
1797 1416 1840 1449 ad
1875 1416 2023 1462 longius
2058 1417 2151 1450 infra

270 1480 487 1514 dominicam
520 1481 718 1527 proximam
752 1488 834 1515 ante
866 1482 1167 1527 carniprivium¹⁰
1200 1482 1408 1516 licentiatus
1438 1495 1511 1516 non
1542 1483 1662 1524 suerit,
1700 1483 1854 1516 ulterius
1889 1483 1952 1515 illo
1982 1495 2076 1516 anno
2107 1483 2151 1516 ad

270 1547 579 1581 examinacionem
610 1548 876 1582 determinandi
906 1560 979 1582 non
1013 1548 1233 1582 admittatur.
1269 1550 1358 1582 Item
1395 1549 1512 1582 eidem
1548 1549 1775 1594 injungatur,
1812 1549 1910 1594 quod
1946 1561 2010 1595 per
2044 1556 2152 1582 totam

269 1613 583 1660 quadragesimam
616 1621 652 1648 et
685 1614 874 1661 deincepS,
909 1615 1082 1661 quamdiu
1115 1615 1320 1649 facultatem
1355 1616 1492 1649 arcium
1527 1615 1759 1661 profitebitur
1793 1615 1830 1648 in
1860 1615 1934 1649 illis
1970 1615 2153 1649 studendo

268 1680 327 1715 vel
361 1681 539 1727 regendo,
575 1681 742 1715 mandato
778 1682 931 1715 rectoris
961 1688 997 1715 et
1026 1682 1273 1728 procuratoris
1304 1689 1428 1728 pareat
1462 1682 1499 1715 in
1528 1682 1639 1716 licitis
1674 1689 1709 1715 et
1742 1682 1921 1716 honestis.
1958 1683 2047 1716 Item
2078 1694 2152 1715 non

268 1746 368 1781 dabit
396 1747 607 1794 potaciones
637 1747 707 1782 nisi
738 1748 852 1794 prima
882 1748 954 1790 die,
991 1760 1060 1794 qua
1090 1749 1333 1782 determinare
1368 1749 1530 1795 incipiet,
1567 1755 1602 1782 et
1636 1748 1775 1785 ultima.
1811 1749 1882 1782 nisi
1918 1748 1978 1782 siat
2007 1748 2075 1782 hoc
2110 1760 2153 1782 ex

268 1813 414 1848 licentia
448 1814 602 1849 rectoris
634 1814 692 1848 vel
726 1815 974 1861 procuratoris
1007 1827 1072 1849 sue
1107 1816 1305 1857 nascionis,
1342 1816 1404 1862 qui
1438 1827 1519 1849 cum
1555 1828 1598 1849 eo
1634 1816 1670 1848 in
1704 1815 1770 1849 hac
1800 1822 1900 1861 parte
1935 1816 2150 1861 dispensare

267 1886 440 1927 poterunt
465 1881 667 1915 secundum
695 1881 793 1928 quod
819 1881 978 1915 viderint
1005 1882 1191 1928 expedire,
1217 1882 1328 1916 multa
1356 1889 1475 1916 tamen
1502 1882 1596 1916 circa
1622 1882 1724 1928 ipsos
1749 1882 2052 1916 determinatores
2079 1894 2149 1927 que

266 1953 352 1981 sunt
379 1947 599 1981 attendenda
628 1948 665 1981 in
695 1947 829 1982 talibus
858 1949 1141 1982 considerando.
1171 1950 1260 1983 Item
1287 1949 1553 1983 examinatores
1580 1949 1770 1995 pecuniam
1799 1949 1842 1982 ad
1870 1961 1964 1994 opus
1994 1949 2150 1982 Univer-

265 2013 383 2048 sitatis
412 2021 449 2048 et
476 2014 661 2048 nascionis
690 2014 735 2048 ab
768 2015 860 2061 ipsis
893 2015 1125 2050 bachellariis
1161 2016 1404 2062 recipiendam
1441 2015 1640 2062 diligenter
1669 2015 1857 2062 colligent,
1895 2022 1930 2048 et.
1958 2015 2145 2049 collectam

266 2079 424 2114 fideliter
443 2080 704 2123 observabunt,
727 2088 762 2115 et
781 2082 824 2115 ad
846 2082 1135 2116 sumonicionem
1159 2083 1314 2116 rectoris
1335 2089 1371 2116 et
1395 2089 1670 2128 procuratorum
1694 2089 1849 2128 quatuor
1874 2082 2087 2115 nascionum
2110 2082 2146 2115 in

265 2146 390 2180 cistam
416 2159 646 2181 communem
671 2148 919 2182 universitatis
945 2149 1151 2183 artistarum
1178 2150 1373 2183 refundent
1399 2149 1443 2183 ad
1469 2149 1563 2182 diem
1591 2149 1814 2195 deputatum.
1844 2150 1932 2182 Item
1954 2149 2143 2194 pecuniam

264 2219 444 2259 receptam
479 2213 523 2247 ad
557 2226 651 2260 opus
685 2215 870 2249 nascionis
904 2216 997 2249 infra
1032 2215 1127 2249 diem
1163 2216 1380 2249 dominicam
1412 2216 1611 2262 proximam
1643 2222 1725 2261 post
1754 2216 1899 2249 cineres
1929 2215 1965 2248 in
1999 2214 2141 2248 archam

263 2291 491 2314 communem
527 2281 734 2315 refundent.
770 2282 857 2315 Item
890 2281 1013 2315 nullus
1044 2282 1289 2328 predictorum
1318 2283 1601 2316 examinatorum
1634 2294 1698 2327 per
1732 2294 1771 2314 se
1806 2282 1885 2314 sine
1918 2282 1996 2314 suis
2031 2281 2142 2314 sociis

263 2358 387 2380 secum
420 2347 465 2380 ad
499 2347 813 2381 determinandum
845 2348 1027 2394 deputatis
1057 2349 1174 2394 possit
1203 2361 1420 2394 quemqnam
1456 2348 1663 2390 liccnciare,
1699 2360 1765 2381 nec
1801 2348 2004 2381 examinare
2038 2347 2141 2381 solus

263 2419 460 2458 presumat.
490 2414 577 2447 Item
601 2420 722 2459 preter
742 2414 902 2460 predicta
931 2415 1102 2448 intersint
1125 2414 1287 2460 qualibet
1312 2415 1370 2448 (lie
1396 2415 1542 2449 veneris
1568 2415 1612 2447 ad
1636 2426 1809 2460 vesperas
1838 2415 1946 2447 Beate
1974 2414 2139 2459 Virginis

262 2486 298 2513 et
317 2479 360 2513 ad
382 2480 528 2513 missam
551 2480 610 2513 die
631 2479 743 2514 sabati
771 2487 961 2527 sequente,
984 2487 1174 2527 postquam
1195 2481 1369 2515 licentiati
1395 2481 1542 2523 suerint,
1570 2493 1687 2526 usque
1708 2481 1751 2514 ad
1779 2492 1898 2514 ramos
1924 2480 2138 2526 palmarum,

261 2545 331 2580 sub
351 2558 442 2592 pena
463 2558 531 2592 qua
553 2546 763 2593 obligantur
784 2548 959 2594 magistri.
982 2548 1074 2591 Quia
1095 2560 1182 2581 vero
1208 2560 1273 2594 per
1297 2548 1447 2581 t'orinam
1474 2548 1577 2581 istam
1599 2548 1652 2580 sas
1678 2559 1750 2580 non
1777 2554 1831 2581 est
1859 2559 1925 2580 nec
1946 2547 2017 2580 crit
2035 2547 2137 2580 diviti

260 2612 318 2647 vel
339 2613 502 2659 pauperi,
532 2613 646 2646 nobili
672 2613 730 2647 vel
758 2613 911 2660 ignobili
941 2614 1116 2660 deinceps
1144 2614 1300 2656 deferre,
1328 2614 1357 2647 si
1385 2614 1493 2647 modo
1521 2614 1730 2660 supradicto
1758 2614 1944 2647 licenciam
1966 2613 2138 2647 determi-

261 2679 371 2713 nandi
391 2680 571 2725 petiturus
593 2692 664 2713 non
692 2681 838 2714 accedat
863 2681 1066 2727 dispositus
1089 2693 1096 2714 z
1120 2681 1231 2714 icirco
1257 2681 1299 2714 ad
1326 2693 1452 2714 eornm
1480 2680 1654 2714 cautelam
1681 2681 1866 2726 provisum
1889 2687 1942 2714 est
1964 2693 1981 2714 a
2004 2681 2137 2726 inagis·

261 2745 339 2787 tris,
361 2746 532 2792 quatinus
552 2759 707 2793 presens
727 2748 840 2781 fornia
862 2747 1021 2794 singulis
1046 2748 1151 2781 annis
1179 2760 1244 2794 per
1271 2747 1390 2781 scolas
1417 2747 1474 2781 bis
1499 2747 1696 2789 deseratur,
1723 2748 1768 2781 ita
1795 2747 1891 2793 quod
1920 2747 2032 2793 prima
2058 2747 2135 2781 vice

259 2811 354 2846 inter
382 2812 675 2858 purificacionein
707 2821 742 2847 et
770 2814 1027 2860 carnIpriviutn
1060 2815 1095 2848 in
1127 2814 1238 2848 scolis
1274 2815 1531 2861 magistrorum
1567 2814 1722 2860 legatur,
1758 2821 1794 2847 et
1826 2814 1893 2847 alia
1928 2814 2006 2848 vice
2042 2814 2136 2847 inter

259 2878 390 2912 festum
430 2880 545 2913 sancti
580 2881 733 2927 Remigii
774 2887 809 2914 et
842 2880 1012 2915 Omnium
1051 2882 1263 2915 Sanctorum
1299 2881 1355 2915 vel
1390 2881 1547 2922 circiter,
1588 2881 1733 2927 qnando
1772 2881 1838 2914 erit
1877 2880 2132 2926 congregacio.

260 2945 425 2990 Magistri
446 2952 564 2980 autem
586 2947 722 2992 singuli
749 2947 963 2994 obligentur
988 2960 1052 2994 pcr
1077 2948 1183 2982 Iidem
1211 2948 1253 2982 ad
1280 2948 1383 2981 istam
1411 2948 1682 2981 ordinacionem
1710 2946 1986 2981 observandam.
2015 2946 2135 2979 Niclii-
