2580 3528
512 399 576 432 576
1094 409 1413 432 CHARTULARJUM
1449 408 1639 430 UNiVEns.
1676 407 1804 429 rmus.
2282 399 2382 440 [1279

511 482 576 506 turis
597 482 718 506 officialis
735 483 806 506 curie
821 483 956 506 reverendi
978 483 1063 514 patris
1077 483 1177 506 domini
1192 482 1311 510 Anchari,
1332 482 1484 510 cardinalis,
1501 481 1680 504 archidiaconi
1695 481 1863 510 Parisiensis,
1882 482 1995 506 salutem
2009 482 2036 505 in
2050 482 2170 506 Domino.
2187 482 2319 507 Noveritin
2334 491 2382 507 non

510 535 578 550 anno
594 527 695 550 Domini
712 528 748 550 Μο
759 527 811 550 CC⁰
822 528 885 551 Lxx
900 535 976 554 nono,
992 527 1034 550 die
1049 527 1109 550 lunc
1124 530 1183 550 unte
1199 528 1293 550 festum
1314 526 1383 549 beati
1404 526 1548 553 Michaelis,
1570 525 1671 548 litteras
1692 525 1762 549 infra
1781 525 1895 557 scriptus
1914 526 2014 550 vidisse
2032 526 2059 550 in
2079 527 2126 550 hec
2145 527 2226 551 verba
2244 535 2266 550 »-
2286 528 2316 551 In
2331 527 2382 552 fine
2394 546 2403 554 .

509 571 615 594 chartae
632 571 746 595 Simonis
767 572 838 595 cni-d.
858 572 955 603 legitur
971 580 976 594 ¹.
999 581 1009 594 n
1029 571 1229 602 Transcriptum
1249 574 1336 594 autom
1354 571 1448 593 hurum
1464 570 1613 593 litterarum
1634 569 1743 593 fecimus
1759 570 1815 593 fieri
1831 570 1881 594 sub
1897 570 1985 603 sigillo
2004 571 2121 602 predicte
2141 571 2213 595 curie
2232 572 2306 595 salvo
2322 571 2382 604 jure

511 615 661 647 cujuslibet.
678 616 736 639 Dat.
752 624 820 639 anno
840 619 864 639 et
883 616 924 639 die
939 616 1064 647 predictis
1082 625 1103 639 ».
1123 616 1199 639 Arch.
1217 615 1338 639 Univers.
1355 615 1438 638 Paris.
1459 614 1535 637 theca
1547 615 1602 637 Vll.
1620 614 1649 637 D.
1666 615 1687 637 2.
1705 622 1728 637 a.
1745 615 1836 638 Restat
1849 615 1994 639 taeniolum
2007 616 2184 640 membranac-
2200 629 2226 634 —
2242 616 2381 646 Jourdain,

511 664 540 683 no
554 661 607 684 258.

605 745 627 768 1.
648 745 775 768 Gaufrido
790 745 821 767 do
837 745 928 767 Burro.
946 758 975 761 —
992 745 1013 767 2,
1033 744 1068 767 De
1084 744 1158 767 Clino
1180 743 1287 774 Campo.
1305 743 1343 766 Cf.
1361 743 1430 766 infra
1446 747 1475 765 n⁰
1489 744 1545 766 1193.
1559 756 1591 760 —
1610 744 1633 767 3.
1650 743 1771 774 Intellige
1789 752 1821 766 ex
1840 748 1869 767 n⁰
1887 745 1933 767 493
1952 753 1963 767 «
1979 745 2004 768 in
2023 745 2124 768 artibus
2143 746 2244 770 ».—l4.
2261 746 2383 778 {melligo

511 797 523 812 «
539 789 633 812 debere
650 798 670 812 ».

509 943 602 979 491
614 972 621 979 .
648 951 809 987 Capitulum
823 950 958 985 gener-ale
977 950 1042 976 Ord.
1061 951 1174 975 sister-c.
1187 950 1292 975 statuit
1306 950 1454 976 studentes
1471 950 1499 976 in
1511 950 1766 987 Montepessulano
1782 951 1886 977 abbati
1903 951 2136 987 Vallis-Magnae
2151 961 2214 979 esse
2227 953 2379 989 subjectos,

597 1001 671 1025 sicul
685 1000 868 1025 Par-isienses
884 999 986 1024 abbati
1001 998 1198 1024 claraevallis.

1613 1049 1688 1079 1279,
1706 1049 1865 1082 Septembris
1881 1050 1916 1080 12,
1931 1049 1951 1085 [
1952 1050 2094 1085 cistercii]

598 1123 764 1155 Monachi
805 1123 994 1155 studentes
1024 1122 1060 1154 in
1091 1122 1415 1167 Montepessulano
1450 1122 1570 1156 abbati
1607 1123 1876 1170 Vallis-Magne
1912 1136 1977 1170 per
2011 1126 2131 1159 omnia
2165 1125 2381 1160 obedientes

510 1188 675 1227 existant,
704 1187 795 1220 sicut
825 1187 1015 1220 studentes
1043 1187 1269 1220 Parisienses
1297 1186 1417 1220 abbati
1444 1187 1686 1222 Clare-Vallis
1714 1195 1885 1222 tenentur
1912 1201 1977 1234 per
2005 1190 2124 1223 omnia
2153 1189 2318 1231 obedire,
2346 1198 2382 1225 et

510 1267 650 1287 omnem
672 1254 965 1298 jurisdictionem
992 1260 1026 1286 et
1051 1253 1309 1287 coercitionem
1336 1254 1465 1287 habeat
1491 1267 1602 1300 super
1627 1267 1704 1292 eos,
1728 1268 1831 1301 quam
1860 1256 1978 1289 dictus
2004 1256 2114 1290 abbas
2141 1257 2380 1293 Clare-Vallis

510 1333 619 1365 super
640 1321 864 1353 Parisienses
885 1320 1060 1353 hactenus
1081 1321 1246 1353 noscitur
1266 1320 1451 1354 habuisse.

602 1419 664 1442 Cod,
681 1419 778 1442 definit.
805 1422 829 1442 ct
845 1419 926 1450 Capu
953 1419 1069 1450 general.
1086 1419 1149 1442 01-d.
1169 1419 1276 1442 Cistcrc.
1301 1419 1327 1442 in
1349 1419 1425 1443 Arch.
1443 1423 1527 1443 status
1547 1420 1573 1443 in
1590 1421 1698 1449 Luzern,
1719 1421 1737 1444 l.
1754 1421 1776 1449 1,
1792 1424 1868 1452 parte
1884 1421 1905 1449 1,
1922 1430 1949 1453 p.
1965 1423 2019 1445 278.
2034 1435 2065 1439 -
2079 1422 2203 1451 Mart‘ene,
2223 1422 2301 1447 Thes.
2314 1429 2380 1448 nov.

509 1465 613 1491 anecd„
631 1464 671 1488 IV.
690 1464 758 1489 1467.
776 1469 804 1486 u⁰
819 1464 856 1486 26.
872 1477 903 1481 —
919 1463 1009 1486 Simile
1032 1466 1160 1486 statutum
1172 1463 1227 1494 jam
1243 1472 1284 1487 uu.
1303 1464 1363 1487 1252
1378 1464 1404 1487 in
1421 1464 1542 1495 Cupitulo
1561 1465 1678 1496 generali
1701 1466 1847 1489 confectum
1867 1469 1915 1489 est.
1938 1466 2061 1493 Martene,
2079 1467 2096 1490 l.
2115 1475 2147 1494 c..
2165 1475 2191 1498 p.
2211 1467 2281 1496 1398,
2298 1471 2327 1490 n⁰
2341 1467 2379 1490 18.

509 1510 580 1532 Anno
605 1509 665 1531 1280
690 1508 855 1531 studentibus
871 1508 897 1530 in
914 1516 925 1531 «
942 1508 1028 1531 studio
1045 1516 1056 1530 n
1074 1508 1215 1532 Oxoniensi
1238 1508 1354 1536 Ordinis,
1379 1509 1448 1540 quod
1472 1517 1559 1532 comes
1583 1509 1731 1533 Cornubiae
1750 1510 1867 1541 propriis
1888 1510 2038 1542 sumptibus
2061 1511 2200 1534 aedificare
2219 1511 2379 1541 intendebat,

509 1554 599 1576 eadem
614 1553 754 1584 privilegia
769 1553 955 1580 conceduntur,
972 1556 997 1575 ct
1012 1561 1092 1584 super
1107 1561 1151 1576 eos
1167 1553 1250 1576 abbas
1266 1553 1298 1576 dc
1311 1553 1411 1576 Thomu
1424 1553 1635 1585 jurisdictionem
1651 1554 1774 1578 obtinuit.
1791 1555 1915 1583 Mai-teuc,
1932 1556 1950 1579 l.
1962 1564 1993 1583 c.y
2010 1564 2037 1587 p.
2053 1556 2121 1583 1472,
2139 1561 2167 1579 n⁰
2180 1557 2219 1579 20.
2232 1557 2304 1580 Anno
2320 1557 2379 1580 1281

507 1597 599 1629 petitio
621 1597 724 1620 abbatis
749 1597 862 1620 Grandis
889 1597 976 1620 Silvae
1001 1597 1026 1620 iu
1042 1597 1164 1628 Capitulo
1189 1605 1247 1628 geu.
1272 1607 1285 1619 α
1308 1606 1388 1629 super
1413 1598 1499 1621 studio
1524 1598 1671 1622 ordinando
1693 1599 1719 1622 iu
1742 1599 1847 1622 civitate
1862 1600 1958 1623 Tolosa
1978 1610 1991 1621 υ
2011 1600 2157 1627 exauditur,
2174 1604 2200 1624 et
2214 1600 2381 1625 scholaribus

506 1642 597 1665 itidem
613 1642 752 1673 privilegia
773 1642 932 1664 scholarium
947 1642 1017 1673 apud
1035 1642 1061 1665 S.
1079 1642 1242 1665 Bernardum
1255 1642 1342 1666 Paris.
1354 1642 1553 1673 promittuntur.
1570 1643 1694 1671 Mai-tene,
1711 1644 1728 1667 l.
1745 1652 1777 1671 c.‚
1794 1652 1821 1675 p.
1838 1644 1907 1672 1478,
1925 1649 1954 1667 n⁰
1968 1645 2006 1667 30.

508 1830 621 1867 492.
646 1840 740 1866 Simon
761 1840 922 1866 cardinalis
942 1840 1055 1875 legatus
1072 1841 1176 1866 statuit
1197 1845 1227 1866 ue
1246 1845 1338 1867 rector
1353 1845 1457 1877 quater·
1471 1842 1498 1868 in
1515 1851 1591 1868 anno
1607 1842 1888 1877 eligat1cr·;normam
1905 1842 2051 1869 electionis
2067 1844 2185 1880 insuper
2195 1843 2378 1880 praescribit.

1579 1939 1583 1942 ⁷
1608 1945 1684 1975 1279,
1703 1945 1820 1971 Octobris
1837 1946 1853 1975 1,
1870 1947 1938 1978 apud
1950 1946 2094 1979 Hoyentum.

598 2018 730 2062 Symon
760 2017 992 2050 miseratione
1021 2017 1141 2050 divina
1170 2018 1263 2050 tituli
1292 2019 1420 2051 Sancte
1449 2019 1586 2052 Cecilie
1613 2019 1804 2065 presbyter
1831 2020 2025 2053 cardinalis
2052 2021 2251 2066 apostolice
2280 2021 2401 2055 sedis·

507 2083 648 2128 legatus
677 2084 858 2116 universis
885 2090 1075 2128 presentes
1096 2083 1235 2117 litteras
1258 2085 1478 2129 inspecturis
1496 2085 1651 2118 'salutem
1674 2086 1711 2118 in
1732 2087 1900 2119 Domino.
1923 2087 2014 2121 Cum
2036 2087 2250 2133 diligentius
2271 2094 2380 2122 atten-

508 2150 635 2182 dentes
666 2150 763 2195 quod
794 2162 882 2182 usus
913 2149 973 2182 ille
1002 2150 1202 2195 quinimmo
1231 2150 1367 2184 abusus
1389 2151 1634 2196 reprobabilis
1660 2159 1694 2186 et
1720 2153 1944 2198 dampnosus
1971 2154 2064 2187 non¹
2092 2167 2110 2187 a
2135 2154 2257 2200 longis
2283 2161 2390 2195 retro>

509 2216 733 2261 temporibus
760 2216 1003 2258 introductus⁷
1030 2216 1201 2249 videlicet
1222 2217 1319 2262 quod
1341 2225 1459 2251 rector
1481 2219 1738 2252 Universitatis
1759 2220 1976 2253 Parisiensis
2005 2221 2163 2266 singulis
2191 2221 2381 2256 mensibus

491 2283 564 2316 -vel
595 2295 657 2315 sex
687 2283 842 2328 eligatur
872 2282 1100 2324 ebdomadis,
1124 2283 1365 2317 turbationem
1395 2285 1507 2317 studii
1535 2297 1574 2318 ac
1605 2285 1827 2320 incentivum
1857 2287 1993 2320 invidie
2021 2288 2259 2330 ministrabat,
2277 2288 2379 2322 illum

509 2350 676 2383 duximus
698 2349 931 2391 abolendum,
949 2356 1149 2383 statuentes
1171 2357 1206 2383 et
1226 2351 1437 2385 ordinantes
1460 2352 1557 2396 quod
1579 2359 1699 2385 rector
1719 2352 1930 2398 hujusmodi
1951 2355 2134 2399 quaterrin
2155 2367 2263 2397 anno,
2279 2355 2380 2389 vide-

508 2415 592 2448 licet
618 2416 729 2460 prima
751 2416 808 2455 die
830 2416 970 2461 legibili
992 2423 1074 2461 post
1094 2417 1225 2449 festum
1248 2417 1342 2450 beati
1365 2418 1544 2463 Dyonisii,
1566 2418 1690 2452 ultima
1710 2419 1768 2452 die
1789 2419 1931 2465 leg-ibili
1951 2427 2033 2454 ante
2053 2421 2259 2454 vacationes
2283 2422 2382 2455 Nati-

511 2482 652 2514 vitatem
675 2483 819 2514 Domini
842 2483 1095 2527 precedentes,
1113 2483 1237 2516 ultima
1258 2483 1316 2516 die
1338 2484 1479 2529 legibili
1500 2492 1581 2518 ante
1602 2486 1931 2519 Annunciationem
1953 2486 2056 2520 beate
2073 2488 2186 2520 Marie
2201 2488 2400 2533 Virginiss

512 2555 545 2580 et
574 2548 695 2580 ultima
723 2549 780 2580 dic
809 2548 949 2593 legibili
975 2556 1055 2582 ante
1081 2550 1212 2582 festum
1240 2550 1335 2583 beati
1356 2550 1531 2584 Johannis
1558 2552 1733 2597 Baptiste,
1759 2560 1795 2586 et
1819 2565 1892 2586 non
1917 2553 2055 2599 pluries
2081 2554 2292 2600 eligeretur,
2318 2554 2380 2600 qui

513 2614 665 2646 rector-ic
694 2614 847 2646 officium
877 2614 991 2647 libere
1020 2628 1190 2649 exercere
1218 2617 1356 2650 valeret
1382 2630 1446 2662 per
1475 2625 1617 2663 tempus
1645 2631 1711 2652 suo
1740 2620 1909 2665 regimini
1936 2620 2159 2665 deputatum,
2187 2621 2259 2654 nisi
2286 2621 2380 2654 forte

513 2680 602 2711 iusi-a
625 2686 766 2724 tempus
791 2681 908 2724 ipsum
925 2682 1024 2725 juste
1045 2690 1233 2726 appareret
1255 2684 1332 2716 suis
1352 2684 1470 2729 culpis
1499 2685 1731 2730 exigentibus
1752 2686 2025 2720 ammovendus.
2048 2687 2128 2730 Quo
2149 2698 2248 2728 casu,
2270 2687 2328 2720 vel
2348 2687 2380 2720 si

512 2747 604 2778 forte
621 2745 812 2778 decederet
834 2746 889 2778 vel
910 2747 1056 2780 cederet
1075 2760 1140 2781 seu
1161 2748 1309 2794 legendi
1329 2757 1446 2783 actum
1468 2751 1677 2794 dimitteret,
1697 2759 1838 2798 tempus
1859 2753 1957 2798 quod
1977 2765 2044 2786 suo
2062 2753 2232 2798 regimini
2252 2765 2381 2799 super-

514 2823 595 2844 esse
623 2811 851 2856 contingcret
879 2812 1045 2846 volumus
1072 2826 1283 2848 exerescere
1305 2817 1523 2850 successori.
1546 2818 1758 2863 Adjeeimus
1779 2819 1884 2852 etiam
1905 2818 1989 2852 huic
2010 2819 2230 2852 ordinationi
2255 2826 2379 2853 nostre

515 2878 612 2922 quod
639 2877 836 2922 eligeretur
866 2885 983 2910 rector
1008 2879 1137 2913 unicus
1164 2893 1180 2913 a
1207 2889 1362 2926 quatuor
1386 2884 1686 2928 procuratoribus
1712 2885 1896 2918 nationum
1923 2886 2178 2919 Universitatis
2203 2886 2379 2931 predicte,

515 2944 572 2976 vel
601 2944 681 2976 aliis
712 2950 865 2988 quatuor
896 2956 1015 2976 earum
1047 2946 1231 2990 magistris
1256 2949 1388 2992 juratis
1418 2950 1618 2983 seeundum
1652 2958 1813 2984 tenorem
1844 2952 1966 2985 statuti
2001 2951 2136 2984 dudum
2168 2964 2279 2997 super
2312 2952 2380 2985 hoe
