2580 3528
465 391 531 424 410
1048 401 1367 423 annTULAan
1403 401 1593 423 UNIVERS.
1630 401 1759 423 rmus.
2243 390 2344 432 [1260

465 475 532 508 Dei
557 475 671 520 gratia
696 487 759 508 rex
784 477 1004 508 Francorum
1028 475 1182 508 illustris
1207 475 1292 508 fecit
1315 474 1422 507 nobis
1445 481 1480 507 et
1502 474 1781 508 successoribus
1804 475 1941 508 nostris
1963 487 2028 520 pro
2054 474 2343 508 admortuatione

465 542 560 575 dicte
587 542 716 575 domus
743 549 775 575 et
802 542 1176 587 recompensationem
1204 548 1359 586 quatuor
1383 541 1557 574 librarum
1583 541 1693 574 annui
1719 541 1899 583 redditus,
1926 553 2031 587 quam
2059 541 2154 574 idem
2176 553 2239 574 rex
2258 541 2344 574 fecit

464 609 679 654 presbytero
717 609 836 642 Sancti
875 608 975 642 Pauli
1015 615 1050 641 et
1086 609 1165 653 ejus
1204 607 1496 649 successoribus,
1537 619 1603 652 pro
1640 607 1797 641 adventu
1834 614 1870 641 et
1904 608 2126 641 remanentia
2162 608 2341 641 dictorum

463 676 612 709 fratrum
650 676 687 708 in
724 676 816 708 dicta
847 675 1035 720 parrochia
1072 674 1334 720 approbamus;
1373 674 1619 707 concedentes
1655 674 1935 717 ordinationem,
1973 687 2079 720 quam
2117 674 2343 708 reverendus

464 749 565 788 pater
600 743 667 775 R.²
708 743 773 775 Dei
814 742 927 787 gratia
964 741 1182 774 Parisiensis
1224 741 1419 786 episcopus
1456 740 1541 773 fecit
1579 740 1674 773 inter
1714 741 1850 774 dictum
1892 741 2145 787 presbyterum
2185 748 2221 774 et
2262 742 2342 787 ejus

463 821 713 850 successores,
751 816 787 842 et
820 810 950 841 fratres
987 808 1228 853 supradictos.
1264 808 1308 840 Et
1341 807 1586 852 promittimus
1623 819 1690 840 nos
1727 808 1847 841 omnia
1884 808 2090 853 supradicta
2127 814 2162 841 et
2197 808 2342 854 singula

463 877 671 918 ohservare,
716 882 751 908 et
786 882 910 908 contra
949 875 1118 907 deeetero
1163 886 1236 906 non
1271 874 1409 907 venire.
1455 875 1495 906 In
1532 874 1636 918 cujus
1672 874 1726 907 rei
1763 875 1972 908 memoriam
2016 881 2051 908 et
2092 875 2340 908 testimonium

462 950 653 988 presentes
689 942 827 975 litteras
864 941 988 986 sigillo
1025 947 1150 973 nostro
1181 941 1334 973 fecimus
1364 939 1531 985 sigillari.
1563 941 1691 973 Datum
1727 953 1821 974 anno
1853 941 1999 974 Domini
2034 941 2230 974 millesimo
2265 941 2342 976 CC⁰

462 1009 766 1054 quinquagesimo
791 1020 901 1049 nono,
926 1019 1051 1040 mense
1075 1007 1285 1040 Februario.

550 1076 730 1108 Promissa
760 1081 878 1108 autem
909 1074 1028 1107 omnia
1060 1081 1094 1106 et
1124 1074 1282 1119 singula,
1313 1074 1413 1107 velut
1442 1074 1620 1119 premissa
1650 1081 1747 1116 sunt,
1778 1074 1823 1107 ad
1853 1074 2065 1120 petitionem
2095 1074 2182 1108 dicti
2207 1075 2342 1120 prioris

461 1150 494 1175 et
526 1143 673 1176 fratrum
708 1141 955 1187 predictorum
986 1140 1169 1182 volumus,
1197 1141 1387 1174 laudamus
1417 1141 1551 1186 pariter
1585 1148 1621 1174 et
1650 1140 1905 1187 approbamus.
1938 1143 1979 1174 In
2008 1142 2113 1186 cujus
2150 1142 2202 1175 rei
2239 1141 2341 1176 testi-

460 1210 619 1243 monium
651 1209 771 1254 sigilla
802 1215 925 1241 nostra
956 1207 1190 1253 presentibus
1220 1208 1390 1241 duximus
1420 1208 1647 1254 apponenda.
1679 1209 1808 1242 Datum
1839 1220 1933 1241 anno
1964 1209 2110 1241 Domini
2144 1208 2340 1242 millesimo

459 1277 710 1310 ducentesimo
738 1275 1043 1320 quinquagesimo
1070 1287 1180 1316 nono,
1208 1287 1334 1308 mense
1367 1274 1598 1308 Februari03.

552 1375 688 1406 Originale
713 1374 739 1397 in
765 1374 840 1397 Arch.
865 1377 918 1396 nat.
943 1373 1028 1396 Paris.
1050 1373 1077 1396 L.
1103 1374 1158 1401 927,
1182 1377 1211 1396 ¹1⁰
1231 1373 1252 1396 1.
1271 1374 1398 1405 Superest
1423 1373 1542 1405 sigillum
1562 1381 1666 1397 cereum
1692 1373 1806 1402 abbatis,
1829 1374 1903 1397 deest
1919 1382 1982 1397 vero
2003 1373 2124 1405 sigillum
2139 1377 2293 1398 conventus.
2309 1387 2340 1392 -

458 1420 584 1448 Fcssihien,
602 1419 724 1444 Histoire
736 1419 810 1443 dela
826 1418 892 1443 ville
907 1419 940 1442 de
954 1418 1050 1447 Paris,
1067 1418 1112 1446 111,
1129 1418 1183 1441 215.

552 1505 573 1528 1.
594 1505 620 1528 S.
642 1505 882 1532 Maurdesffinssffs,
900 1503 963 1527 Ord.
990 1504 1015 1526 S.
1041 1503 1070 1527 Β.
1091 1503 1227 1526 Prioratus
1251 1503 1276 1526 S.
1297 1503 1375 1534 Eligii
1399 1504 1434 1533 (S.
1452 1503 1518 1533 Eloi)
1541 1511 1554 1526 e
1576 1502 1713 1534 praedicta
1738 1502 1846 1526 abbatia
1867 1502 2008 1535 pendebat.
2024 1517 2055 1520 —
2075 1504 2097 1527 2.
2115 1502 2284 1535 Reginaldus.
2308 1517 2340 1521 —
2377 1500 2379 1502 V

456 1551 478 1572 3.
496 1549 600 1573 Primus
617 1550 707 1572 doctor
729 1549 791 1572 Ord.
819 1549 931 1572 Carmel.
951 1548 976 1571 in
993 1547 1171 1571 Universitate
1194 1547 1278 1571 Paris.
1297 1547 1346 1571 fuit
1361 1556 1431 1579 mag.
1448 1547 1582 1572 Gerardus
1598 1547 1771 1571 Bononiensis
1788 1547 1856 1577 (vide
1871 1547 2004 1571 Johannes
2025 1547 2117 1572 Grossi
2137 1548 2164 1571 in
2186 1547 2338 1576 Viridario,

457 1595 556 1617 inserto
572 1594 690 1624 Speculo
704 1593 853 1622 Carmelic„
870 1594 890 1621 Ι,
908 1593 970 1623 134),
987 1592 1061 1623 cujus
1078 1595 1182 1616 exstant
1199 1592 1379 1619 Quaestiones
1397 1592 1563 1617 ordinariae
1581 1595 1607 1615 et
1620 1591 1767 1619 Quolibeta
1782 1592 1868 1622 (Arch.
1881 1592 1913 1616 de
1926 1593 1951 1615 ln
1967 1592 2069 1616 Corona
2082 1592 2114 1616 de
2129 1593 2243 1624 Aragon,
2259 1592 2338 1616 divin.

456 1639 554 1670 Ripoll,
570 1647 620 1664 ms.
638 1638 686 1669 95).
704 1639 776 1661 Anno
797 1639 857 1661 1297
873 1638 902 1660 fit
915 1637 1046 1669 generalis
1069 1637 1134 1661 Ord.
1150 1637 1230 1660 Annis
1246 1637 1307 1660 1259
1326 1640 1351 1660 ct
1371 1637 1432 1660 1260
1454 1638 1550 1660 fratres
1572 1636 1794 1660 Montis-Carmeli
1809 1639 1878 1660 certe
1893 1645 1945 1660 non
1964 1640 2039 1660 erant
2057 1637 2230 1661 Universitati
2252 1637 2337 1661 Paris.

458 1683 606 1715 aggregati,
628 1683 695 1706 sicut
718 1686 743 1706 et
758 1683 869 1705 durante
890 1690 957 1706 sacr.
973 1683 1031 1705 xm
1047 1682 1125 1713 pauci
1141 1682 1276 1705 studentes
1292 1681 1317 1704 in
1334 1681 1512 1705 Universitate
1532 1681 1710 1705 nominantur.
1731 1682 1813 1705 Erant
1827 1684 1918 1713 utpote
1936 1681 1963 1704 in
1983 1681 2043 1713 ripa
2063 1681 2169 1705 dexteru
2192 1682 2339 1714 Sequanae,

457 1728 536 1751 nimis
547 1728 640 1751 remoti
654 1728 687 1750 ab
705 1727 772 1759 ipsa>
790 1728 861 1750 Anno
878 1727 938 1750 1309
953 1730 1109 1758 receperunt
1123 1726 1314 1750 habitationem
1329 1735 1380 1749 non
1397 1727 1509 1750 multum
1525 1726 1667 1750 distantem
1681 1734 1696 1750 a
1709 1725 1821 1757 collegio
1838 1726 1863 1750 S,
1879 1726 2016 1750 Bernardi.

457 1931 569 1967 361.
593 1939 757 1965 primordia
777 1939 894 1974 collegii
912 1939 1110 1965 Cluniae-ensis
1125 1939 1260 1966 Parisiis.

1641 1994 1716 2024 7260,
1731 1994 1823 2027 Aprilis
1836 1995 1879 2024 25.
1895 1993 1915 2029 [
1916 1994 2026 2020 cluniaci
2023 1993 2049 2028 J.

547 2079 724 2122 Quoniam
759 2079 930 2111 dominus
965 2078 1076 2112 abbas
1106 2090 1172 2124 pro
1204 2090 1313 2124 posse
1349 2090 1416 2111 suo
1446 2078 1603 2111 intendit
1631 2077 1675 2111 ad
1705 2077 1973 2123 promotionem
2004 2084 2039 2110 et
2067 2076 2334 2111 edificationem

457 2146 653 2179 scolarium
680 2146 843 2179 Cluniae.
871 2146 1032 2179 Parisius
1060 2145 1298 2187 studentium,
1326 2145 1519 2178 diffinitum
1548 2151 1604 2178 est
1630 2144 1675 2177 de
1702 2145 1781 2189 ejus
1805 2144 1961 2178 consilio
1986 2151 2022 2177 et
2046 2156 2215 2186 assensu,
2237 2144 2336 2190 quod

459 2213 617 2245 studium
655 2213 899 2257 predictorum
937 2212 1131 2245 scolarium
1164 2219 1374 2257 perpetuam
1406 2212 1443 2244 in
1473 2211 1570 2244 dicto
1599 2211 1681 2244 loco
1713 2211 1944 2244 stabilitatem
1974 2210 2104 2244 habeat
2133 2211 2334 2244 secundum

459 2280 722 2312 ordinationem
754 2281 826 2324 jam
863 2281 987 2313 factam
1023 2279 1081 2312 vel
1116 2279 1153 2311 in
1188 2279 1319 2311 melius
1349 2278 1562 2311 faciendam.
1594 2279 1638 2312 Et
1667 2285 1705 2311 ut
1739 2278 1875 2311 dictum
1906 2278 2065 2311 studium
2097 2278 2142 2311 de
2172 2277 2269 2311 bono
2298 2277 2336 2311 in

460 2346 590 2379 melius
625 2353 879 2391 augmentetur
915 2346 1108 2379 diffinitum
1144 2352 1200 2379 est
1233 2345 1331 2391 quod
1366 2357 1493 2378 omnes
1527 2344 1611 2378 libri
1646 2345 1892 2390 predictorum
1929 2344 2123 2378 scolarium
2161 2345 2198 2377 in
2239 2344 2336 2378 dicto

460 2413 581 2445 studio
608 2413 665 2445 vel
693 2412 777 2445 alibi
806 2413 889 2445 dum
920 2413 1055 2445 suerint
1076 2413 1112 2445 in
1143 2412 1240 2445 dicto
1269 2411 1350 2445 loco
1379 2411 1573 2445 scolarium
1595 2411 1865 2453 decedentium,
1893 2411 1924 2444 si
1950 2411 2087 2444 eisdem
2114 2410 2336 2456 appropriati

459 2480 605 2520 suerint,
638 2480 674 2511 in
704 2492 931 2512 communem
964 2479 1154 2512 utilitatem
1185 2479 1345 2512 omnium
1378 2478 1573 2512 scolarium
1604 2479 1640 2511 in
1670 2478 1767 2511 dicto
1797 2478 1878 2511 loco
1907 2478 2131 2511 studentium
2158 2484 2335 2523 perpetuo

460 2553 624 2578 maneant
647 2553 679 2578 ot
702 2546 738 2578 in
759 2546 865 2578 archa
886 2546 1070 2579 communi
1092 2558 1109 2579 a
1132 2546 1255 2591 priore
1281 2546 1460 2578 dictorum
1483 2545 1678 2578 scolarium
1701 2551 1905 2586 teneantur,
1933 2551 1969 2578 et
1988 2544 2190 2578 secundum
2211 2544 2336 2589 dispo-

461 2612 629 2644 sitionem
650 2612 767 2656 ipsius
789 2612 922 2657 prioris
943 2613 987 2645 ad
1010 2624 1115 2645 usum
1137 2612 1300 2658 ipsorum
1324 2612 1517 2645 scolarium
1541 2611 1656 2645 libere
1677 2611 1936 2645 concedantur.

550 2679 637 2710 Item
674 2678 842 2722 quoniam
878 2678 1013 2711 multus
1048 2679 1149 2711 favor
1177 2685 1234 2712 est
1267 2678 1574 2712 Cluniacensibus
1604 2677 1808 2711 scolaribus
1839 2677 2000 2711 Parisius
2030 2676 2264 2710 studentibus
2293 2688 2336 2710 ex

460 2744 671 2777 eorumdem
707 2744 828 2777 studio
864 2744 1107 2782 adhibendus,
1146 2745 1372 2778 diffinierunt
1402 2744 1500 2790 quod
1530 2745 1712 2790 prioratus
1749 2744 1794 2777 de
1823 2744 2040 2789 Vandopera
2070 2743 2106 2776 in
2141 2743 2336 2788 Campania

460 2811 707 2855 Lingonensis
737 2811 895 2843 diocesis
927 2811 1137 2855 assignetur
1171 2818 1207 2845 et
1240 2812 1449 2845 conseratur
1478 2812 1652 2857 episcopo
1686 2810 1972 2844 Altisiodorensi
2006 2810 2050 2843 ab
2085 2822 2128 2843 eo
2164 2809 2335 2855 quamdiu

459 2877 590 2910 vixerit
609 2876 869 2922 possidendus,
896 2877 942 2909 ita
970 2884 1100 2919 tamen,
1130 2878 1227 2923 quod
1254 2885 1337 2923 post
1358 2885 1509 2912 mortem
1538 2878 1655 2923 ipsius
1677 2877 1841 2923 episcopi
1866 2876 1982 2910 libere
2007 2889 2087 2910 cum
2115 2876 2336 2910 melioratio-

460 2943 570 2976 nibus
591 2943 761 2976 omnibus
783 2949 818 2975 et
840 2942 995 2975 edificiis
1022 2943 1072 2976 ibi
1101 2956 1166 2988 per
1192 2956 1273 2977 eum
1302 2945 1406 2978 factis
1433 2945 1477 2978 ad
1505 2944 1748 2978 Cluniacense
1774 2943 2034 2977 monasterium
2061 2949 2275 2984 revertatur,
2298 2949 2333 2975 et

586 3002 623 3025 52.
