2580 3528
480 399 546 433 320
1076 406 1391 430 annTULaan
1426 405 1614 427 UNtVERS.
1650 404 1777 428 Palus.
2259 396 2358 438 [1256

483 490 574 525 tere,
600 490 640 516 ut
665 483 764 516 nulla
791 494 944 528 prorsus
971 482 1152 528 gaudeant
1176 480 1356 519 firmitate,
1383 479 1448 512 sed
1474 478 1688 523 redigantur
1712 478 1756 511 ad
1782 478 1970 522 nichilum,
1997 491 2043 513 ne
2068 486 2254 513 transeant
2277 479 2358 514 aliis

483 549 521 582 in
542 549 759 595 exemplum,
787 549 922 582 inflicta
947 547 1207 581 nichilominus
1233 545 1293 578 tali
1320 557 1411 590 pena
1436 544 1639 577 temerariis
1664 544 1849 578 actoribus
1874 546 2087 587 eorundem,
2114 546 2212 591 quod
2237 546 2284 580 sit
2304 546 2358 580 eis

484 616 634 649 omnino
659 616 860 649 necessitas
884 615 928 648 de
957 626 1021 647 sua
1046 612 1321 659 presumptione
1347 610 1568 656 dampnabili
1593 610 1780 644 humiliter
1804 618 1838 645 et
1866 624 2020 658 propere
2042 613 2241 658 penitendi.
2265 613 2357 646 Sane

485 690 550 723 pro
572 678 811 711 dilectissimo
833 677 940 710 nobis
966 675 1163 709 Parisiensi
1189 674 1309 707 studio
1335 674 1372 706 in
1396 673 1524 718 vigore
1550 672 1673 706 debito
1698 674 1950 707 conservando
1977 675 2130 720 quedam
2156 675 2242 708 olim
2263 675 2358 708 circa

485 745 604 791 ipsum
632 745 676 777 de
703 745 850 777 fratrum
880 749 1087 775 nostrorum
1119 740 1273 773 consilio
1305 739 1473 785 diligenti
1506 740 1769 773 examinatione
1799 740 1977 786 premissa
2006 741 2157 787 provide
2187 741 2357 775 duximus

485 811 686 849 statuenda,
710 811 804 843 sicut
823 810 859 842 in
882 808 1102 854 specialibus
1124 807 1256 839 litteris
1276 806 1414 839 nostris
1435 806 1520 839 inde
1542 807 1732 849 confectis,
1755 819 1906 852 quarum
1927 808 2145 853 principium
2167 814 2224 841 est
2245 808 2359 853 Quasi

484 879 622 923 lignum
651 878 733 917 vite,
761 876 905 921 plenius
931 873 1174 914 continetur¹,
1202 873 1311 906 certis
1337 885 1448 918 super
1475 873 1544 906 hoe
1572 873 1829 907 executoribus
1855 874 2062 921 deputatis&
2075 874 2226 908 Dilectis
2251 875 2355 908 etiam

484 945 568 977 filiis
598 943 781 988 magistris
809 940 1078 974 parisiensibus
1106 952 1171 985 per
1199 940 1338 973 litteras
1365 946 1509 973 nostras
1537 940 1705 973 dedimus
1732 940 1770 973 in
1797 941 1988 983 mandatis,
2016 947 2056 973 ut
2082 941 2236 975 dilectos
2260 940 2357 975 filios

482 1012 610 1043 fratres
638 1009 889 1042 Predicatores
910 1014 1082 1052 regentes
1103 1007 1265 1040 Parisius
1286 1007 1323 1039 in
1343 1006 1550 1052 theologica
1570 1007 1750 1048 facultate,
1774 1007 1835 1052 qui
1861 1019 1926 1052 per
1950 1006 2068 1040 felicis
2092 1007 2358 1042 recordationis

482 1080 508 1110 1.
538 1088 663 1122 papam
692 1075 992 1120 predecessorem
1023 1080 1189 1106 nostrum
1216 1080 1249 1106 et
1276 1073 1547 1118 subsequenter
1574 1085 1639 1118 per
1664 1085 1732 1106 nos
1760 1074 1917 1106 restituti
1944 1074 2103 1115 fuerunt,
2131 1074 2224 1107 infra
2251 1074 2357 1119 quin-

481 1143 596 1177 decim
629 1143 707 1174 dies
733 1148 816 1186 post
836 1140 1082 1186 receptionem
1108 1140 1310 1173 litterarum
1336 1140 1495 1185 ipsarum
1527 1140 1571 1173 ad
1596 1140 1821 1173 consortium
1847 1141 1920 1185 jam
1949 1140 2083 1173 dictum
2111 1140 2356 1183 admitterent,

481 1209 641 1254 alioquin
662 1208 706 1241 ab
727 1207 856 1240 officiis
877 1213 912 1240 et
932 1206 1122 1240 beneficiis
1150 1213 1277 1239 essent
1300 1207 1381 1252 ipso
1403 1207 1496 1239 facto
1523 1207 1695 1252 suspensi
1707 1207 1742 1255 ’ὦ
1760 1206 1853 1239 Dicti
1878 1218 1965 1240 vero
1987 1213 2023 1240 et
2041 1206 2275 1252 quamplures
2295 1206 2356 1240 alii

481 1276 644 1321 magistri
675 1281 710 1308 et
737 1274 897 1307 scolares
927 1274 1154 1307 Parisienses
1181 1273 1439 1314 restitutionis,
1469 1273 1710 1306 ordinationis
1738 1280 1773 1306 et
1799 1273 1999 1306 litterarum
2028 1285 2067 1306 ac
2095 1273 2356 1307 sententiarum

479 1349 713 1376 executorum
753 1342 917 1386 ipsorum
958 1340 1139 1373 temerarii
1182 1346 1479 1386 transgressores
1524 1340 1561 1372 in
1606 1340 1834 1373 delusionem
1875 1351 1998 1373 earum
2032 1340 2076 1373 ab
2111 1340 2356 1374 Universitate

481 1410 648 1455 nequiter
676 1414 924 1448 recesserunt,
957 1414 993 1440 et
1022 1413 1144 1452 preter
1173 1407 1288 1452 ipsam
1319 1406 1615 1447 Universitatem,
1647 1413 1687 1439 ut
1716 1406 1898 1448 dicebant,
1933 1406 1971 1439 in
2000 1407 2153 1452 quadam
2183 1407 2356 1440 societate

481 1489 545 1510 seu
583 1475 870 1521 congregatione
909 1480 1093 1507 morantes
1131 1473 1307 1515 Parisius,
1347 1480 1539 1518 actumque
1578 1473 1727 1518 legendi
1766 1473 1999 1518 postmodum
2034 1486 2078 1506 ex
2111 1473 2188 1507 sola
2222 1473 2356 1507 malitia

481 1542 762 1588 suspendentes,
793 1541 879 1574 licet
908 1552 976 1573 nos
1006 1540 1153 1573 nomine
1184 1540 1441 1573 Universitatis
1470 1540 1508 1572 in
1538 1539 1632 1572 dicta
1661 1539 1890 1573 ordinatione
1920 1546 2043 1573 nostra
2074 1540 2198 1585 sepius
2231 1540 2356 1574 iterata

480 1609 727 1654 intelligamus
758 1614 793 1641 et
819 1607 975 1641 velimus
1005 1606 1163 1652 intelligi
1190 1618 1317 1639 omnes
1347 1606 1544 1652 magistros
1575 1612 1611 1639 et
1639 1606 1799 1639 scolares
1827 1606 1988 1639 Parisius
2015 1606 2227 1648 existentes,
2256 1618 2356 1640 asse-

481 1676 619 1717 rebant,
648 1687 686 1710 se
712 1687 793 1708 cum
820 1674 864 1707 de
891 1674 1136 1707 Universitate
1161 1685 1234 1706 non
1261 1679 1396 1715 essent,
1419 1672 1464 1706 ad
1490 1673 1746 1715 restitutionis,
1769 1673 2010 1706 ordinationis
2036 1679 2072 1706 et
2094 1673 2295 1706 litterarum
2316 1685 2356 1707 ac

481 1743 740 1776 sententiarum
763 1742 923 1787 ipsarum
945 1740 1212 1774 observantiam
1235 1752 1308 1772 non
1333 1740 1463 1781 teneri,
1490 1739 1732 1781 frustratorie,
1760 1751 1806 1772 ne
1832 1751 1943 1785 super
1966 1739 2035 1772 hoc
2055 1740 2093 1772 in
2114 1739 2355 1785 prejudicium

480 1811 643 1856 ipsorum
669 1809 805 1854 aliquid
832 1808 948 1849 fieret,
975 1807 1206 1853 appellando,
1236 1813 1344 1852 prout
1368 1806 1404 1839 in
1430 1806 1563 1839 litteris
1589 1818 1714 1839 eorum
1742 1806 1968 1839 transmissis
1996 1806 2103 1839 nobis
2129 1813 2164 1839 et
2182 1806 2355 1840 fratribus

482 1877 617 1910 nostris
652 1875 905 1921 perspeximus
939 1874 1159 1923 contineri³4
1191 1875 1411 1907 Juraverunt
1445 1874 1565 1915 etiam,
1600 1880 1640 1906 ut
1671 1873 1801 1907 fratres
1836 1873 2087 1906 Predicatores
2122 1880 2158 1907 et
2195 1873 2356 1907 scolares

481 1946 630 1978 fratrum
657 1943 861 1988 regentium
890 1942 927 1974 in
955 1941 1067 1975 scolis
1095 1941 1173 1974 suis
1202 1947 1237 1973 et
1263 1940 1306 1973 ad
1332 1939 1560 1973 scolasticam
1588 1940 1798 1973 societatem
1826 1951 2008 1989 nunquam
2037 1940 2255 1985 reciperent,
2283 1940 2356 1974 nisi

483 2009 584 2054 prius
605 2008 703 2053 quod
724 2013 875 2052 possent
895 2006 939 2039 ad
958 2006 1026 2039 hoc
1051 2005 1164 2050 recipi
1190 2011 1290 2038 esset
1314 2016 1378 2050 per
1403 2004 1596 2038 ecclesiam
1618 1993 1890 2043 diffinitumsEt
1910 2005 1962 2037 sic
1982 2004 2193 2049 hujusmodi
2214 2016 2253 2038 ac
2274 2004 2355 2039 aliis

482 2075 672 2109 malitiosis
702 2073 978 2119 exceptionibus
1006 2079 1042 2106 et
1070 2071 1376 2118 appellationibus
1406 2071 1622 2116 interjectis,
1652 2082 1741 2116 quas
1769 2070 1918 2104 frivolas
1946 2077 2169 2116 reputamus,
2199 2071 2355 2117 prefatas

482 2142 761 2182 restitutionem,
788 2140 1068 2181 ordinationem,
1096 2139 1235 2171 litteras
1263 2145 1298 2171 et
1324 2138 1524 2171 sententias
1552 2137 1735 2170 obstinato
1761 2138 1880 2170 animo
1909 2149 1982 2170 non
2008 2144 2209 2179 servantes,
2230 2144 2355 2172 nostre

482 2208 674 2242 intentioni
708 2208 801 2240 circa
840 2207 1007 2239 effectum
1043 2205 1283 2239 ordinationis
1324 2204 1442 2250 ipsius
1481 2210 1698 2250 presumunt
1731 2203 1993 2250 calumpniosis
2034 2203 2355 2238 adinventionibus

481 2275 642 2315 obviare,
663 2274 706 2307 ad
734 2280 864 2306 tantam
892 2272 1152 2305 nichilominus
1178 2271 1450 2317 prorumpendo
1476 2272 1672 2313 vesaniam,
1700 2271 1797 2316 quod
1823 2271 1859 2303 in
1886 2271 2032 2316 proprie
2054 2270 2181 2304 salutis
2207 2270 2356 2316 dispen-

482 2343 579 2375 dium
602 2348 638 2374 et
657 2340 864 2374 scandalum
888 2339 1127 2385 plurimorum
1153 2338 1272 2371 conati
1294 2345 1379 2371 sunt
1399 2349 1464 2383 per
1485 2337 1752 2383 dampnabilem
1777 2338 1943 2371 astutiam
1968 2337 2146 2382 impedire
2174 2349 2219 2370 ne
2244 2337 2356 2383 aliqui

482 2409 655 2453 predictis
680 2407 852 2440 fratribus
878 2406 1098 2439 elemosinas
1122 2405 1356 2450 largirentur,
1383 2404 1441 2438 vel
1466 2404 1510 2437 ab
1536 2404 1589 2437 eis
1616 2404 1674 2438 vel
1695 2404 1732 2437 in
1753 2404 1861 2437 domo
1882 2404 2045 2449 ipsorum
2072 2415 2261 2437 sermones
2289 2415 2355 2437 seu

481 2475 658 2507 lectiones
696 2481 756 2507 aut
793 2473 1059 2518 disputationes
1097 2472 1277 2513 audirent,
1317 2471 1375 2505 vel
1414 2471 1675 2504 confiterentur
1713 2471 1804 2516 ipsis
1838 2477 1983 2516 peccata
2016 2471 2174 2516 propria,
2214 2470 2355 2504 etiamsi

483 2541 627 2573 licentia
661 2552 772 2585 super
805 2539 872 2573 hoc
907 2552 925 2572 a
960 2539 1067 2572 nobis
1100 2539 1157 2572 vel
1190 2551 1209 2571 a
1242 2545 1276 2572 te
1310 2538 1382 2571 loci
1417 2538 1612 2571 diocesano
1647 2544 1708 2571 aut
1741 2537 1929 2571 sacerdote
1963 2537 2112 2582 proprio
2146 2526 2374 2581 haberetur-0}

484 2609 651 2640 Preterea
681 2607 717 2638 in
748 2606 903 2639 divinam
935 2613 970 2639 et
999 2612 1160 2639 nostram
1191 2605 1366 2638 offensam
1396 2616 1470 2637 non
1500 2604 1692 2646 modicam,
1722 2604 1792 2649 ipsi
1823 2615 1923 2637 sacre
1953 2603 2145 2648 religionis
2175 2602 2286 2636 emuli
2315 2592 2366 2636 acl

484 2672 688 2706 turbatores
710 2673 842 2717 quietis
863 2685 902 2705 ac
927 2672 1163 2705 laudabilium
1189 2683 1341 2717 operum
1367 2670 1501 2716 quibus
1527 2671 1614 2704 dicti
1637 2671 1768 2704 fratres
1792 2670 1975 2704 ferventer
2001 2669 2205 2715 invigilant,
2227 2669 2355 2703 nefarii

485 2739 720 2779 detractores,
756 2738 886 2771 claram
921 2745 956 2771 et
989 2738 1171 2771 celebrem
1206 2738 1353 2771 illorum
1387 2738 1514 2770 famam
1550 2737 1742 2770 obfuscare
1779 2736 1880 2770 falsis
1919 2735 2108 2780 obsequiis
2147 2735 2354 2778 molientes,

484 2806 637 2846 litteras,
665 2816 729 2849 per
759 2816 847 2849 quas
875 2804 989 2849 ipsos,
1025 2805 1199 2838 virtutum
1227 2805 1340 2838 odore
1371 2804 1554 2849 perfusos,
1580 2815 1620 2836 ac
1647 2803 1746 2848 pium
1776 2809 1812 2836 et
1838 2809 2001 2836 sanctum
2034 2813 2159 2835 eorum
2188 2802 2354 2835 ordinem

486 2871 589 2917 quasi
618 2870 798 2915 quoddam
834 2870 946 2915 sydus
980 2871 1016 2903 in
1047 2871 1200 2904 ecclesia
1230 2871 1297 2904 Dei
1326 2870 1582 2916 refulgentem,
1614 2869 1676 2915 qui
1705 2881 1724 2902 a
1753 2868 1875 2914 longis
1907 2875 2004 2902 retro
2034 2868 2261 2913 temporibus
2290 2879 2355 2914 per

486 2938 610 2971 sedem
645 2936 877 2982 apostolicam
913 2936 1150 2982 solempniter
1188 2936 1409 2982 approbatus
1446 2937 1586 2970 fructus
1626 2935 1891 2969 desiderabiles
1930 2941 1966 2968 et
1997 2934 2123 2968 felices
2157 2935 2194 2967 in
2229 2934 2362 2968 eadem·

2573 1492 2580 1498 -.
2571 1400 2580 1486 xum-ms.
2574 1384 2580 1394 v.
2574 1365 2580 1378 ι..

2571 1503 2580 1563 ,πμ-ιο

2569 1674 2580 1694 ε

2567 1695 2580 1792 Ξ

2568 1793 2580 1856 Ξ
