2580 3528
272 404 370 446 1256]
618 414 667 438 ΑΒ
698 414 805 437 auno
838 414 916 437 uec
949 414 1082 444 USQUE
1116 414 1165 437 An
1199 415 1429 438 PHILIPPUM
1462 416 1504 438 1v
1537 417 1626 440 nae.
1663 418 1800 442 rame.
2078 412 2144 445 315

272 487 599 523 animadversionis
618 487 747 534 vigore
766 487 972 534 compellat,
994 483 1161 522 invocato
1181 488 1227 522 ad
1246 488 1315 522 hoc
1336 489 1368 523 si
1388 501 1481 535 opus
1505 490 1615 524 fuerit
1641 491 1775 524 auxilio
1796 491 1934 525 brachii
1953 494 2142 529 secularis.

273 555 364 590 Cum
393 560 513 589 autem
542 554 588 588 ad
616 554 719 600 regie
748 554 878 588 salutis
906 561 1140 601 augmentum
1170 555 1350 601 pertineat
1378 555 1496 590 dictos
1525 557 1654 590 fratres
1683 557 1806 591 divine
1839 559 2145 594 considerationis

272 620 425 656 obtentu
451 633 471 654 a
497 632 755 667 perversorum
782 620 974 655 conatibus
1001 621 1205 664 defensare,
1234 633 1319 656 ecce
1346 623 1483 668 regiam
1513 623 1769 657 celsitudinem
1799 636 1970 670 rogamus
1997 633 2034 659 et
2061 626 2146 660 hor-

272 694 391 723 tamur
423 694 571 730 attente,
605 687 776 734 quatinus
809 688 928 721 eidem
958 688 1146 734 episcopo,
1177 700 1258 722 cum
1288 688 1333 722 ab
1362 701 1406 723 eo
1436 690 1637 736 requisitus
1664 691 1792 733 fueris,
1826 691 1870 725 ad
1905 692 2143 727 cohibendam

273 753 485 800 hujusmodi
505 753 723 788 clericorum
743 754 908 800 ipsorum
928 754 1159 788 insolentiam
1181 744 1247 800 pro
1268 755 1335 789 Dei
1354 762 1389 789 et
1409 763 1533 790 nostra
1554 757 1757 791 reverentia
1777 757 1966 803 impendas
1985 759 2143 793 favorem

273 826 311 855 et
327 820 500 855 auxilium
522 827 781 866 opportunum.
802 822 882 854 Dat.
904 821 1071 855 Laterani
1091 821 1115 867 ij
1137 821 1187 854 id.
1209 821 1361 867 Aprilis,
1382 822 1614 868 pontificatus
1634 824 1751 857 nostri
1771 836 1866 858 anno
1887 825 2062 859 secundo.

365 927 502 960 Originale
514 927 542 951 in
551 927 629 952 Arch.
646 930 699 951 nat.
716 927 800 952 Paria.
817 928 844 951 L.
859 929 914 957 250,
927 932 957 952 11⁰
968 929 1007 952 86.
1025 928 1174 960 Supersunt
1187 928 1233 952 fila
1246 929 1357 953 cannah.
1374 929 1404 953 In
1418 929 1573 953 membrana
1583 937 1694 954 aversa:
1710 939 1722 954 a
1733 931 1931 955 Predicatorum
1945 940 1966 955 ι).
1979 945 2011 950 -
2020 932 2145 961 Bulaeus,

271 971 318 1001 ΠΙ,
333 972 389 996 2⁹8.

273 1106 387 1144 276.
417 1117 545 1143 Litterae
563 1115 727 1143 Alexandri
746 1117 791 1143 IV
807 1116 911 1143 abbati
928 1116 1054 1143 Iohanni
1067 1117 1235 1144 Fossatensi
1254 1117 1290 1144 de
1310 1117 1496 1144 observandis
1517 1118 1691 1154 quibusdam
1711 1119 1942 1147 ordinationibus
1962 1121 2052 1155 sactis
2073 1121 2148 1148 inter

360 1166 471 1200 fratr-ea
484 1164 708 1192 Praedicatores
722 1168 750 1192 et
765 1165 979 1192 universitatem
995 1166 1196 1201 magistrorum
1213 1170 1240 1193 et
1254 1166 1431 1193 scholarium
1446 1167 1541 1194 Paris.

1527 1270 1603 1299 7250,
1619 1270 1680 1296 uati
1691 1271 1716 1300 5.
1733 1271 1860 1297 Laterum:

362 1349 569 1384 Alexander
589 1349 785 1396 episcopus
806 1362 935 1384 servus
962 1362 1151 1384 servorum
1173 1351 1239 1384 Dei
1260 1350 1394 1384 dilecto
1415 1351 1526 1385 filio..
1544 1351 1663 1386 abbati
1686 1354 1911 1387 Fossatensi¹
1929 1355 2148 1389 Parisiensis

274 1416 434 1450 diocesis
455 1416 607 1450 salutem
634 1422 670 1450 et
693 1415 927 1462 apostolicam
955 1415 1262 1450 benedictionem.
1290 1417 1380 1451 Cum
1407 1418 1502 1451 sicut
1526 1418 1746 1452 venerabilis
1770 1420 1880 1453 frater
1903 1427 2028 1454 noster
2052 1421 2150 1467 epis-

273 1494 390 1528 copus
409 1489 446 1516 et
465 1481 589 1516 dilecti
610 1481 675 1516 filii
695 1482 892 1529 capitulum
914 1482 1070 1516 ecclesie
1086 1483 1304 1516 parisiensis
1326 1495 1390 1516 sua
1409 1483 1517 1517 nohis
1538 1485 1713 1530 petitione
1734 1493 1994 1528 monstrarunt,
2012 1487 2148 1520 dudum

274 1549 370 1583 inter
389 1548 545 1583 dilectos
565 1548 662 1583 filios
681 1549 840 1595 priorem
862 1556 899 1583 et
917 1549 1047 1583 fratres
1067 1549 1218 1583 Ordinis
1239 1549 1511 1584 Predicatorum
1532 1563 1576 1584 ex
1595 1558 1694 1597 parte
1717 1564 1799 1594 una,
1822 1559 1858 1586 et
1877 1553 2149 1587 universitatem

274 1615 532 1662 magistrorum
567 1621 603 1650 et
636 1615 831 1650 scolarium
866 1615 1126 1650 Parisiensium
1161 1628 1204 1650 ex
1237 1616 1348 1650 altera
1382 1629 1494 1663 super
1527 1617 1684 1652 diversis
1718 1619 1881 1653 articulis
1916 1626 1992 1653 orta
2020 1620 2152 1654 fuisset

274 1682 423 1716 materia
450 1682 670 1728 questionis,
697 1688 734 1716 et
762 1694 830 1716 nos
860 1682 904 1716 de
934 1682 1083 1716 fratrum
1114 1689 1323 1717 nostrorum
1353 1684 1509 1718 consilio
1539 1685 1692 1730 quedam
1724 1697 1836 1731 super
1863 1685 1930 1719 hec
1959 1686 2151 1721 ordinave-

274 1748 403 1791 rimus,
425 1760 496 1794 que
516 1755 719 1783 noscuntur
739 1749 777 1782 in
798 1748 988 1783 utilitatem
1010 1749 1122 1783 studii
1143 1756 1179 1783 et
1197 1749 1401 1784 libertatem
1427 1750 1646 1784 Parisiensis
1667 1751 1822 1785 ecclesie
1843 1752 2062 1795 redundare,
2084 1765 2151 1786 nos

275 1815 477 1849 eorundem
507 1815 671 1861 episcopi
698 1822 736 1849 et
762 1815 911 1862 capituli
935 1815 1108 1861 precibus
1127 1815 1375 1850 favorabiliter
1394 1824 1611 1860 annuentes,
1633 1818 1846 1852 discretioni
1874 1826 1934 1852 tue
1960 1831 2025 1865 per
2050 1831 2151 1866 apos-

274 1881 382 1916 tolica
401 1881 537 1928 scripta
556 1881 784 1925 mandamus,
802 1882 974 1928 quatinus
990 1882 1256 1916 ordinationem
1273 1882 1483 1929 hujusmodi
1504 1884 1613 1918 facias
1633 1885 1845 1919 auctoritate
1861 1893 1985 1920 nostra
2000 1886 2152 1921 firmiter

274 1947 476 1991 observari,
507 1948 796 1983 contradictores
831 1961 896 1995 per
930 1961 1121 1983 censuram
1156 1949 1439 1984 ecclesiasticam
1474 1951 1717 1997 appellatione
1751 1953 1953 1998 postposita
1985 1965 2152 1999 compes-

275 2014 406 2049 cendo.
428 2016 507 2049 Dat.
530 2015 698 2049 Laterani
717 2015 755 2061 iij
777 2027 863 2049 non.
886 2015 983 2058 Maii,
1006 2015 1238 2062 pontificatus
1258 2017 1375 2051 nostri
1395 2029 1491 2051 anno
1511 2018 1688 2053 secundo.

370 2120 512 2152 Euenum
526 2121 621 2147 Chare.
638 2121 702 2146 eccl.
717 2121 811 2147 Paris.
827 2121 854 2146 in
869 2122 949 2147 Arch.
968 2125 1022 2146 nat.
1036 2122 1120 2147 Paria.
1138 2123 1187 2147 LL.
1204 2123 1258 2153 18³,
1274 2123 1318 2148 sol.
1336 2123 1390 2148 182.
1407 2138 1436 2143 —
1451 2124 1576 2155 Bulaeus,
1592 2125 1638 2154 111,
1655 2125 1708 2149 ³02.

369 2212 392 2236 1.
409 2213 749 2243 Saht-Manr-len-Fonen,
765 2215 830 2240 Ord.
845 2216 872 2240 S.
889 2216 1031 2241 Benedicti.

275 2399 388 2438 277.
411 2408 580 2436 Alexander
598 2410 643 2437 IV
655 2410 818 2446 Reginaldo
839 2411 973 2448 episcopo
992 2412 1155 2439 Parieiensi
1177 2412 1325 2440 dubitanti
1344 2414 1446 2440 iterum
1465 2413 1587 2440 mandat
1606 2417 1636 2440 ut
1655 2413 1894 2441 Introductorium
1914 2415 1942 2441 in
1964 2414 2149 2451 Evangelium

365 2463 514 2487 aeternum
529 2464 558 2487 et
571 2460 728 2488 schedulas
742 2461 886 2498 quasdam
901 2466 981 2489 curet
995 2462 1165 2490 abolendas.

1531 2522 1608 2553 1260.
1624 2522 1685 2549 leil
1695 2523 1722 2553 8,
1737 2523 1864 2550 Laterum:

363 2600 572 2635 Alexander
587 2602 784 2648 episcopus
804 2614 935 2637 servus
954 2615 1143 2637 servorum
1162 2604 1228 2637 Dei
1243 2604 1444 2638 venerabili
1464 2605 1564 2639 fratri
1585 2606 1759 2652 episcopo
1780 2606 1978 2641 Parisiensi
1997 2607 2149 2642 salutem

275 2673 312 2702 et
329 2667 566 2714 apostolicam
587 2667 894 2703 benedictionem.
917 2670 1019 2704 Licet
1038 2682 1150 2716 super
1170 2671 1324 2716 quodam
1347 2671 1487 2714 libello,
1509 2672 1570 2718 qui
1591 2672 1628 2706 in
1649 2672 1764 2707 libros
1783 2673 1945 2707 Joachim
1961 2673 2151 2709 Introduc-

274 2733 372 2768 tivus
398 2733 600 2778 dicebatur,
631 2741 668 2769 et
695 2735 856 2771 cedulis¹
882 2736 1115 2782 quibusdam,
1146 2737 1183 2771 in
1215 2749 1367 2783 quarum
1397 2738 1585 2772 nonnullis
1613 2739 1723 2773 multa
1753 2751 1823 2785 que
1854 2740 1890 2773 in
1922 2740 2047 2775 libello
2077 2753 2151 2775 non

274 2799 569 2844 continebantur,
603 2801 732 2836 eodem
760 2803 929 2849 nequiter
961 2804 1118 2850 ascripta
1147 2804 1261 2838 fuisse
1300 2804 1664 2852 dicuntur,-penitus
1701 2805 1893 2841 abolendis
1931 2806 1996 2841 tibi
2035 2819 2152 2854 nuper

272 2865 536 2902 direxerimus'
564 2868 698 2915 scripta
726 2869 868 2903 nostra·
891 2881 898 2903 :
921 2870 1005 2916 quia
1025 2876 1143 2904 tamen
1168 2870 1327 2914 dubitas,
1349 2871 1504 2917 qualiter
1527 2872 1621 2906 circa
1646 2871 1775 2906 horum
1796 2872 2030 2907 abolitionem
2053 2886 2151 2907 man-

275 2930 398 2967 datum
432 2933 673 2980 apostolicum
708 2936 839 2982 exequi
873 2935 1022 2979 debeas,
1058 2937 1222 2983 ejusdem
1258 2938 1463 2972 executioni
1498 2938 1741 2985 supersedere
1768 2940 1923 2998 curasti,
1959 2952 2150 2986 quousque
