2580 3528
271 428 368 468 1221]
611 437 658 460 ΑΒ
692 437 799 460 Anno
832 437 911 460 nce
945 437 1078 466 usqum
1113 437 1161 459 An
1197 437 1428 460 PHILIPPUM
1464 438 1504 460 iv
1538 438 1626 460 nso.
1664 438 1801 461 FRANC.
2085 431 2144 463 101

267 517 482 551 revertatur,
503 511 551 544 ita
572 517 691 544 tamen
712 510 810 557 quod
831 523 897 556 pro
917 510 1003 553 hiis,
1025 523 1096 556 que
1123 511 1160 544 in
1186 523 1229 544 eo
1257 511 1328 556 ipsi
1354 511 1485 544 fratres
1506 511 1759 545 Predicatores
1780 513 1971 557 posuerint
1991 519 2059 546 tam
2081 525 2147 559 pro

267 577 422 611 edificiis
442 589 548 623 quam
570 590 636 624 pro
663 578 785 619 terris,
814 577 1016 611 secundum
1045 578 1311 611 estimationem
1339 577 1478 611 domini
1506 578 1670 624 episcopi
1690 578 1910 612 Parisiensis
1931 586 1967 612 et
1986 586 2146 613 nostram

267 650 303 678 et
319 643 474 677 aliorum
494 643 675 677 bonorum
702 644 864 678 virorum
889 656 908 677 a
936 643 1045 677 nobis
1071 643 1129 678 vel
1155 643 1200 677 ab
1227 644 1319 689 ipsis
1346 644 1519 678 fratribus
1547 645 1737 678 conversis
1765 645 1952 691 recipiant.
1982 646 2089 688 Quod
2115 646 2146 680 si

266 722 334 744 nos
353 710 412 744 vel
431 704 585 756 predicti
605 711 735 744 fratres
755 710 956 756 hospitales
977 723 1050 744 non
1071 711 1299 756 potuerimus
1324 711 1382 744 vel
1410 723 1483 744 non
1504 711 1730 745 voluerimus
1752 712 1854 757 juxta
1879 712 2145 746 estimationem

266 777 464 823 predictam
485 777 749 823 prenominatis
768 777 942 811 fratribus
963 777 1259 811 predicatoribus
1280 778 1435 811 reddere
1463 778 1508 811 de
1537 778 1708 812 omnibus
1733 779 1811 812 suis
1832 778 2087 820 missionibus,
2115 780 2146 813 si

265 843 421 890 aliquam
441 851 561 878 tamen
581 851 718 890 partem
740 844 988 890 predictorum
1017 845 1176 878 retinere
1196 844 1437 886 voluerimus,
1464 845 1562 878 illam
1585 846 1687 890 juxta
1715 845 1961 891 predictorum
1983 846 2144 879 virorum

265 911 531 944 estimationem
559 910 799 945 retinebimus
822 923 830 944 τ
853 911 898 944 de
926 911 1058 945 ceteris
1085 918 1204 945 autem
1236 911 1438 945 secundum
1468 912 1566 958 quod
1596 912 1750 958 predicti
1780 913 1848 946 viri
1883 913 2146 954 ordinaverint,

265 984 407 1012 maneat
426 978 644 1012 ordinatum.
675 979 720 1012 Et
744 978 827 1023 quia
853 978 1038 1012 materiam
1067 985 1192 1012 nostre
1221 978 1438 1012 turbationis
1464 986 1499 1012 et
1525 991 1650 1012 eorum
1679 979 1953 1025 ingratitudinis
1977 980 2147 1013 volumus

265 1051 438 1090 quantum
466 1056 664 1091 possumus
691 1057 710 1078 a
737 1044 845 1078 nobis
873 1051 909 1078 et
935 1045 989 1078 eis
1023 1045 1170 1091 penitus
1198 1045 1391 1091 extirpare,
1420 1046 1612 1087 adicimus,
1648 1046 1746 1091 quod
1774 1047 1805 1079 si
1835 1046 1906 1092 ipsi
1933 1046 1991 1080 vel
2019 1058 2145 1080 eorum

264 1122 501 1146 successores
520 1118 590 1145 tam
612 1112 649 1145 in
670 1111 845 1158 predictis
866 1124 972 1157 quam
999 1112 1036 1145 in
1057 1112 1139 1145 aliis
1166 1124 1234 1146 nos
1262 1119 1519 1158 presumerent
1538 1112 1732 1146 molestare
1754 1120 1790 1146 et
1809 1113 1977 1158 requisiti
1998 1126 2016 1147 a
2038 1113 2146 1147 nobis

264 1185 347 1223 post
367 1178 446 1212 dies
473 1185 555 1212 octo
582 1178 673 1212 illud
701 1178 895 1212 emendare
923 1185 1212 1220 contemnerent,
1243 1179 1444 1212 secundum
1472 1179 1662 1212 arbitrium
1690 1179 1828 1212 domini
1856 1180 2020 1226 episcopi
2046 1180 2145 1213 Pari-

264 1245 411 1287 siensis,
439 1245 647 1291 pecuniaria
668 1257 760 1291 pena
781 1245 839 1279 vel
863 1245 932 1279 alia
959 1252 1067 1291 prout
1095 1245 1166 1279 sibi
1186 1245 1371 1279 videbitur
1390 1245 1498 1279 nobis
1519 1246 1728 1279 satisfacere
1750 1258 1823 1279 non
1845 1247 2021 1280 omittant.
2046 1248 2145 1280 Hanc

263 1318 382 1345 autem
412 1311 644 1354 donationem
675 1312 780 1345 istam
811 1312 906 1345 inter
933 1312 1037 1346 vivos
1067 1313 1185 1345 facere
1214 1312 1429 1358 profitentes
1459 1313 1506 1346 ita
1540 1312 1641 1346 firma
1677 1310 1997 1347 et'irrevocabilis
2031 1313 2144 1347 nullis

262 1378 394 1412 litteris
415 1378 650 1412 obstantibus
670 1385 731 1412 aut
751 1378 982 1424 pactionibus
1002 1379 1107 1412 factis
1127 1385 1188 1412 aut
1208 1379 1398 1421 faciendis,
1420 1391 1491 1424 que
1512 1387 1636 1413 contra
1659 1391 1699 1413 ea
1720 1379 1931 1425 ubicunque
1952 1380 2010 1414 vel
2031 1393 2145 1426 quan-

262 1445 456 1491 docunque
486 1457 548 1479 eas
578 1452 743 1491 repetere
773 1445 981 1492 contigerit,
1012 1445 1183 1479 volumus
1213 1457 1441 1491 permanere,
1473 1446 1571 1491 quod
1602 1459 1668 1479 nec
1699 1458 1766 1479 nos
1797 1447 1983 1492 possimus
2018 1447 2055 1480 in
2091 1447 2145 1480 eis

261 1511 360 1546 aliud
379 1511 488 1546 nobis
512 1511 557 1545 ab
582 1511 666 1554 hiis,
695 1524 766 1557 que
793 1519 879 1546 sunt
899 1524 1071 1558 expressa
1098 1513 1282 1558 superius,
1305 1513 1513 1554 vendicare,
1543 1525 1609 1546 nec
1632 1514 1695 1558 jus
1722 1513 1870 1558 aliquod
1898 1520 1982 1559 post
2008 1525 2076 1547 nos
2094 1514 2145 1547 >ad

261 1578 370 1612 alium
400 1579 650 1612 transferatur.
681 1579 737 1612 Ad
766 1580 872 1624 cujus
902 1579 955 1612 rei
985 1579 1197 1612 memoriam
1227 1586 1263 1612 et
1292 1586 1504 1625 perpetuam
1540 1580 1577 1612 in
1613 1586 1799 1625 posterum
1831 1579 2036 1613 firmitatem
2068 1592 2144 1625 pre-

261 1651 401 1679 sentem
423 1645 590 1692 paginam
612 1652 681 1679 tam
702 1645 967 1679 venerabilium
995 1652 1136 1691 patrum
1167 1646 1305 1679 domini
1327 1646 1506 1692 episcopi,
1535 1646 1663 1680 decani
1690 1653 1725 1680 et
1745 1647 1904 1680 cantoris
1925 1647 2145 1680 Parisiensis

261 1711 409 1758 sigillis,
427 1724 533 1758 quam
554 1718 682 1746 nostro
701 1713 856 1746 fecimus
877 1712 1058 1746 roborari.
1080 1713 1209 1746 Actum
1231 1713 1269 1746 in
1291 1713 1419 1746 eodem
1441 1712 1522 1746 loco
1544 1713 1581 1746 in
1602 1713 1739 1759 capella
1762 1713 1882 1747 Sancti
1902 1713 2027 1747 Jacobi
2048 1725 2143 1747 anno

260 1779 521 1813 incarnationis
541 1779 724 1813 dominice
744 1779 931 1814 MCCXXI
952 1784 985 1814 v⁰
1001 1791 1088 1813 non.
1112 1780 1209 1813 Maii.

353 1877 545 1909 Apographum
558 1877 676 1901 authent.
693 1877 720 1901 in
734 1877 811 1901 Arcti.
828 1880 881 1901 nat.
898 1877 983 1901 Paris.
1005 1878 1031 1901 S.
1048 1878 1119 1906 4229,
1136 1881 1165 1901 n⁰
1181 1878 1202 1901 1.
1220 1878 1297 1910 Apud
1317 1877 1536 1907 Qustif-Echnd,
1557 1878 1607 1903 SS.
1630 1879 1695 1903 Ord.
1718 1879 1830 1907 Praed„
1848 1879 1867 1907 Ι,
1885 1879 1923 1908 17,
1940 1883 1970 1902 n⁰
1986 1879 2007 1907 1,
2024 1882 2143 1902 tantum-

260 1922 338 1946 modo
352 1924 512 1954 excerptum.
527 1935 560 1940 —
574 1922 610 1946 Do
625 1922 754 1954 magistro
769 1922 889 1946 Johanue
903 1922 936 1946 de
950 1922 1084 1951 Bnrastre,
1100 1922 1199 1946 decano
1209 1922 1235 1946 S.
1253 1922 1382 1952 Quintini,
1398 1922 1459 1946 vide
1473 1922 1603 1951 Colliette,
1619 1922 1771 1948 Mdmoires
1780 1929 1857 1954 pour
1869 1923 1963 1948 servir
1975 1924 1993 1948 ὰ
2007 1922 2143 1949 l'histoire

258 1965 476 1998 εεοῑόείαειίᾳαε,
492 1966 574 1991 civile
590 1970 617 1992 et
634 1966 773 1991 militaire
792 1968 826 1991 de
845 1966 874 1991 la
890 1967 1028 1998 province
1045 1967 1078 1991 de
1097 1967 1293 1996 Vermandois‚
1310 1967 1343 1996 11,
1359 1968 1405 1991 577
1421 1975 1479 1999 sqq.
1497 1967 1570 1991 Sicut
1591 1975 1622 1991 ex
1640 1967 1805 1991 documentis
1827 1967 1897 1992 infra
1912 1968 2003 1991 relatis
2019 1971 2141 2000 apparet,

258 2019 290 2035 ox
303 2011 444 2035 donatione
459 2011 588 2035 johannis
603 2014 666 2043 post
679 2010 735 2043 ejus
750 2013 863 2035 moi-tem
877 2010 1058 2035 controversia
1073 2014 1131 2035 orta
1145 2014 1186 2035 est
1200 2011 1269 2035 inter
1288 2012 1436 2044 capitulum
1457 2012 1483 2036 S.
1499 2011 1628 2041 Quintini,
1650 2013 1720 2044 quod
1743 2012 1850 2044 aliquod
1870 2012 1914 2044 jus
1930 2012 2046 2036 habebat
2061 2021 2142 2044 super

258 2055 345 2085 locum
360 2056 450 2085 istum,
465 2059 492 2080 et
507 2056 601 2080 tratres
617 2055 824 2080 Prnodicatores.
842 2055 907 2080 Vide
921 2055 1079 2088 praesertim
1094 2055 1163 2080 infra
1178 2063 1207 2079 nv
1222 2056 1276 2080 129.

257 2249 338 2287 44.
361 2258 506 2285 Honorius
530 2259 578 2285 III
597 2258 717 2294 cantori,
739 2258 945 2285 archidiacono
961 2259 1080 2295 majoris
1095 2258 1236 2286 ecclesiae
1251 2262 1279 2285 et
1300 2258 1410 2285 decano
1433 2260 1460 2285 S.
1489 2259 1622 2285 Germani
1636 2259 1900 2285 Autissiodorensis
1922 2259 2140 2286 Parisiensibus

347 2306 470 2333 mandat
497 2310 528 2334 ut
554 2307 679 2334 Iohanni
707 2307 817 2334 decano
840 2309 867 2334 S.
895 2307 1035 2343 Quintini,
1067 2308 1117 2344 qui
1137 2309 1247 2342 fratres
1275 2307 1311 2334 de
1333 2307 1394 2334 ord.
1419 2307 1524 2334 Praed.
1548 2308 1674 2334 Parisiis
1697 2308 1725 2334 in
1753 2307 1836 2334 theol.
1868 2307 2012 2342 facultate
2045 2307 2135 2342 docel,

349 2355 481 2383 redditus
496 2360 524 2383 et
539 2356 645 2383 vicario
660 2357 722 2392 eJ'us
736 2355 958 2383 distributiones
973 2365 992 2383 a
1007 2356 1136 2393 capitulo
1152 2356 1283 2383 exhiberi
1297 2357 1421 2392 faciant.

1522 2424 1591 2454 1221,
1606 2424 1669 2450 Maii
1679 2424 1704 2454 4,
1720 2424 1848 2450 Laterani.

349 2538 370 2545 ..
393 2511 541 2546 Cantori
556 2538 593 2554 ..,
610 2510 866 2545 archidiacono
888 2511 1037 2556 majoris
1058 2511 1227 2553 ecclesie,
1250 2518 1285 2545 et
1304 2537 1325 2544 ..
1344 2511 1481 2544 decano
1504 2511 1624 2545 Sancti
1646 2511 1819 2545 Germani
1841 2511 2136 2545 Autisiodorensi

257 2578 538 2613 Parisiensibus.
566 2578 707 2612 Dilecto
729 2578 804 2611 filio
827 2605 848 2611 ..
871 2578 1009 2612 decano
1038 2578 1157 2612 Sancti
1183 2577 1366 2622 Quintini¹
1397 2577 1505 2612 nobis
1532 2578 1692 2612 innotuit
1716 2578 1911 2619 referente,
1934 2578 2032 2624 quod
2053 2590 2134 2612 cum

256 2645 302 2679 de
322 2645 489 2679 mandato
516 2652 643 2679 nostro
668 2645 830 2679 Parisius
851 2645 980 2679 doceat
1003 2645 1132 2679 fratres
1155 2645 1200 2678 (le
1221 2645 1351 2678 ordine
1371 2644 1643 2679 predicatorum
1666 2645 1703 2678 in
1724 2644 1929 2691 theologica
1953 2644 2134 2687 facultate,

256 2724 397 2758 nosque
413 2724 479 2759 pro
500 2724 544 2746 eo
564 2711 670 2746 vobis
695 2712 967 2758 scripserimus,
995 2718 1033 2746 ut
1058 2712 1201 2758 integre
1226 2711 1395 2745 faceretis
1416 2712 1534 2745 cidem
1559 2723 1648 2746 suos
1669 2712 1835 2746 redditus
1864 2711 2135 2745 ecclesiasticos

250 2780 351 2825 juxta
376 2779 674 2813 constitutionem
694 2791 713 2813 a
734 2778 842 2813 nobis
868 2779 1020 2813 editam¹
1042 2778 1220 2821 exhiberi,
1248 2779 1369 2825 posito
1390 2779 1436 2812 de
1462 2778 1608 2812 licentia
1634 2785 1758 2813 nostra
1779 2779 1815 2812 in
1837 2778 1991 2812 ecclesia
2013 2779 2133 2813 Sancti

254 2846 420 2890 Quintini
449 2845 571 2892 aliquo
603 2846 684 2880 loco
714 2846 786 2889 sui,
818 2846 879 2892 qui
911 2845 1192 2880 distributiones
1228 2846 1429 2879 cotidianas
1459 2858 1606 2879 suarum
1639 2846 1816 2892 percipiat
1850 2845 2131 2892 prebendarum,

254 2913 542 2947 contradictores
566 2925 632 2959 per
660 2925 835 2948 censuras
864 2913 1131 2947 ecclesiasticas
1157 2913 1439 2959 compescendo,
1462 2912 1723 2946 nichilominus
1743 2912 1939 2959 capitulum
1967 2912 2130 2958 ejusdem

254 2979 410 3014 ecclesie
444 2979 610 3014 redditus
647 2980 765 3014 eidem
802 2979 940 3014 decano
975 2986 1011 3014 et
1043 2979 1244 3014 cotidianas
1284 2979 1564 3013 distributiones
1598 2979 1715 3025 ipsius
1750 2979 1885 3013 vicario
1923 2991 1965 3012 ex
2006 2990 2131 3011 corum
