2580 3528
460 390 526 423 446
1048 397 1369 420 CHARTULARHJM
1403 397 1594 420 UNIVERS.
1631 397 1760 419 rmus.
2243 386 2344 428 [1265

458 515 574 553 406.
598 525 695 551 Simon
715 524 894 561 apostolicae
913 524 991 551 sedis
1011 523 1125 559 legatus
1145 523 1251 550 litteris
1273 523 1314 549 ad
1333 522 1609 559 archipresbyterum
1628 524 1655 550 S.
1681 522 1807 549 Severini
1831 523 1924 549 Paris.
1947 522 2066 548 directis
2084 521 2250 549 discordias
2271 522 2346 548 inter

549 574 683 600 nationes
698 574 806 600 noviter
820 577 900 600 ortas
914 572 1008 600 sedat.

1693 621 1770 652 1265,
1785 621 1874 648 unt-tii
1883 621 1928 652 24,
1944 622 2058 648 Pal-itii&

556 698 681 732 Simon
719 697 954 731 miseratione
991 696 1113 730 divina
1147 697 1200 729 tit.
1238 696 1367 729 Sancte
1397 695 1534 730 Cecilie
1564 695 1757 741 presbyter
1786 695 1980 730 cardinalis
2014 695 2214 742 apostolice
2245 695 2345 730 sedis

462 764 606 811 legatus
640 764 794 810 provido
828 764 906 798 viro
940 790 961 796 ..
991 762 1309 808 archipresbytero
1340 762 1495 796 ecclesie
1529 762 1649 795 Sancti
1680 762 1845 796 Severini
1873 762 2092 797 Parisiensis
2124 762 2277 797 salutem
2307 762 2346 796 in

462 833 631 866 Domino.
655 831 799 864 Dudum
822 830 917 863 inter
936 829 1111 875 providos
1136 829 1236 863 viros
1262 829 1459 874 magistros
1485 829 1648 862 Parisius
1674 829 1712 862 in
1738 828 1877 862 artibus
1903 835 1983 863 actu
2008 836 2180 875 regentes
2206 829 2346 864 Gallice

461 899 620 932 nationis
642 910 686 931 ex
706 910 776 930 una
798 903 910 943 parte,
933 909 973 930 ac
994 896 1191 942 magistros
1211 895 1362 929 aliarum
1384 895 1493 929 trium
1515 895 1715 938 nationum,
1737 894 1912 929 videlicet
1930 895 2179 939 Picardorum‚
2201 897 2346 930 Norma-

464 977 593 998 norum
616 971 652 997 et
670 964 925 1009 Anglicorum‚
953 963 1004 996 ibi
1030 963 1067 996 in
1092 962 1260 996 facultate
1287 969 1460 1008 regentes
1486 962 1612 995 eadem
1634 974 1678 996 ex
1699 962 1829 1004 altera3
1859 974 2004 996 necnon
2025 962 2233 1009 specialiter
2251 963 2347 997 inter

462 1032 561 1076 ipsas
589 1031 679 1063 duas
705 1030 872 1063 nationes
898 1029 1132 1062 Picardorum
1155 1035 1191 1062 et
1216 1028 1442 1063 Gallicorum
1470 1041 1582 1074 super
1608 1029 1766 1063 diversis
1792 1029 1955 1063 articulis
1981 1041 2056 1063 non
2079 1029 2172 1064 levis
2197 1035 2348 1064 conten-

462 1098 573 1131 tionis
599 1104 723 1130 exorta
748 1097 897 1130 materia
925 1103 1046 1141 partes
1072 1096 1152 1141 ipse
1172 1095 1309 1129 bonum
1335 1096 1434 1141 pacis
1462 1102 1498 1129 et
1521 1096 1719 1129 concordie
1746 1095 1955 1130 affectantes
1981 1097 2020 1130 in
2045 1108 2114 1130 nos
2140 1108 2251 1142 super
2274 1096 2347 1131 hiis

462 1172 631 1209 tanquam
654 1164 691 1196 in
712 1163 870 1197 arbitros
891 1169 927 1196 et
955 1163 1223 1208 compositores
1247 1162 1457 1196 amicabiles
1483 1163 1704 1196 unanimiter
1725 1170 1761 1196 et
1783 1163 2017 1197 concorditer
2037 1163 2347 1212 compromittere,

463 1244 503 1264 ac
530 1238 698 1276 tanquam
724 1231 761 1263 in
790 1230 950 1276 legatum
976 1229 1077 1263 sedis
1102 1229 1303 1276 apostolice
1329 1230 1473 1275 plenam
1494 1230 1794 1276 jurisdictionem
1819 1229 2012 1264 habentem
2040 1231 2250 1264 consentire
2274 1230 2348 1266 fide

464 1298 583 1331 media
603 1304 834 1331 curaverunt.
859 1297 951 1330 Sane
972 1297 1155 1330 discretus
1174 1297 1230 1331 vir
1251 1323 1272 1330 ..
1292 1297 1456 1331 officialis
1477 1297 1697 1331 Parisiensis
1718 1298 1756 1330 in
1777 1304 1955 1331 rectorem
1977 1304 2014 1331 et
2032 1303 2289 1343 procuratores
2307 1309 2348 1332 ac

463 1364 640 1410 quosdam
662 1364 753 1398 alios
774 1364 819 1397 de
840 1363 1016 1409 predictis
1036 1363 1247 1397 nationibus
1268 1364 1516 1406 Picardorum,
1539 1365 1805 1398 Normanorum
1827 1370 1863 1398 et
1878 1364 2133 1410 Aug-ficorum,
2155 1364 2348 1399 occasione

462 1432 651 1476 cujusdam
679 1431 789 1476 panni
817 1431 1054 1465 Universitati
1081 1431 1280 1464 Parisiensi
1310 1431 1435 1477 legati,
1463 1438 1500 1464 et
1526 1431 1714 1476 cujusdam
1745 1431 1852 1465 etiam
1880 1431 2107 1465 contumacie
2135 1431 2348 1465 auctoritate

462 1498 684 1532 venerabilis
705 1498 818 1544 patris
842 1524 862 1531 ..
887 1498 1052 1544 episcopi
1078 1498 1317 1540 Parisiensis3
1339 1498 1564 1532 venerabilis
1583 1510 1671 1532 vero
1691 1505 1793 1544 pater
1817 1525 1838 1532 ..
1862 1498 2148 1532 Silvanectensis
2169 1510 2234 1532 seu
2255 1498 2349 1533 alius

463 1565 508 1598 de
529 1565 647 1611 ipsius
668 1565 836 1599 mandato
857 1565 895 1598 in
916 1572 1095 1598 rectorem
1119 1572 1155 1599 et
1173 1572 1432 1611 procuratores
1453 1572 1489 1599 et
1514 1565 1693 1611 quosdam
1720 1565 1812 1599 alios
1838 1565 2001 1611 predicte
2025 1565 2184 1599 nationis
2207 1565 2348 1600 Gallice

462 1632 656 1665 occasione
683 1632 922 1677 quorumdam
949 1632 1227 1678 privilegiorum
1254 1632 1325 1678 ipsi
1347 1632 1586 1666 Universitati
1607 1632 1806 1666 Parisiensi
1827 1644 1845 1665 a
1867 1632 1955 1666 sede
1975 1631 2174 1678 apostolica
2198 1643 2350 1666 conces·-

463 1711 600 1740 sorum,
624 1711 779 1744 quorum
801 1706 1099 1733 conservatorem
1121 1711 1161 1733 se
1187 1711 1270 1733 esse
1297 1699 1477 1741 dicebat⁴,
1500 1711 1731 1745 quorumque
1755 1699 1895 1745 copiam
1917 1711 1981 1733 eos
2001 1698 2072 1733 sibi
2096 1699 2215 1733 facere
2237 1698 2348 1733 dene-

462 1777 571 1811 gasse
610 1765 766 1804 dicebat,
807 1766 1021 1800 auctoritate
1056 1766 1348 1800 conservationis
1383 1766 1453 1800 sibi
1488 1766 1683 1800 commisse
1722 1766 2108 1800 excommunicationis
2147 1766 2348 1800 sententias

463 1833 751 1878 promulgarunt.
783 1834 875 1868 Cum
902 1840 1021 1867 autem
1050 1833 1111 1867 isti
1139 1840 1265 1867 essent
1292 1833 1336 1867 de
1366 1833 1530 1867 articulis
1561 1834 1598 1867 in
1625 1833 1892 1879 compromisso
1919 1833 2119 1879 expressis,
2147 1832 2191 1866 ab
2218 1833 2348 1868 eodem

466 1900 729 1933 Silvanectensi
756 1901 930 1946 episcopo
958 1900 1144 1934 relaxandi
1172 1900 1384 1946 hujusmodi
1409 1902 1489 1947 ejus
1515 1901 1731 1935 sententiam
1758 1900 1983 1934 obtinuimus
2008 1912 2074 1946 per
2099 1912 2184 1934 suas
2208 1900 2348 1935 litteras

465 1973 691 2011 potestatem.
727 1967 902 2013 Idemque
936 1968 1157 2002 Parisiensis
1192 1968 1389 2014 episcopus
1419 1975 1455 2002 et
1484 1968 1649 2002 officialis
1679 1967 1879 2014 predictus⁷
1911 1967 2009 2013 quod
2043 1967 2194 2001 eandem
2229 1965 2348 2014 ipsius

467 2033 632 2067 officialis
652 2034 897 2068 relaxaremus
919 2035 1151 2075 sententiam,
1178 2041 1459 2069 consenserunt.
1486 2036 1561 2069 Nos
1587 2035 1699 2081 igitur
1719 2035 1764 2069 ad
1784 2034 2062 2080 requisitionem
2087 2035 2243 2080 partium
2264 2043 2349 2068 sen*-

469 2101 599 2133 tentias
625 2100 835 2146 hujusmodi
862 2102 1075 2135 auctoritate
1104 2114 1173 2148 qua
1201 2102 1238 2135 in
1266 2102 1331 2135 hac
1358 2108 1458 2148 parte
1485 2102 1684 2148 fungimur,
1717 2101 1887 2135 duximus
1915 2101 2140 2135 relaxandas.
2170 2101 2348 2146 Quocirca

468 2167 682 2200 discretioni
709 2175 830 2201 vestre
861 2168 986 2202 eadem
1019 2169 1231 2202 auctoritate
1263 2169 1477 2202 mandamus
1505 2169 1676 2214 quatinus
1703 2168 1748 2202 ad
1775 2168 2053 2214 requisitionem
2079 2168 2239 2214 ipsarum
2267 2179 2349 2215 par-

468 2233 555 2266 tium
587 2235 787 2268 sententias
817 2235 1027 2280 hujusmodi
1058 2235 1234 2269 relaxatas
1263 2247 1360 2278 esse,
1391 2235 1454 2269 ubi
1485 2242 1521 2269 et
1548 2235 1693 2281 quando
1724 2235 1897 2281 expedire
1926 2234 2122 2277 videbitur,
2151 2234 2346 2269 nuncietis.

469 2301 546 2333 Dat.
570 2302 730 2335 Parisius
751 2302 826 2347 viiij
849 2302 918 2335 kal.
940 2303 1091 2348 Aprilis,
1114 2302 1346 2348 pontificatus
1367 2303 1505 2336 domini
1526 2302 1727 2337 Clementis
1749 2315 1840 2348 pape
1861 2303 1930 2336 IIII
1952 2314 2046 2336 anno
2068 2303 2198 2348 primo.

563 2400 698 2431 Originale
714 2401 739 2423 in
756 2401 831 2424 Arch.
849 2404 902 2424 nat.
919 2402 1003 2425 Paris.
1021 2402 1054 2425 M.
1070 2403 1127 2430 66¹¹,
1144 2406 1173 2424 n⁰
1188 2404 1211 2426 5.
1228 2402 1318 2426 Restat
1333 2405 1401 2425 taen.
1419 2402 1515 2425 memb.
1531 2401 1683 2426 Pertinebat
1702 2402 1735 2425 ad
1750 2402 1827 2425 Arcb.
1845 2401 1967 2426 Univers.
1982 2415 2014 2419 —
2028 2394 2152 2430 Bulaeus,
2169 2401 2215 2430 111,
2231 2401 2286 2430 371,
2301 2400 2349 2425 ubi

470 2452 609 2475 perperam
626 2453 637 2468 «
654 2446 668 2468 8
685 2445 737 2468 kal.
755 2454 777 2468 )).

570 2529 592 2552 1.
610 2529 650 2552 Sc.
665 2530 805 2562 episcopus
822 2531 1037 2560 Silvanectensis,
1054 2531 1183 2555 Robertus
1199 2531 1230 2554 de
1246 2531 1425 2555 Cressonsnrt.

471 2693 580 2731 407.
616 2704 740 2731 Clemens
757 2707 800 2732 IV
811 2707 839 2732 in
859 2706 964 2733 litteris
984 2707 1024 2733 ad
1047 2708 1187 2734 Simonem
1209 2708 1336 2744 legatum
1360 2708 1478 2735 directis
1501 2708 1676 2735 vehementer
1695 2708 1830 2745 objurgat
1848 2708 2011 2743 magistros,
2033 2706 2181 2734 scholares
2203 2706 2337 2742 aliosque

564 2753 613 2787 qui
625 2754 785 2788 IJrivileyiis
800 2764 818 2780 a
834 2755 901 2781 sede
917 2756 1079 2791 apostolica
1094 2758 1236 2784 concessis
1249 2766 1381 2794 perverse
1396 2757 1563 2784 abutuntur.

1731 2807 1807 2838 126⁶,
1823 2807 1885 2833 nai!
1893 2807 1939 2837 27,
1956 2804 2063 2833 Vitat-⁶1⁴1:

564 2876 735 2910 Clemens
762 2878 957 2923 episcopus
983 2891 1111 2913 servus
1137 2892 1324 2914 servorum
1353 2882 1419 2915 Dei
1441 2881 1573 2916 dilecto
1594 2881 1670 2915 filio
1692 2882 1727 2915 S.
1751 2882 1804 2915 tit.
1827 2882 1956 2915 Sancte
1976 2880 2113 2915 Cecilie
2133 2879 2348 2926 presbytero

473 2941 646 2975 cardinali
676 2943 875 2988 apostolice
905 2945 1004 2979 sedis
1034 2945 1154 2991 legato
1186 2947 1339 2981 salutem
1373 2955 1408 2982 et
1436 2948 1671 2994 apostolicam
1701 2948 2009 2982 benedictionem.
2041 2948 2207 2992 Injuncte
2240 2945 2347 2980 nobis
