2580 3528
456 387 518 420 102
1036 396 1358 419 CHARTULAMUM
1393 397 1583 419 uulvsns.
1621 397 1749 419 rmus.
2231 382 2328 429 [1221

453 471 711 517 provenientes
737 471 892 504 ecclesia
917 470 988 504 sibi
1012 470 1230 504 subtrahunt
1257 471 1531 516 pretendentes,
1553 471 1590 504 in
1612 483 1676 505 sua
1697 478 1733 504 et
1752 471 1937 505 Gallicana
1954 472 2107 506 ecclesia
2123 473 2330 517 juramento

453 550 536 571 esse
566 537 758 579 firmatum,
790 538 888 583 quod
923 537 1172 571 residentibus
1209 544 1345 571 tantum
1375 537 1553 571 beneficia
1587 538 1874 583 persolvantur⁸.
1905 540 1980 572 Nos
2010 546 2128 572 autem
2163 539 2330 572 nolentes

453 605 630 638 decanum
658 605 814 638 eundem
841 618 859 638 a
885 612 954 638 tam
977 605 1037 650 pio
1062 616 1208 638 cessare
1235 605 1293 638 vel
1320 611 1445 650 tepere
1472 605 1675 650 proposito,
1702 612 1758 638 set
1784 605 1980 651 specialem
2007 606 2039 639 ei
2065 606 2186 652 potius
2211 606 2329 639 facere

451 673 601 718 gratiam
642 672 832 717 cupientes
871 672 1085 705 discretioni
1119 678 1240 706 vestre
1276 683 1340 717 per
1378 671 1576 717 apostolica
1615 672 1748 717 scripta
1786 673 2015 714 mandamus,
2052 673 2222 718 quatinus
2256 685 2329 706 non

451 739 618 772 obstante
648 739 859 784 hujusmodi
889 740 1110 784 juramento,
1143 738 1308 772 exhiberi
1328 751 1346 772 a
1367 739 1619 784 prenominato
1649 738 1808 784 capitulo
1838 739 1909 784 ipsi
1936 739 2073 772 decano
2103 739 2269 773 redditus
2295 746 2331 773 et

450 806 584 839 vicario
621 818 688 839 suo
719 805 999 839 distributiones
1031 805 1242 851 hujusmodi
1272 805 1424 847 faciatis,
1455 805 1743 839 contradictores
1765 806 1867 851 juxta
1898 806 2048 839 sormam
2078 807 2116 839 in
2143 806 2328 852 prioribus

450 940 681 986 pontificatus
703 940 819 972 nostri
840 951 934 972 anno
956 939 1095 984 quinto.

542 1039 604 1070 Reg.
621 1039 678 1061 Vnt.
696 1038 804 1061 Honorii
821 1038 857 1061 111
873 1046 915 1061 an.
932 1040 954 1066 5,
970 1046 1011 1069 ep.
1028 1039 1083 1066 603,
1101 1038 1145 1061 fol.
1163 1037 1235 1061 120b.
1251 1051 1283 1055 —
1294 1037 1408 1062 'Notices
1421 1042 1446 1062 ei
1461 1037 1580 1062 caetratis
1594 1039 1640 1063 des
1653 1044 1727 1067 mss„
1745 1038 1809 1066 XXI,
1826 1039 1848 1066 2,
1864 1046 1891 1069 p.
1908 1039 1962 1063 179.

542 1123 563 1146 1.
588 1124 635 1146 Est
657 1123 727 1145 idem
749 1131 809 1145 cum
831 1122 960 1154 magistro
982 1122 1102 1146 Johanne
1123 1123 1155 1146 de
1176 1122 1310 1150 Bnrastre,
1333 1122 1485 1145 documenti
1506 1122 1689 1154 praecedentis
1710 1126 1825 1147 auctore.
1850 1123 1907 1146 Non
1923 1122 1973 1146 fuit
1995 1123 2178 1147 tantummodo
2200 1123 2328 1155 magister

447 1168 555 1200 quidam
577 1167 707 1199 privatus,
734 1167 779 1190 sed
795 1175 887 1190 revera
909 1175 920 1190 α
938 1175 1032 1198 regens
1048 1166 1075 1190 in
1090 1167 1224 1198 theologia
1239 1167 1358 1190 Pal-isius
1374 1175 1396 1195 »,
1416 1170 1446 1191 ut
1461 1167 1525 1190 dicit
1539 1167 1673 1191 Johannes
1693 1167 1725 1191 de
1739 1167 1859 1191 Navarra
1877 1167 1904 1190 in
1920 1176 1932 1190 (ι
1948 1167 2076 1191 Processu
2091 1167 2298 1191 canonizationis
2313 1175 2326 1191 ν

447 1213 472 1236 S.
490 1212 620 1236 Dominici
635 1212 706 1243 apud
722 1214 781 1236 ΑΑ.
794 1212 844 1236 SS.
862 1219 950 1235 mense
966 1212 1031 1242 Aug.
1049 1212 1068 1239 1,
1085 1212 1140 1239 638,
1156 1216 1186 1234 n⁰
1201 1213 1240 1240 29,
1257 1212 1327 1243 quod
1342 1212 1422 1235 ctiam
1441 1220 1473 1235 ex
1491 1212 1656 1236 documentis
1671 1220 1754 1244 supra
1769 1212 1802 1235 n¹¹
1817 1213 1856 1241 36,
1871 1213 1902 1235 40
1921 1211 1999 1235 editis
2015 1215 2134 1244 apparet.
2155 1226 2187 1230 --
2200 1213 2223 1236 2.
2239 1212 2327 1244 Supra

445 1262 475 1280 n⁰
490 1259 527 1281 32.
544 1271 575 1274 —
589 1258 611 1280 3.
629 1257 667 1280 Cf.
685 1257 771 1288 Supra
787 1261 816 1279 n⁰
830 1257 854 1279 [Δ.

445 1421 526 1458 45.
549 1430 693 1456 Honorius
710 1431 756 1454 III
767 1428 982 1454 archidiaconis
998 1428 1131 1454 Remensi
1146 1437 1180 1454 ac
1197 1428 1354 1455 Senonensi
1370 1432 1398 1455 et
1412 1437 1486 1463 mag.
1505 1430 1590 1454 Petro
1605 1428 1641 1454 de
1659 1428 1830 1455 Collemedio
1846 1432 1876 1454 ut
1892 1428 2107 1454 exsecutoribus
2122 1428 2231 1463 scribit,
2250 1437 2326 1465 quae

534 1479 676 1515 pendente
697 1478 746 1504 lite
762 1478 836 1503 inter
853 1477 1032 1503 Guillelmum
1049 1477 1221 1513 episcopum,
1239 1477 1406 1514 Philippum
1422 1477 1628 1504 cancellarium
1644 1481 1672 1503 et
1691 1477 1848 1512 officialem
1863 1478 1958 1504 Paris.
1976 1486 2013 1503 ex
2033 1486 2099 1513 una,
2122 1481 2150 1504 el
2171 1477 2326 1513 magistros

536 1532 563 1554 et
584 1527 731 1553 scholares
754 1536 790 1552 ear
816 1526 879 1552 alia
899 1530 994 1562 parte,
1019 1526 1165 1552 observari
1186 1526 1312 1552 debeant
1329 1526 1520 1563 prohibetque
1545 1535 1579 1553 ne
1601 1527 1752 1563 episcopus
1770 1535 1820 1553 nec
1842 1526 1951 1562 aliquis
1973 1526 2051 1552 alius
2073 1527 2134 1562 ejus
2156 1526 2269 1553 nomine
2295 1526 2325 1553 in

539 1577 756 1603 Universitatem
771 1576 943 1602 sententiam
964 1575 1267 1602 ezrommunicationis
1279 1577 1413 1611 proferre
1423 1576 1527 1612 possit.
1548 1576 1665 1602 Interim
1685 1576 1773 1602 etiam
1796 1585 1864 1601 usus
1887 1575 1979 1610 sigilli
1999 1575 2175 1602 scholarium
2196 1584 2324 1612 suspen-

534 1626 630 1661 datur,
649 1635 699 1652 nec
714 1625 861 1651 scholares
876 1624 1032 1651 secundum
1047 1625 1180 1650 nationes
1195 1633 1266 1650 suas
1281 1624 1339 1651 sibi
1354 1634 1526 1660 quemquam
1542 1625 1582 1650 ad
1597 1624 1779 1651 ulciscendas
1796 1625 1920 1661 injurias
1934 1625 2118 1661 praeficiant.

1734 1724 1808 1753 1222,
1823 1723 1885 1749 uait·
1895 1724 1935 1753 31,
1950 1723 2037 1750 Matri.

536 1839 557 1845 ..
575 1812 746 1845 Remensi
767 1818 836 1845 et..
854 1811 1059 1845 Senoncnsi
1080 1811 1347 1844 archidiaconis
1368 1818 1404 1844 et
1423 1811 1599 1856 magistro
1616 1812 1654 1844 P.
1674 1811 1718 1844 de
1740 1811 1968 1845 Collemedio
1989 1810 2176 1856 capellano
2197 1817 2324 1844 nostro

443 1880 605 1913 Parisius
631 1879 882 1912 commoranti.
911 1878 1062 1911 Inimico
1088 1877 1248 1920 homine,
1270 1878 1332 1923 qui
1358 1879 1525 1911 incentor
1545 1878 1721 1911 malorum
1743 1885 1800 1911 est
1819 1884 1859 1926 et.
1874 1890 1981 1923 quem
2003 1878 2085 1911 odia
2106 1884 2142 1911 et
2161 1878 2323 1912 scissure

443 1947 637 1988 delectant,
674 1946 947 1979 dissensionum
984 1945 1299 1990 superseminante
1331 1945 1465 1978 zizania
1497 1945 1592 1979 inter
1623 1945 1869 1979 venerabilem
1906 1945 2053 1978 fratrem
2096 1951 2262 1978 nostrum
2299 1971 2320 1979 ..

443 2015 656 2059 episcopum
686 2020 720 2046 et
748 2039 768 2045 ..
796 2012 984 2045 officialem
1012 2012 1129 2058 ipsius
1155 2019 1191 2045 et
1217 2039 1236 2044 ..
1260 2012 1516 2045 cancellarium
1542 2012 1770 2046 Parisienses
1791 2024 1834 2045 ex
1854 2019 1954 2057 parte
1980 2024 2064 2054 una,
2087 2018 2122 2045 et
2141 2012 2322 2046 universi-

443 2087 550 2114 tatem
579 2080 836 2126 magistrorum
865 2086 901 2112 et
925 2078 1120 2112 scolarium
1147 2079 1407 2112 Parisiensium
1434 2091 1477 2112 ex
1503 2079 1626 2120 altera,
1655 2079 1777 2124 gravis
1800 2079 1873 2124 jam
1900 2078 2036 2111 dudum
2063 2078 2246 2112 discordia
2266 2085 2324 2112 est

443 2147 626 2181 suborta¹.
664 2148 738 2179 Nos
772 2158 859 2179 vero
891 2146 1120 2178 detrimentis
1154 2158 1198 2178 ex
1238 2145 1449 2191 hujusmodi
1484 2145 1690 2179 turbatione
1731 2145 1864 2191 paratis
1899 2157 2092 2178 occurrere
2131 2145 2321 2191 cupientes

442 2227 584 2248 causam
625 2226 736 2259 super
770 2213 880 2246 certis
918 2212 1081 2246 articulis
1116 2213 1160 2245 ad
1194 2213 1406 2258 petitionem
1445 2212 1609 2258 ejusdem
1645 2212 1808 2258 episcopi
1841 2211 2114 2246 venerabilibus
2147 2211 2320 2246 fratribus

442 2282 578 2315 nostris
610 2308 630 2313 ..
661 2280 938 2325 archiepiscopo
964 2280 1218 2313 Cantuariensi
1244 2286 1280 2313 et
1306 2306 1326 2312 ..
1349 2280 1524 2313 Trecensi
1556 2286 1593 2313 et
1615 2306 1635 2312 ..
1661 2279 1880 2313 Lexoviensi
1913 2279 2097 2325 episcopis
2129 2278 2198 2312 sub
2226 2285 2322 2312 certa

441 2349 555 2382 forma
589 2348 758 2380 duximus
791 2347 1116 2388 committendam’,
1154 2347 1248 2379 inter
1282 2346 1350 2379 alia
1384 2347 1621 2392 injungentes
1651 2346 1804 2388 eisdem,
1835 2353 1874 2379 ut
1900 2345 2109 2379 laborarent
2135 2346 2179 2379 ad
2207 2346 2322 2379 refor-

442 2415 608 2448 mandam
631 2415 725 2447 inter
746 2421 866 2459 partes
887 2414 1132 2455 concordiam,
1155 2425 1224 2458 qua
1246 2414 1362 2459 magis
1382 2426 1487 2459 quam
1504 2413 1729 2458 judiciorum
1750 2413 1903 2459 strepitu
1925 2412 2113 2458 expediret
2133 2412 2319 2458 negotium

442 2482 640 2515 terminari.
666 2482 724 2514 Set
747 2481 813 2514 hec
840 2481 992 2514 faciente
1014 2480 1091 2521 illo,
1115 2481 1177 2525 qui
1198 2493 1268 2526 que
1289 2481 1449 2514 caritatis
1471 2487 1506 2514 et
1526 2481 1624 2526 pacis
1646 2487 1732 2514 sunt
1751 2480 1840 2522 odit,
1862 2491 1936 2512 non
1957 2479 2074 2525 potuit
2092 2478 2318 2524 pervenisse.

444 2548 555 2581 Iidem
590 2560 735 2593 quoquc
761 2548 907 2592 judices
938 2554 1085 2592 propter
1120 2548 1293 2592 quasdam
1329 2547 1563 2593 exceptiones
1593 2547 1636 2580 ab
1666 2542 1951 2592 adversa-parte
1981 2545 2200 2591 propositas,
2235 2544 2323 2578 licet

442 2614 680 2655 inhibuerint,
712 2626 756 2646 ne
785 2614 847 2647 lite
876 2614 1057 2658 pendente
1085 2614 1223 2659 aliquid
1250 2614 1416 2647 innovari
1444 2614 1608 2655 deberet,
1629 2614 1666 2646 in
1687 2613 1788 2646 nullo
1817 2624 1928 2658 super
1954 2611 2145 2657 principali
2170 2611 2319 2657 negotio

442 2687 714 2726 processerunt,
744 2692 787 2712 ex
815 2692 886 2724 quo
914 2680 1044 2713 sactum
1073 2687 1142 2722 est,
1171 2680 1269 2725 quod
1297 2687 1513 2726 exaggerate
1539 2686 1625 2713 sunt
1654 2679 1885 2725 postmodum
1916 2678 2142 2724 questiones,
2174 2683 2209 2710 et
2235 2677 2319 2711 lites

441 2748 546 2780 etiam
568 2747 778 2787 instaurate,
802 2746 1036 2791 studiumque
1057 2758 1291 2788 concussum,
1316 2753 1355 2779 ut
1373 2747 1446 2791 jam
1468 2746 1633 2780 videatur
1654 2745 1909 2778 dissolutionis
1930 2744 2093 2790 periculo
2115 2743 2316 2789 subjacere.

441 2815 531 2848 Cum
560 2820 678 2846 autem
705 2813 850 2858 quidam
878 2825 921 2845 ex
948 2813 1123 2858 predictis
1150 2813 1335 2858 magistris
1358 2825 1439 2846 cum
1466 2812 1698 2845 multitudine
1727 2811 1921 2845 scolarium
1943 2823 2008 2857 pro
2029 2823 2069 2844 se
2090 2823 2128 2844 ac
2149 2810 2230 2843 aliis
2251 2822 2318 2844 nee
2365 2797 2367 2799 ι

441 2893 513 2913 non
535 2887 570 2913 ct
595 2886 808 2925 procurator
835 2879 952 2924 ipsius
980 2879 1143 2925 episcopi
1164 2879 1208 2912 ad
1229 2886 1389 2912 nostram
1410 2879 1630 2924 presentiam
1658 2878 1915 2920 accessissent,
1940 2885 1975 2911 et
1999 2878 2096 2911 idem
2121 2877 2317 2923 episcopus

442 2947 667 2981 revocaverit
698 2946 742 2979 ab
773 2946 900 2979 eodem
932 2952 1167 2991 procuratore
1198 2946 1416 2987 mandatum,
1450 2945 1557 2979 nobis
1592 2945 1796 2987 insinuans,
1832 2944 1930 2990 quod
1965 2944 2138 2990 prosequi
2172 2955 2316 2977 causam
