2580 3528
255 424 353 465 t285}
595 433 642 455 ΑΒ
675 433 782 455 suno
816 432 894 455 ucc
928 432 1060 461 usque
1095 433 1144 455 An
1179 432 1409 455 PHILIPPUM
1444 433 1484 454 ιν
1519 433 1606 455 aas.
1644 433 1780 455 rasse.
2063 424 2129 458 635

252 507 391 553 antiqui
415 505 608 552 inquibus
628 512 685 540 est
704 506 880 552 sapentia,
901 505 1022 540 videat
1041 512 1078 540 et
1095 506 1256 552 corrigat
1275 507 1375 539 Deus
1395 505 1463 539 celi
1547 507 1673 539 Datum
1695 506 1790 551 apud
1811 506 1983 542 WVarham
2013 507 2128 541 Saris-

252 573 438 608 buriensis
458 572 554 607 dioc.
571 572 642 622 kal:
662 573 776 615 Junii,
797 585 891 606 anno
913 572 1059 606 Domini
1079 573 1186 607 MCC
1200 573 1376 607 LXXXV.

345 670 512 702 acquiram
526 671 670 696 Pecltham
685 671 712 694 in
731 670 860 695 Lamheth
879 670 982 699 Punice,
1004 670 1048 694 t'ol.
1071 670 1141 694 216⁶.
1158 684 1188 688 -
1212 670 1332 698 Wilkins,
1350 670 1477 695 concilia
1491 669 1617 701 Magnae
1635 659 1815 698 Britanniae,
1837 670 1870 696 11.
1892 671 1945 694 120.
1962 670 2126 701 Reqistrum

250 715 357 748 epistol.
369 717 409 747 β’.
423 715 564 741 Iohannis
577 716 728 744 Peckham,
744 715 784 739 ed.
802 715 906 744 Max-un.
921 715 967 743 111,
983 716 1037 738 896.

346 799 370 824 1.
385 799 503 824 'rhomae
518 799 551 823 de
566 799 676 832 Aquino.
691 813 723 818 —
741 800 764 823 2.
788 799 915 832 Loquitur
929 799 972 823 hie
992 799 1061 822 sicut
1076 799 1133 831 jam
1148 807 1231 831 supra
1245 798 1278 822 n⁸⁸
1300 798 1354 827 517,
1371 799 1425 827 518,
1441 798 1474 822 de
1488 801 1612 827 tractatu,
1628 806 1707 830 quem
1721 798 1862 830 episcopus
1878 798 2027 830 Stephanus
2043 799 2130 823 Paris.

251 852 313 869 eum
327 843 465 876 magistris
484 843 680 869 Parisiensibus
695 843 799 868 vivente
813 846 839 868 et
852 846 991 876 praesente
1008 843 1110 868 ‘rhama
1124 843 1156 867 de
1171 843 1273 876 Aquino
1287 843 1381 867 habuit
1395 842 1466 867 circa
1482 842 1632 875 opinionem
1647 843 1765 874 ejusdem
1783 843 1815 867 de
1834 843 1934 867 unitate
1950 844 2057 867 formae.
2076 844 2129 869 unc

251 888 358 913 nonnisi
378 891 497 921 tempore
513 888 618 913 evenire
638 888 734 920 potnit,
759 888 865 921 quando
889 888 1004 912 Thomas
1025 888 1140 912 secundo
1161 887 1272 912 Parisiis
1293 887 1367 920 legit,
1390 887 1417 911 id
1440 890 1481 911 est
1504 895 1546 911 an.
1567 887 1715 912 1269-1271.
1732 887 1771 911 Cf.
1795 895 1877 919 supra
1898 891 1928 911 n⁰
1946 888 2001 916 447,
2018 896 2044 912 n.
2060 890 2083 912 5.
2101 901 2128 906 —-

252 934 278 958 3.
290 933 384 957 Nescio
403 941 438 957 an
455 941 495 962 eu,
516 941 584 966 quae
602 932 736 957 lohannes
751 933 784 956 de
805 941 833 956 se
852 933 911 965 ipso
930 934 1019 961 refert,
1039 932 1144 956 veritati
1165 932 1271 956 omnino
1291 932 1457 956 concordent.
1473 932 1572 956 Saltem
1592 931 1810 955 Bartholomaeus
1825 932 1857 955 de
1879 931 1979 964 Capua,
1994 932 2130 964 logotheta

253 977 329 1010 regui
347 977 463 1007 Siciliae.
481 977 508 1002 in
522 985 649 1010 processu
664 977 809 1001 canonisat.
826 977 943 1002 ‘rhomae
957 977 990 1001 de
1004 977 1106 1009 Aquino
1124 978 1262 1009 professus
1279 979 1320 1000 est
1334 985 1341 1000 :
1358 985 1371 1000 α
1386 985 1414 1000 se
1435 976 1570 1000 audivisse
1584 984 1599 1000 a
1614 976 1738 1008 pluribus
1753 976 1880 1000 fratribus
1900 976 2130 1000 Praedicatorihus

253 1022 305 1046 fido
319 1022 418 1054 dignis.
430 1022 501 1054 quod
515 1022 621 1054 quando
636 1021 706 1046 idem
723 1023 755 1046 fr.
771 1021 887 1046 Thomas
905 1029 957 1045 una
972 1021 1030 1046 vice
1044 1021 1199 1053 disputabat
1213 1021 1343 1049 Parisino,
1362 1021 1409 1044 ubi
1423 1024 1481 1044 erat
1499 1022 1531 1045 t'r.
1547 1020 1681 1045 Johunnes
1696 1021 1728 1044 de
1743 1020 1873 1045 Peckbam
1889 1021 1953 1045 Ord.
1970 1022 2030 1045 t'rat.
2046 1021 2131 1045 Mino-

253 1074 322 1095 rum,
337 1066 383 1099 qui
401 1066 451 1091 suit
470 1069 564 1099 postea
583 1066 800 1098 archiepiscopus
816 1066 952 1094 Cuntuar.,
968 1069 1200 1098 quantumcunque
1221 1065 1308 1089 dictus
1324 1067 1356 1089 fr.
1379 1065 1513 1089 ,lohannes
1532 1068 1701 1097 exasperaret
1715 1065 1826 1089 eundem
1842 1066 1873 1089 sr.
1891 1066 2019 1090 Thomam
2041 1065 2130 1089 verbis

252 1110 411 1143 ampullosis
421 1113 447 1135 et
461 1111 580 1139 tumidis,
594 1119 729 1143 nunquam
740 1113 828 1134 tamen
843 1110 901 1142 ipse
916 1111 948 1134 t'r.
960 1110 1076 1134 Thomas
1090 1109 1227 1134 restrinxit
1240 1109 1350 1133 verbnm
1363 1109 1531 1138 humilitatis,
1543 1109 1589 1133 sed
1600 1117 1705 1142 semper
1719 1118 1778 1133 cum
1789 1109 1927 1133 dulcedine
1942 1113 1968 1133 et
1982 1110 2131 1134 humilitate

253 1155 391 1188 respondit
411 1163 436 1180 ιο.
457 1157 517 1180 ΑΔ.
533 1155 595 1184 SS„
617 1155 694 1179 Hart-
709 1155 730 1183 1,
751 1155 806 1182 712.
827 1159 857 1178 n⁰
871 1155 909 1179 77.
926 1168 959 1173 —
972 1155 996 1178 4.
1012 1154 1136 1186 Legimus
1151 1154 1178 1178 in
1193 1154 1323 1179 Menum.
1344 1154 1499 1182 Francisc..
1515 1154 1556 1179 ed.
1573 1153 1688 1182 Brewer,
1703 1162 1730 1186 p.
1747 1154 1801 1183 552.
1817 1162 1877 1178 eum
1898 1154 1984 1186 primo
1999 1154 2130 1186 incepisse

253 1199 363 1224 Parisiis
379 1199 433 1230 (nbi
449 1203 519 1224 certe
532 1207 575 1224 an.
591 1200 661 1228 1269,
677 1200 718 1223 vel
733 1199 836 1223 duobus
859 1199 936 1223 annis
955 1199 1149 1231 posterioribus
1172 1202 1200 1222 ut
1219 1202 1279 1223 actu
1300 1206 1395 1230 regens
1410 1198 1583 1228 morabatur),
1599 1201 1692 1230 posteo
1706 1198 1884 1230 resumpsisse
1899 1199 2023 1227 Oxoniae,
2037 1199 2132 1222 deinde

256 1244 415 1276 magistrum
430 1244 574 1275 (lectorem)
589 1244 679 1268 curiae
694 1243 785 1274 fuisse,
803 1247 829 1267 et
847 1244 953 1267 demum
968 1243 1198 1275 archiepiscopum
1213 1243 1430 1267 Cnntuariensem
1445 1243 1526 1273 (1279,
1541 1243 1601 1266 Jun.
1617 1242 1664 1274 28).
1680 1256 1711 1261 —-
1726 1245 1748 1266 5.
1765 1243 1801 1267 De
1818 1243 1905 1267 Hales.
1921 1257 1953 1262 --
1966 1244 1989 1267 6.
2006 1243 2035 1267 ln
2050 1243 2133 1275 expli-

253 1288 338 1313 canda
353 1288 482 1312 sententia
495 1289 522 1313 S.
538 1288 678 1320 Augustini
692 1288 724 1312 de
737 1296 819 1320 supra
834 1288 924 1312 relatis
940 1288 1046 1311 scholae
1061 1287 1259 1312 Themistarum
1274 1290 1300 1311 et
1314 1287 1377 1312 Ord.
1390 1287 1521 1311 Minorum
1535 1287 1613 1311 istius
1628 1287 1686 1311 aevi
1701 1287 1895 1319 digrediuntur.
1907 1287 1999 1316 Quoad
2013 1287 2131 1311 scholam

254 1332 318 1357 Ord.
341 1332 404 1357 Min.
428 1333 462 1357 cr.
483 1332 526 1357 De
544 1332 690 1357 humanae
714 1331 883 1363 monitionis
906 1332 1021 1357 ratione
1046 1333 1183 1356 anecdota
1207 1332 1361 1362 quaedam,
1386 1331 1427 1355 ed.
1448 1339 1520 1355 cura
1532 1331 1582 1355 91³.
1606 1331 1717 1363 Collegii
1740 1339 1756 1355 a
1780 1332 1806 1355 S.
1823 1331 2020 1359 Bonuvvnturn:
2043 1332 2131 1364 quoad

254 1377 281 1401 S.
297 1376 427 1401 'rhomum
441 1377 501 1400 vide
515 1376 637 1405 Summ„
653 1377 664 1400 1
679 1385 707 1408 p.
723 1385 766 1408 qu.
783 1377 813 1399 84
829 1384 852 1400 a.
869 1378 897 1405 ὅς
913 1384 956 1408 qu.
974 1377 1012 1404 79,
1028 1384 1052 1400 a.
1069 1377 1092 1404 8,
1106 1377 1135 1404 9;
1151 1384 1195 1408 qu.
1213 1376 1267 1404 115,
1283 1384 1307 1399 a.
1324 1377 1346 1403 2,
1363 1379 1411 1400 etc.

255 1565 368 1605 524.
391 1573 582 1609 unimundus,
607 1573 701 1600 abbas
727 1576 754 1600 S.
787 1574 922 1600 Germani
943 1573 980 1600 de
1003 1574 1112 1608 Pratis,
1139 1577 1236 1600 notum
1265 1574 1349 1608 facit,
1375 1582 1407 1599 se
1431 1577 1577 1609 totumque
1599 1576 1761 1599 conventum
1787 1573 1815 1599 ιἰι
1840 1574 2129 1610 recompensationem

345 1623 544 1660 quodraginta
563 1622 628 1650 libr.
647 1626 752 1657 tumn„
777 1631 851 1659 quas
879 1622 1065 1650 Universitati
1087 1622 1252 1649 Parisiensi
1273 1623 1424 1649 occasione
1448 1622 1637 1648 contentionis
1661 1625 1742 1648 ortae
1767 1622 1841 1648 inter
1869 1622 2083 1648 Universimtem
2105 1625 2132 1648 et

343 1675 506 1700 conventum
522 1671 638 1699 tradere
651 1671 820 1706 debuerunt,
838 1671 985 1698 nundinas
999 1680 1070 1698 suas
1087 1671 1149 1707 regi
1163 1671 1320 1698 dimisisse.

1401 1747 1479 1778 1285.
1493 1755 1583 1774 mense
1596 1747 1678 1777 dunin.
1694 1746 1714 1782 [
1713 1747 1820 1774 Pet-hiis
1820 1746 1846 1782 J.

345 1832 538 1866 Universis
576 1838 769 1878 presentes
808 1831 947 1865 litteras
985 1831 1207 1877 inspecturis
1242 1831 1282 1864 R.
1319 1830 1562 1877 permissione
1601 1830 1723 1864 divina
1763 1830 1972 1864 monasterii
2013 1830 2131 1864 Sancti

256 1898 429 1934 Germani
455 1898 500 1932 de
525 1899 641 1933 Pratis
660 1899 762 1944 juxta
788 1898 949 1932 Parisius
969 1897 1081 1932 abbas
1101 1897 1251 1931 humilis
1272 1903 1444 1942 totusque
1464 1896 1629 1942 ejusdem
1656 1896 1726 1930 loci
1751 1903 1954 1931 conventus
1980 1896 2131 1930 salutem

257 1965 295 2000 in
319 1965 489 1999 Domino.
518 1966 650 2000 Notum
675 1965 828 1999 facimus
854 1964 953 2011 quod
978 1976 1059 1998 cum
1087 1976 1152 2010 per
1178 1963 1428 1998 definitionem
1455 1975 1520 1997 seu
1546 1963 1812 1997 ordinationem
1836 1963 2133 1997 excellentissimi

257 2031 396 2067 domini
416 2032 533 2066 nostri
554 2031 712 2078 Philippi
734 2032 800 2065 Dei
820 2031 935 2078 gratia
955 2031 1055 2077 regis
1077 2032 1297 2064 Francorum
1319 2042 1385 2076 pro
1407 2029 1562 2076 quodam
1584 2029 1722 2063 insultu
1748 2030 1843 2063 facto
1864 2042 1882 2063 a
1901 2029 2076 2076 gentibus
2101 2037 2135 2064 et

257 2097 468 2133 hominibus
493 2099 632 2134 nostris
657 2099 778 2134 Sancti
798 2098 971 2133 Germani
991 2098 1028 2131 in
1051 2097 1227 2143 quosdam
1249 2097 1405 2131 clericos
1425 2096 1675 2131 universitatis
1701 2095 1895 2130 scolarium
1922 2097 2134 2139 parisiens„

258 2164 295 2199 in
316 2177 390 2211 quo
410 2164 558 2211 quidem
579 2163 719 2217 insu-{tu
737 2165 812 2199 duo
832 2164 957 2199 clerici
972 2164 1152 2199 vulnerati
1173 2164 1323 2198 fuerunt
1342 2170 1379 2197 et
1398 2175 1442 2197 ex
1462 2163 1557 2197 dicta
1572 2162 1826 2197 vulneratione
1846 2162 2050 2205 obierunt',
2067 2175 2135 2197 nos

258 2237 295 2266 et
322 2230 479 2267 ecclesia
508 2238 632 2266 nostra
661 2238 850 2267 teneamur
883 2231 928 2266 ad
961 2230 1197 2266 assidendum
1229 2237 1265 2265 et
1298 2230 1559 2276 assignandum
1591 2229 1626 2263 xl
1657 2229 1770 2263 libras
1800 2229 1992 2276 parisiens.
2024 2230 2134 2263 annui

259 2297 426 2332 redditus
441 2297 484 2332 ad
501 2298 706 2332 fundandae
722 2310 788 2344 pro
804 2298 912 2332 dictis
933 2297 1078 2332 duobus
1099 2297 1244 2331 clericis
1264 2296 1467 2331 intersectis
1483 2296 1574 2330 duas
1589 2295 1808 2342 capellanias
1825 2302 1860 2329 et
1876 2295 2132 2337 instituendas,

258 2376 365 2399 unam
382 2363 555 2399 videlicet
569 2365 607 2398 in
622 2364 760 2411 capella
776 2364 890 2399 veteri
912 2363 1007 2398 beati
1028 2363 1173 2398 Martini
1188 2364 1290 2410 juxta
1311 2362 1503 2397 ecclesiam
1520 2369 1694 2405 nostram,
1712 2369 1748 2396 et
1762 2362 1908 2396 alteram
1927 2362 1963 2395 in
1980 2362 2134 2396 ecclesia

258 2430 393 2478 prioris
418 2437 454 2465 et
476 2431 626 2466 fratrum
648 2430 694 2466 de
712 2430 816 2466 Valle
842 2430 1042 2466 scolarium
1063 2429 1276 2471 Parisiens.‚
1299 2436 1406 2476 prout
1425 2428 1492 2462 hec
1518 2429 1555 2462 in
1580 2428 1712 2463 litteris
1737 2428 1874 2462 domini
1900 2428 1999 2474 regis
2024 2440 2136 2475 super

258 2497 353 2532 dicta
379 2497 610 2532 ordinatione
637 2497 814 2532 consectis
841 2497 986 2544 plenius
1013 2496 1268 2531 continentur¹
1295 2507 1303 2529 t
1332 2507 1400 2529 nos
1429 2507 1493 2541 pro
1522 2494 1629 2530 nobis
1658 2501 1694 2529 et
1720 2494 1874 2529 ecclesia
1902 2502 2025 2529 nostra
2052 2507 2133 2529 cum

258 2563 534 2599 venerabilibus
561 2571 661 2611 patre
689 2563 833 2598 Matheo
860 2563 989 2598 abbate
1017 2563 1138 2597 Sancti
1159 2562 1325 2609 Dionysii
1355 2562 1391 2596 in
1422 2561 1570 2595 Francia
1600 2568 1636 2595 et
1663 2560 1777 2595 nobili
1804 2562 1883 2596 viro
1914 2562 2060 2596 Simone
2089 2562 2134 2596 de

258 2630 402 2678 Nigella
423 2630 634 2666 tenentibus
653 2630 774 2664 locum
795 2630 934 2665 domini
955 2630 1055 2676 regis
1075 2629 1225 2664 Francie
1246 2641 1312 2676 pro
1333 2629 1414 2675 ipso
1435 2628 1583 2662 domino
1605 2640 1692 2675 rege
1714 2628 1861 2662 nominc
1886 2629 2003 2675 ipsius
2023 2641 2135 2675 agen-

258 2696 358 2732 tibus
386 2703 423 2731 et
449 2696 699 2737 tractantibus,
728 2697 991 2731 conventiones
1018 2696 1191 2731 inivimus
1218 2695 1309 2729 infra
1336 2694 1504 2741 scriptas,
1531 2694 1703 2729 videlicet
1729 2694 1826 2741 quod
1853 2695 1940 2729 dicti
1968 2701 2134 2729 tenentes

258 2767 380 2803 locum
402 2768 549 2803 nomine
570 2768 687 2815 ipsius
707 2768 845 2803 domini
867 2768 966 2815 regis
987 2774 1023 2802 et
1042 2779 1108 2814 pro
1130 2767 1211 2813 ipso
1233 2778 1298 2813 pro
1319 2766 1427 2801 dictis
1446 2765 1589 2800 duabus
1609 2765 1821 2812 capellaniis
1841 2766 1937 2800 dicte
1958 2766 2134 2800 universi·

258 2834 342 2869 tatis
367 2834 561 2869 scolarium
588 2835 784 2869 Parisiens.
807 2835 923 2869 dictas
942 2834 977 2868 xl
996 2833 1109 2868 libras
1129 2833 1240 2867 annui
1261 2832 1427 2867 redditus
1442 2834 1544 2879 juxta
1564 2832 1711 2867 modum
1733 2839 1769 2867 et
1788 2833 1937 2866 sormam
1966 2833 2001 2866 in
2026 2832 2134 2866 dictis

258 2899 392 2936 litteris
411 2913 524 2948 super
543 2902 638 2937 dicta
659 2901 889 2936 ordinatione
909 2900 1086 2935 consectis
1107 2899 1407 2946 comprehensam
1429 2899 1466 2933 in
1487 2898 1693 2933 redditibus
1715 2898 1852 2933 domini
1874 2899 1972 2944 regis
1995 2898 2135 2932 asside·-

259 2966 351 3002 bunt
374 2974 410 3002 et
434 2968 567 3003 sacient
591 2967 783 3003 assidet-U.
814 2969 857 3002 Et
877 2980 946 3002 nos
967 2974 1114 3015 pensata
1141 2973 1264 3001 nostra
1290 2973 1325 3001 et
1349 2965 1506 3001 ecclesie
1532 2972 1658 3000 nostre
1682 2965 1850 3006 utilitate,
1878 2977 1942 3011 pro
1969 2964 2075 2998 nobis
2101 2971 2136 3000 et
