2580 3528
476 418 542 452 678
1055 425 1375 448 CHARTULAMUM
1410 425 1599 447 UvaaRs.
1636 424 1767 446 PARls.

474 547 520 570 447
611 543 677 569 ¹27⁴
811 544 873 568 Maii
892 546 905 568 2
993 544 1158 568 Universitas
1177 543 1332 567 artistarum
1347 543 1488 567 Parisiens.
1506 543 1628 574 Capitulo
1644 542 1762 574 generali
1777 544 1890 567 fratrum
1904 543 2119 568 Praedicatorum
2138 544 2171 568 de
2189 543 2263 568 obitu

1023 589 1139 612 ‘rhomae
1154 589 1186 612 de
1200 588 1301 619 Aquino
1317 587 1410 611 scribit
1424 595 1573 619 corpusque
1588 590 1614 610 et
1626 587 1729 619 aliquos
1744 587 1828 611 libros
1842 587 2042 620 philosophicos
2056 588 2175 620 ejusdem
2187 589 2262 620 petit.
2308 590 2354 614 504

474 651 521 673 448
631 661 661 665 -
753 647 863 679 Augusti
886 655 909 670 a.
934 647 963 670 15
993 646 1130 670 Primaeva
1143 647 1247 669 Statuta
1260 646 1353 669 domus
1367 645 1502 669 Sorbonae
1505 662 2263 672 ..............................
2308 649 2354 671 5⁰⁶

473 709 521 731 449
631 719 662 722 —
766 705 949 729 Novembris1
993 704 1120 735 Epistola,
1144 712 1196 735 qua
1218 703 1362 735 Gregorius
1384 703 1404 726 X
1427 711 1488 726 suas
1511 703 1538 726 in
1559 702 1676 726 Concilio
1698 703 1868 735 Lugdunensi
1888 704 1912 728 11
1930 694 2114 736 promulgatas
2134 704 2265 729 Constitu-

1022 748 1106 771 tiones
1127 747 1300 771 Universitati
1318 747 1461 771 Parisiensi
1479 747 1637 771 transmittit
1639 764 2264 774 .........................
2309 749 2354 774 514

475 812 521 834 450
631 822 661 825 —
787 806 927 831 Novembri
992 805 1135 829 Gaufridus
1155 806 1187 829 dc
1206 806 1289 829 Barro
1307 809 1398 828 notum
1419 805 1481 829 facit
1501 814 1528 828 sc
1547 805 1616 828 bona
1637 805 1726 829 omnia
1746 814 1859 838 quorum
1876 806 1969 830 haeres
1986 814 2002 830 a
2017 806 2102 831 bonae
2122 806 2265 831 memoriae

1022 850 1135 874 Roberto
1157 850 1189 873 de
1209 850 1328 873 Sorbona
1347 850 1506 873 constitutus
1526 851 1619 878 fuerat,
1635 850 1836 882 congregationi
1849 859 1998 883 pauperum
2012 851 2180 875 Scholarium
2193 851 2265 884 ejus-

1022 894 1081 917 dem
1101 894 1209 918 Roberti
1227 894 1325 917 donare
1329 911 2264 922 .....................................
2309 896 2356 920 515

473 953 517 976 451
630 964 660 967 --
752 966 959 972 .........
991 952 1129 976 Ordinatio
1143 961 1159 975 a
1174 952 1310 984 magistris
1327 952 1460 976 facultatis
1476 952 1620 976 medicinae
1637 954 1706 976 facta
1720 953 1752 976 de
1766 953 1903 985 magistris
1917 953 2113 983 decedentibus,
2129 954 2161 978 de
2176 953 2266 986 sig-illo

1023 997 1156 1020 facultatis
1176 1000 1202 1020 et
1221 997 1253 1020 de
1272 996 1431 1020 lectionibus
1434 1014 2264 1023 .................................
2306 999 2357 1024 ’516

474 1055 519 1078 452
568 1051 717 1078 1270-1274
752 1067 960 1074 ·········
991 1053 1143 1085 Capitulum
1156 1062 1247 1077 eorum
1262 1054 1295 1077 ad
1311 1062 1378 1086 quae
1391 1057 1514 1078 tenentur
1526 1063 1634 1078 cursam
1648 1055 1765 1087 incipere
1778 1055 1895 1079 volentes
1899 1073 2265 1080 ...............
2309 1057 2357 1082 518

473 1113 520 1135 453
567 1105 569 1107 .
629 1124 659 1128 —
751 1125 960 1132 ·········
991 1111 1143 1143 Capitulum
1163 1120 1254 1135 eorum
1269 1112 1302 1135 ad
1318 1120 1385 1144 quae
1399 1115 1522 1136 tenentur
1535 1112 1576 1136 illi
1593 1113 1639 1145 qui
1653 1113 1746 1137 volunt
1763 1113 1895 1138 licentiori
1915 1113 1941 1137 iu
1961 1113 2091 1137 medicina
2105 1113 2225 1143 Parisiis,
2241 1117 2267 1138 et

1021 1156 1053 1179 de
1068 1156 1145 1180 libris
1158 1156 1297 1180 audiendis
1301 1173 2266 1184 ......................................
2309 1159 2357 1185 517

474 1215 519 1237 454
629 1227 658 1230 —
751 1228 960 1234 ·········
990 1214 1142 1246 Capitulum
1157 1223 1249 1238 eorum
1262 1215 1296 1238 ad
1311 1223 1379 1247 quae
1393 1218 1515 1239 tenentur
1529 1215 1678 1239 baccalarei
1692 1216 1719 1239 in
1734 1216 1865 1240 medicina
1879 1216 1996 1248 incipere
2010 1216 2128 1240 volentes
2131 1233 2266 1241 ......
2310 1217 2356 1243 517

473 1273 519 1295 455
631 1284 658 1288 -
751 1286 960 1292 .........
990 1272 1142 1304 Capitulum
1160 1273 1192 1296 de
1208 1273 1324 1305 antiquis
1342 1273 1578 1298 consuetudinibus
1597 1277 1623 1298 et
1641 1273 1853 1298 ordinationibus
1873 1274 2064 1306 magistrorum
2079 1274 2108 1298 in
2126 1274 2264 1299 medicina.
2311 1275 2358 1300 518

473 1335 519 1357 456
629 1346 659 1350 —-
750 1348 960 1355 .........
991 1335 1095 1359 Statuta
1110 1343 1176 1367 quae
1191 1335 1218 1359 in
1233 1336 1358 1359 facultate
1372 1336 1518 1360 medicinae
1532 1336 1671 1360 observari
1685 1336 1782 1360 dehent
1790 1354 2266 1362 ...................
2310 1338 2358 1363 518

472 1397 518 1419 457
610 1394 675 1420 1275
780 1393 900 1417 ιῙΜΠΙΜὶἰ
919 1396 932 1416 5
990 1397 1112 1429 Gregorii
1125 1398 1145 1421 X
1155 1397 1259 1421 litterae
1271 1398 1305 1421 ad
1317 1398 1488 1422 Guillelmum
1501 1398 1668 1430 provisorem
1680 1401 1706 1422 et
1718 1398 1862 1431 magistros
1875 1399 1970 1423 domus
1983 1399 2015 1423 de
2029 1399 2158 1428 Sorboaa,
2169 1399 2266 1431 quibus

1021 1442 1141 1465 concedit
1154 1451 1187 1465 ne
1202 1445 1275 1466 extra
1289 1442 1423 1466 civitatem
1437 1442 1616 1466 Parisiensem
1630 1442 1657 1466 in
1669 1443 1713 1475 jus
1733 1443 1875 1467 trahantur
1890 1451 1971 1475 super
1985 1443 2062 1467 honis
2078 1451 2145 1475 quae
2158 1443 2266 1468 habent.
2311 1446 2357 1470 518

472 1509 518 1531 45⁸
628 1520 659 1524 .-
827 1514 854 1518 -
919 1503 933 1525 5
990 1504 1112 1536 Gregorii
1127 1505 1148 1528 X
1162 1504 1266 1528 litterae
1280 1505 1314 1528 ad
1329 1504 1501 1529 Guillelmum
1512 1505 1678 1537 provisorem
1691 1508 1717 1529 et
1729 1505 1872 1537 magistros
1887 1506 1981 1529 domus
1997 1506 2140 1534 Sorbonae,
2155 1508 2184 1529 ut
2197 1505 2267 1529 bona

1022 1549 1088 1580 ipsis
1115 1557 1130 1572 a
1156 1549 1286 1581 magistro
1313 1549 1450 1578 Gauri-ido,
1475 1550 1574 1573 decano
1598 1549 1752 1579 Parisiensi,
1777 1550 1884 1579 collata,
1909 1550 2032 1580 vendere,
2056 1550 2182 1579 alienare,
2205 1555 2266 1581 etc„

1021 1602 1190 1626 nequaquam
1213 1594 1272 1625 cogi
1296 1594 1401 1625 possint
1403 1611 2266 1620 ..................................
2311 1596 2358 1622 519

472 1660 519 1682 459
629 1670 659 1674 —
827 1666 857 1670 —
919 1655 933 1676 5
990 1656 1113 1688 Gregorii
1128 1657 1149 1680 X
1163 1656 1267 1680 litterae
1282 1657 1316 1680 ad
1331 1656 1474 1686 Simonem,
1491 1657 1653 1688 apostolicae
1669 1657 1739 1681 sedis
1753 1657 1881 1689 legatum,
1897 1657 1929 1684 de
1942 1657 2034 1681 eodem
2048 1660 2214 1690 argumento.
2233 1674 2240 1681 .
2258 1676 2266 1683 .
2312 1659 2358 1684 520

473 1722 519 1744 460
628 1733 658 1736 -
811 1715 871 1738 Maii
888 1717 900 1739 7
991 1718 1106 1742 Simonis
1122 1718 1284 1750 apostolicae
1299 1719 1369 1742 sedis
1384 1718 1467 1750 legati
1478 1718 1591 1748 litterae,
1607 1719 1704 1751 quibus
1720 1720 1753 1743 ad
1767 1720 1900 1752 placanda
1912 1727 1981 1744 nova
1995 1719 2108 1743 dissidia
2119 1719 2188 1744 inter
2202 1728 2268 1752 qua-

1021 1767 1082 1787 tuor
1101 1763 1220 1787 nationes
1240 1763 1396 1787 artistarum
1410 1767 1501 1787 exorta
1515 1767 1653 1793 rectorem,
1669 1767 1857 1796 procuratores
1872 1767 1898 1788 et
1912 1764 2030 1788 bedellos
2045 1764 2161 1796 eligendi
2177 1767 2268 1796 potes-

1021 1811 1102 1831 tatem
1124 1808 1175 1831 sibi
1196 1808 1246 1831 hac
1265 1807 1321 1831 vice
1341 1808 1459 1832 vindicat
1480 1808 1584 1840 aliaque
1606 1809 1707 1838 definit,
1729 1812 1755 1832 et
1775 1809 1883 1833 Petrum
1902 1809 1934 1833 de
1953 1809 2077 1833 Alvernia
2095 1808 2277 1833 Universitati'

1021 1853 1141 1884 praeficit
1155 1856 1283 1876 rectorem
1288 1870 2267 1879 ......................................
2312 1856 2357 1881 521

472 1918 516 1941 461
628 1931 658 1933 -
764 1916 914 1940 Decembris
932 1918 946 1939 5
990 1915 1128 1939 Ordinatio
1149 1915 1283 1939 facultatis
1299 1915 1396 1939 artium
1412 1915 1444 1939 de
1459 1914 1707 1945 determinantihus,
1723 1916 1755 1940 de
1770 1915 1933 1940 haccalareis
1949 1919 1974 1940 et
1988 1916 2020 1940 de
2035 1916 2188 1948 magistris.
2208 1933 2215 1940 .
2234 1933 2240 1940 .
2259 1933 2266 1940 .
2312 1919 2358 1943 530

472 1980 518 2002 462
628 1993 658 1996 -—
828 1992 859 1996 —-
931 1980 945 2001 8
990 1978 1128 2002 Ordinatio
1149 1978 1336 2002 Universitatis
1352 1978 1511 2002 Parisiensis
1526 1979 1559 2002 ds
1573 1978 1692 2002 librariis
1708 1978 1764 2002 sive
1779 1978 1943 2003 stationariis
1947 1995 2268 2003 .............
2275 2012 2277 2015 r
2311 1981 2358 2007 m

472 2043 518 2064 463
630 2055 656 2059 —-
788 2041 924 2064 Deccmbri
990 2040 1120 2064 officialis
1136 2040 1225 2064 curiae
1239 2040 1399 2064 Parisiensis
1415 2044 1491 2064 notas
1507 2041 1572 2065 facit
1585 2041 1652 2064 duas
1667 2040 1774 2065 chartas
1790 2041 1818 2064 in
1835 2042 1953 2065 favorem
1972 2041 2081 2065 Roberti
2095 2041 2128 2065 de
2143 2021 2278 2067 Sorbona·¹

1021 2094 1052 2109 ex
1066 2086 1141 2117 cujus
1155 2088 1312 2109 testamento
1328 2086 1360 2109 de
1375 2085 1430 2109 suis
1446 2085 1523 2109 bonis
1538 2085 1683 2109 mobilibus
1697 2086 1827 2118 quasdam
1843 2086 1977 2109 clausulas
1992 2086 2069 2109 affert
2071 2103 2268 2110 ........
2276 2101 2277 2119 i
2312 2087 2359 2113 584

472 2149 518 2171 464
630 2162 658 2165 -
750 2165 959 2172 .........
990 2148 1119 2171 Fundatio
1139 2147 1250 2179 collegii
1271 2148 1366 2171 Daciae
1369 2165 2268 2172 ...................................
2275 2183 2278 2187 .
2312 2151 2359 2175 m

472 2211 519 2234 465
567 2209 716 2235 1259-1275
750 2227 960 2234 .........
991 2211 1115 2234 Summus
1132 2210 1250 2242 pontifex
1264 2210 1452 2234 cancellarium
1467 2210 1643 2234 Parisiensem
1658 2211 1780 2234 hortatur
1795 2214 1824 2235 ut
1839 2212 1871 2235 fr*
1887 2210 2002 2235 Johanni
2022 2211 2054 2234 de
2073 2210 2188 2239 Lixiaco,
2204 2193 2279 2246 Clu-2

1021 2254 1153 2278 niacensis
1169 2254 1286 2283 Ordinis,
1302 2254 1436 2278 licentiam
1451 2254 1479 2278 in
1493 2254 1627 2287 theologia
1642 2255 1752 2287 regendi
1766 2255 1867 2279 tribuat
1870 2271 2269 2280 ................
2277 2283 2279 2286 ⁴
2310 2258 2360 2282 m

473 2318 520 2340 466
610 2315 678 2341 1276
792 2317 919 2341 ,ianuario
991 2317 1131 2349 Philippus
1151 2318 1198 2346 Ill,
1213 2318 1376 2341 Francorum
1395 2326 1450 2346 rex,
1470 2321 1562 2341 notum
1583 2317 1646 2342 facit
1664 2326 1692 2342 se
1711 2318 1814 2342 litteras
1834 2317 1933 2342 vidisse
1953 2318 2050 2350 quibus
2069 2317 2217 2342 Ludovious
2236 2312 2279 2353 lx}

1022 2362 1188 2393 recognoscit
1206 2362 1349 2394 privilegia
1367 2362 1504 2394 magistris
1525 2365 1550 2386 et
1570 2362 1738 2386 scholaribus
1758 2362 1955 2387 Parisiensibus
1974 2371 1990 2386 a
2008 2362 2132 2395 Philippo
2151 2358 2280 2398 Augusto}

1022 2415 1147 2430 concessa
1156 2424 1163 2430 .
1188 2424 2269 2432 ..........................................
2275 2404 2279 2435 i
2314 2408 2361 2433 538

475 2468 519 2490 467
630 2479 661 2484 -
802 2469 867 2493 Julii
882 2470 911 2492 27
992 2469 1133 2500 Philippus
1147 2470 1193 2497 111,
1207 2470 1369 2492 Francorum
1383 2477 1436 2498 rex,
1449 2469 1604 2501 praeposito
1617 2469 1761 2493 Parisiensi
1776 2470 1885 2494 mandat
1898 2473 1928 2494 ut
1940 2469 2083 2502 magistros
2097 2473 2123 2493 et
2134 2463 2279 2494 scholares

1023 2513 1166 2538 Parisiens.
1187 2514 1220 2537 ab
1239 2513 1346 2545 injustis
1361 2514 1494 2538 violentiis
1510 2514 1633 2538 defendat
1636 2531 2270 2539 .........................
2315 2515 2361 2540 588

476 2573 521 2596 [168
631 2585 662 2589 -
761 2575 925 2607 Septembris
941 2576 955 2599 2
993 2576 1130 2600 Ordinatio
1149 2576 1336 2600 Universitatis
1356 2576 1525 2607 Parisiensis,
1540 2585 1572 2601 ne
1587 2577 1710 2609 magistri
1725 2580 1750 2601 et
1764 2577 1913 2601 baccalarei
1927 2577 1954 2601 in
1968 2577 2033 2601 locis
2048 2577 2161 2609 privatis
2176 2576 2279 2608 libros„

1024 2620 1139 2652 exceptis
1155 2621 1402 2652 grammaticalibus
1417 2624 1443 2645 et
1459 2621 1625 2652 legionibus,
1642 2621 1741 2653 legant.
1766 2638 2270 2646 ....................
2276 2613 2280 2671 ἑ
2315 2622 2361 2646 538

477 2679 523 2701 469
632 2691 662 2694 -
758 2682 913 2705 Novembris
930 2683 958 2705 14
993 2682 1161 2712 Guillelmus,
1173 2683 1375 2707 archidiaconus
1387 2684 1513 2707 ecclesiae
1522 2683 1693 2713 Parisiensis,
1704 2686 1795 2708 notum
1809 2684 1872 2708 facit
1884 2684 2044 2716 magistrum
2053 2683 2225 2708 Guillelmum
2239 2679 2279 2707 de*

1024 2727 1284 2751 Monte-Morenciaco
1298 2728 1410 2751 electum
1423 2728 1506 2752 fuisse
1516 2728 1543 2752 in
1554 2728 1721 2760 provisorem
1731 2737 1882 2761 pauperum
1894 2728 2085 2760 magistrorum
2097 2728 2129 2752 de
2141 2728 2279 2753 Sorbona.'
2315 2729 2362 2752 5³9

477 2786 524 2808 470
635 2797 662 2801 --
771 2788 920 2811 Decembris
936 2790 950 2811 6
995 2789 1085 2812 Simon
1100 2790 1203 2821 legatus
1220 2790 1428 2814 excommunicat
1442 2790 1503 2814 illos
1519 2791 1564 2823 qui
1580 2781 1606 2814 in
1627 2792 1693 2815 festo
1708 2790 1820 2823 alicujus
1841 2790 1956 2814 nationis
1970 2790 2070 2814 ducunt
2083 2790 2190 2822 publice
2207 2789 2271 2814 cho-

1026 2841 1093 2862 reas,
1109 2837 1217 2865 portant
1237 2842 1321 2863 arma,
1338 2835 1437 2859 fuciunt
1456 2835 1671 2864 comessationes,
1688 2835 1715 2859 in
1734 2835 1853 2859 ecclesiis
1873 2835 1907 2858 ad
1925 2834 2032 2858 taxillus
2047 2835 2148 2858 ‘ludunt
2166 2833 2279 2867 aliaquel

1026 2878 1139 2901 nefanda
1158 2881 1323 2910 perpetrant.
1348 2896 2270 2903 ....................................
2275 2911 2280 2931 ³
2315 2880 2362 2903 540

478 2935 521 2958 471
616 2933 680 2959 1277
780 2938 899 2961 Jnnuarii
916 2939 944 2961 18
996 2939 1128 2963 lohannes
1144 2941 1199 2963 XXI
1215 2941 1349 2972 Stephano
1365 2941 1490 2973 episcopo
1502 2941 1649 2965 Parisiensi
1666 2941 1759 2965 scribit
1773 2944 1802 2965 ut
1816 2941 1848 2965 de
1863 2941 1998 2965 erroribus
2015 2945 2107 2965 contra
2122 2941 2210 2970 fldem,
2226 2936 2280 2987 qui}

1028 2984 1137 3007 Parisiis
1150 2985 1183 3007 de
1195 2992 1263 3007 novo
1278 2986 1412 3016 pullulare
1427 2986 1560 3014 dicuntur,
1574 2986 1692 3018 inquirat
1694 3003 2270 3011 .......................
2275 3002 2279 3026 i
2316 2986 2359 3010 5!ss
