2580 3528
272 433 369 474 1224]
612 441 659 463 AB
693 441 800 463 Auno
834 441 912 463 mcc
946 441 1078 469 usqum:
1112 441 1161 463 An
1196 441 1424 463 PniLirruu
1459 442 1500 463 iv
1534 441 1623 464 nse.
1660 442 1796 465 nuuc.
2084 433 2147 466 105

269 516 469 550 efficiantur
488 515 627 556 faciles,
644 521 681 549 et
699 514 764 557 hii,
786 515 848 560 qui
869 514 964 548 bone
984 514 1182 549 voluntatis
1199 515 1427 560 propositum
1444 522 1704 561 conceperunt,
1727 516 1958 549 inveniantur
1979 516 2015 549 in
2037 528 2145 562 opera

269 582 433 617 efficaces
467 589 504 616 et
535 582 580 616 ad
612 582 721 616 vitam
756 588 1035 628 perseveranter
1068 581 1259 628 proficiant
1292 582 1562 628 sempiternam.
1602 582 1740 617 Valete.
1778 583 1941 616 Salutant
1974 590 2007 616 te
2037 584 2146 616 frater

269 649 376 683 Erch.
393 650 432 694 (ἶν’)
456 655 493 683 et
515 649 626 683 frater
653 648 850 683 Johannes.
883 648 1003 683 Saluta
1032 648 1137 682 etiam
1166 661 1363 683 conversas
1389 656 1512 683 sancte
1538 650 1706 695 Agnetis,
1737 649 1932 683 familiares
1957 649 2038 683 illas
2064 650 2145 683 dico

269 716 435 750 dominas
456 723 493 750 et
511 716 657 750 amicas.
679 715 781 751 Vale.

361 814 425 839 cod.
450 814 556 847 epistol.
583 815 706 847 magistri
729 815 840 839 soi-dani
862 815 998 847 pertinens
1022 815 1056 838 ad
1079 814 1142 839 Ord.
1167 815 1260 838 Praed.
1286 815 1365 847 (suec.
1390 815 1524 846 xv-XVI),
1549 819 1578 838 11⁰
1601 816 1639 839 35.
1664 814 1810 847 originale,
1829 815 1893 839 olim
1914 819 2100 839 conservatum
2119 815 2146 838 in

268 859 428 883 monasterio
443 859 470 883 S.
487 859 595 891 Agnetis
610 859 720 888 Bonum,
737 868 789 883 uon
811 862 896 883 exstat
913 859 1038 891 amplius.
1055 859 1084 883 ln
1104 862 1194 883 nostro
1214 868 1262 883 ms.
1280 860 1408 891 epistolae
1423 863 1531 883 sumunt
1550 859 1655 883 initium
1670 868 1685 883 a
1700 868 1726 891 p.
1743 862 1766 888 5,
1783 860 1828 883 ubi
1847 860 1946 892 legitur
1962 869 1967 883 :
1987 868 1998 883 ((
2014 860 2065 884 Istc
2085 863 2147 883 sunt

268 903 388 936 epistole,
404 912 471 936 quos
487 904 561 928 misit
574 904 702 936 magister
717 903 842 928 Jordanis
857 904 913 928 ord.
927 905 1040 928 fratrum
1054 904 1269 928 praedicatorum
1284 904 1369 928 sorori
1383 905 1472 936 Dyane
1488 904 1630 928 fundatrici
1645 904 1717 928 illius
1729 905 1882 928 monasterii
1897 908 1923 929 et
1937 904 1997 928 aliis
2008 904 2146 928 sororibus

267 949 391 973 omnibus
411 957 434 973 ιο.
456 949 554 974 Omnes
575 949 704 981 epistolae
727 953 818 973 carent
840 952 902 973 nota
923 949 1060 981 temporis.
1082 949 1137 973 Hae
1161 953 1187 973 et
1210 953 1349 981 sequentes
1369 949 1472 973 litterae
1493 949 1604 973 ,lon-dani
1623 958 1675 982 quo
1694 953 1812 982 tempore
1833 950 1910 974 datae
1931 950 1985 974 sint
2009 950 2148 981 indagavit

267 994 295 1018 Ρ,
309 993 400 1018 Ceslns
411 993 544 1026 Bayonne.
555 1008 587 1012 —
597 994 665 1018 Bibl.
678 994 801 1018 Casanut.
814 994 844 1018 D.
857 994 899 1023 IV,
911 995 949 1022 24,
962 998 990 1017 n⁰
1000 995 1038 1018 35.
1051 995 1158 1019 Lettres
1172 995 1212 1018 du
1227 995 1260 1019 Β.
1270 994 1413 1019 Jourdaz'n
1427 995 1461 1018 de
1473 994 1556 1023 Suoee,
1572 1003 1622 1026 pur
1636 994 1664 1018 C.
1676 994 1808 1026 Bnyonm,
1820 1003 1847 1026 p.
1859 995 1898 1023 22,
1914 1001 1942 1018 n⁰
1953 995 1975 1018 7.
1987 1008 2018 1012 —
2027 994 2146 1023 Quanto-

267 1046 330 1070 pere
349 1038 478 1071 magister
496 1039 630 1063 soi-danus
650 1039 683 1062 ad
703 1038 910 1063 Universitatem
930 1038 1106 1062 Pnrisiensem
1126 1038 1236 1062 attineat
1254 1038 1314 1062 vide
1334 1038 1552 1067 Qufitit—Echard,
1573 1038 1675 1070 Script.
1697 1040 1762 1064 ord.
1782 1039 1896 1067 Praeti„
1911 1039 1932 1068 Ῑ,
1948 1040 1987 1063 97.
2003 1038 2146 1071 Magistros

267 1086 294 1107 et
307 1082 442 1107 scholares
458 1083 622 1108 Parisienses
637 1084 672 1107 ud
691 1083 890 1115 suscipiendum
905 1083 1026 1107 habitum
1041 1091 1093 1107 non
1109 1083 1195 1107 solum
1210 1083 1424 1107 Praedicatorum
1439 1083 1486 1107 sed
1500 1083 1580 1107 etiam
1595 1083 1726 1107 Minorum
1742 1083 1886 1112 induxisse,
1902 1083 2001 1107 scimus
2016 1092 2030 1107 e
2045 1083 2147 1107 Thomu

267 1128 299 1151 de
315 1128 461 1158 Eccleston,
476 1129 516 1153 De
527 1130 662 1153 Adventu
679 1128 829 1153 Minoi-um
844 1128 874 1153 in
887 1128 1031 1159 Anqliam,
1048 1128 1088 1151 ed.
1106 1128 1220 1156 Brewer,
1237 1136 1263 1160 p.
1279 1128 1317 1151 22.

265 1322 346 1360 48.
370 1332 515 1358 Honorius
529 1333 577 1358 III
590 1331 735 1368 Stephano
755 1330 973 1367 archiepiscopo
995 1331 1200 1357 Cantuariensi
1218 1331 1339 1357 mandat
1359 1335 1389 1357 ut
1409 1332 1546 1366 magistro
1568 1330 1705 1357 Michaeli
1725 1333 1828 1366 Scotto,
1847 1332 1898 1367 qui
1912 1332 1986 1358 inter
2001 1331 2145 1358 litteratos

354 1380 428 1407 dono
444 1381 517 1416 viget
530 1380 671 1407 scientiae
685 1379 838 1415 singulari,
856 1380 885 1406 in
897 1380 1046 1416 provincia
1061 1388 1116 1406 sua
1132 1379 1359 1406 ecclesiasticum
1376 1380 1543 1415 beneficium
1560 1381 1699 1414 conserat.

1455 1470 1530 1499 1224.
1545 1470 1665 1496 ιΙαΙιυαΙ-Ῐί
1677 1470 1716 1499 16,
1732 1470 1859 1496 Laterani.

314 1585 335 1591 ..
362 1557 652 1604 Archiepiscopo
677 1557 932 1592 Cantuariensi
961 1564 1085 1592 sancte
1107 1559 1267 1591 Romane
1297 1557 1453 1591 ecclesie
1482 1557 1669 1591 cardinali.
1699 1559 1751 1591 De
1781 1558 1993 1603 provisione
2023 1558 2146 1591 dilecti

266 1625 332 1658 filii
366 1625 531 1671 magistri
572 1624 762 1658 Michaelis
794 1625 923 1666 Scoti¹,
958 1625 1064 1670 cujus
1099 1625 1295 1658 eminentis
1330 1625 1483 1658 scientie
1523 1624 1651 1658 titulus
1694 1625 1739 1658 de
1773 1625 1853 1670 ipso
1896 1625 2144 1658 testimonium

269 1691 449 1738 perhibet,
471 1692 570 1738 quod
590 1692 686 1726 inter
704 1691 883 1726 litteratos
903 1691 995 1725 alios
1015 1691 1112 1725 dono
1132 1692 1254 1738 vigeat
1274 1692 1426 1725 scientie
1447 1691 1640 1738 singulari,
1662 1692 1774 1737 patris
1795 1692 1923 1725 intimo
1943 1692 2147 1738 cogitantes

266 1759 410 1801 affectu,
438 1771 504 1805 pro
531 1771 575 1792 eo
603 1758 684 1800 tibi,
706 1759 767 1805 qui
793 1759 890 1792 inter
913 1765 1057 1793 ceteros
1080 1771 1145 1804 per
1170 1758 1296 1792 orbem
1322 1759 1475 1792 scientia
1499 1759 1664 1804 preditos
1691 1759 1866 1792 eminenti
1891 1759 2092 1792 litteratura
2112 1766 2148 1792 et

268 1826 519 1873 profundioris
552 1826 781 1872 prerogativa
809 1826 974 1859 doctrine
1001 1838 1187 1868 coruscas,
1213 1825 1431 1860 fiducialiter
1455 1826 1646 1860 affectione
1667 1825 1772 1872 plena
1797 1826 1992 1872 dirigimus
2013 1826 2146 1872 scripta

267 1900 391 1927 nostra
420 1893 559 1943 firmam
589 1905 692 1939 spem
721 1893 964 1939 fiduciamque
992 1899 1173 1934 tenentes,
1204 1893 1302 1939 quod
1330 1892 1467 1939 probos
1494 1892 1650 1926 clericos
1675 1893 1808 1938 diligas
1831 1900 1867 1926 et
1892 1893 2086 1926 delecteris
2109 1893 2146 1926 in

266 1960 354 2003 illis,
375 1972 416 1994 ac
436 1972 502 2006 per
523 1959 591 1994 hoc
617 1960 661 1994 ad
683 1960 950 2006 providendum
975 1967 1072 1994 tante
1098 1960 1250 1994 scientie
1271 1960 1406 1994 clerico
1428 1967 1618 2006 promptus
1639 1967 1675 1993 et
1695 1960 1812 1994 facilis
1833 1960 1990 1994 inveniri
2011 1959 2146 1994 debeas

266 2039 331 2074 per
368 2027 539 2074 teipsum.
571 2027 749 2070 Quocirca
782 2027 997 2061 fraternitati
1024 2034 1084 2060 tue
1110 2039 1175 2073 per
1204 2027 1403 2073 apostolica
1444 2027 1578 2073 scripta
1613 2027 1839 2069 mandamus,
1870 2027 2041 2073 quatinus
2075 2034 2144 2061 tam

265 2094 466 2129 liberaliter
498 2107 604 2140 quam
644 2094 802 2128 libenter
840 2094 1004 2140 predicto
1039 2095 1213 2140 magistro
1248 2094 1340 2128 infra
1375 2094 1596 2140 provinciam
1637 2101 1732 2128 tuam
1771 2095 1982 2128 auctoritate
2022 2101 2145 2128 nostra

266 2161 459 2208 provideas
486 2161 524 2194 in
550 2161 744 2202 beneficio,
774 2161 874 2207 quod
900 2161 1091 2207 recipienti
1116 2168 1295 2207 congruat
1320 2168 1356 2195 et
1381 2161 1507 2195 deceat
1534 2161 1800 2207 providentem,
1822 2161 1870 2195 ita
1894 2161 1992 2207 quod
2013 2173 2056 2195 ex
2076 2161 2144 2194 hoc

266 2228 497 2263 devotionem
520 2234 556 2262 et
580 2227 806 2274 diligentiam
832 2235 927 2262 tuam
949 2228 986 2261 in
1007 2228 1164 2262 Domino
1189 2228 1444 2262 commendare
1470 2228 1669 2274 possimus,
1691 2235 1727 2262 et
1746 2240 1814 2262 nos
1836 2228 1926 2262 illud
1947 2228 2144 2262 habeamus

264 2301 465 2341 acceptum,
487 2295 548 2341 qui
569 2294 752 2329 nollemus
776 2295 940 2337 omnino,
961 2295 1059 2341 quod
1081 2295 1200 2329 dictus
1221 2295 1408 2341 magister,
1429 2295 1491 2341 qui
1513 2295 1712 2340 majoribus
1733 2295 1869 2341 dignus
1894 2302 2005 2335 esset,
2026 2295 2142 2341 gratie

267 2368 391 2396 nostre
419 2373 490 2408 que
518 2367 704 2407 reputatur
725 2361 758 2395 ei
778 2361 940 2395 debitum
966 2362 1203 2396 frustraretur
1228 2362 1371 2396 effectu.
1400 2362 1698 2396 Contradictores
1725 2368 1843 2395 autem
1866 2374 1930 2407 per
1949 2373 2141 2395 censuram

267 2429 551 2463 ecclesiasticam
582 2427 824 2474 appellatione
858 2435 995 2462 remota
1034 2440 1259 2474 compescas.
1296 2430 1374 2462 Dat.
1411 2429 1576 2462 Laterani
1611 2429 1681 2473 xvij
1718 2428 1787 2462 kal.
1818 2427 2017 2470 Februarii,
2046 2440 2141 2462 anno

264 2502 403 2530 octavo.

359 2594 423 2627 Reg.
441 2594 498 2618 vm..
515 2594 625 2619 Bouorii
641 2594 678 2619 111
693 2602 736 2618 sn.
751 2595 774 2622 8,
791 2602 833 2627 ep.
849 2594 904 2623 170,
921 2594 965 2619 101.
983 2593 1053 2618 135¹».

359 2679 380 2703 1.
404 2679 532 2712 Magistro
557 2679 678 2704 Michaeli
700 2679 799 2710 Scotto,
823 2679 869 2712 qui
892 2679 919 2703 in
943 2679 1047 2711 Angliu,
1073 2678 1192 2707 Parisiis,
1217 2678 1301 2703 Toleti
1326 2677 1421 2702 studiis
1440 2685 1548 2710 operam
1568 2677 1658 2706 dabat,
1682 2677 1801 2710 plurium
1825 2677 1963 2707 libi-orum,
1984 2678 2140 2710 praesertim

265 2723 423 2754 Aristotelis,
434 2732 467 2748 ex
481 2724 606 2748 hebraico
617 2727 643 2748 et
657 2723 764 2748 arabico
774 2724 960 2748 translationes
972 2723 1109 2753 debentur,
1121 2731 1188 2756 quae
1203 2723 1230 2747 in
1244 2731 1294 2747 usu
1305 2723 1442 2747 doctorum
1452 2722 1525 2746 illius
1536 2722 1663 2755 temporis
1673 2725 1756 2746 erant.
1769 2722 1808 2746 Cf.
1820 2722 1958 2751 Jourdain,
1970 2723 2141 2749 Becher-chus

267 2768 399 2800 meiquea
420 2775 474 2795 sur
498 2768 570 2800 l'aae
588 2772 615 2794 et
641 2768 772 2800 fontaine
791 2770 839 2794 des
861 2768 1036 2794 traductionis
1057 2768 1158 2793 latinos
1172 2767 1330 2796 d'Arz'stotc,
1347 2776 1424 2791 nouv.
1440 2767 1492 2796 dd..
1507 2776 1534 2799 p.
1551 2767 1605 2791 12¹1.
1622 2766 1808 2795 Wuenenseld,
1826 2767 1879 2792 Die
1901 2767 2141 2799 Ueberseuunqen

265 2813 428 2839 arannem
444 2813 546 2839 Werke
560 2814 593 2839 in
606 2815 659 2839 das
671 2813 849 2839 Lateinische
862 2815 913 2839 seit
929 2815 991 2838 dem
1005 2813 1055 2838 XI
1062 2813 1119 2843 Jh„
1134 2821 1160 2845 p.
1176 2814 1215 2836 99.
1230 2813 1343 2841 Lector-c,
1360 2813 1432 2838 Hise.
1447 2813 1480 2837 de
1495 2812 1523 2837 la
1538 2813 1639 2837 medec.
1654 2812 1747 2841 arabe,
1764 2812 1796 2841 11,
1812 2812 1866 2836 451.

399 3044 492 3070 chart.
516 3044 592 3070 Univ.
610 3044 704 3070 Paris.
723 3045 743 3069 1.
1989 3043 2017 3066 v.
