2580 3528
472 379 538 411 164*
1050 389 1371 412 cuanrntnuun
1405 390 1598 412 uruvsns.
1635 389 1764 413 mnis.
2252 381 2350 423 [1237

475 489 583 528 118.
616 500 745 526 Evrardo
770 500 873 526 abbati
900 500 1127 527 Claraevallensi
1152 496 1317 527 conceditur
1339 510 1358 527 α
1383 501 1516 538 Capitale
1537 501 1668 536 generali
1693 502 1758 528 ord.
1787 503 1902 529 cisterc.
1926 502 2107 539 privilegium
2129 502 2207 528 circa
2234 502 2352 529 clericos

559 549 685 575 Parisiis
701 549 876 575 habitantes.

1579 601 1656 630 7237,
1673 600 1832 632 Septembris
1849 601 1886 630 12.
1902 600 2067 636 [CisterciiJ.

562 673 691 706 Petitio
713 673 851 706 domini
876 673 1017 707 abbatis
1038 674 1321 707 Clarevallensis
1347 674 1392 707 de
1417 674 1562 707 clericis
1582 674 1744 708 Parisius
1769 674 1948 708 habendis
1969 675 2006 708 in
2022 675 2147 720 cappis
2163 681 2200 708 et
2220 675 2353 708 tunicis

472 739 565 773 albis
594 752 659 785 pro
691 751 730 773 se
758 746 791 772 et
819 752 886 785 pro
919 740 1089 773 omnihus
1119 740 1213 781 aliis,
1243 741 1305 785 qui
1336 740 1464 773 codem
1498 741 1606 774 modo
1636 740 1772 774 ibidem
1805 740 1960 775 clericos
1991 741 2126 775 habere
2155 741 2352 783 voluerint,

473 807 675 839 exauditur.
706 806 838 840 Abbati
871 814 987 840 autem
1019 807 1293 848 Clarevallensi,
1327 813 1367 840 ut
1390 807 1445 839 vibi
1475 806 1693 840 monachum
1723 814 1758 840 et
1787 807 1881 841 duos
1908 819 2108 841 conversos
2127 807 2270 850 habeat,
2292 808 2353 853 qui

472 873 617 907 clericis
638 874 843 907 necessaria
866 874 1092 919 provideant,
1114 873 1359 919 indulgetur‘.

566 972 756 1004 Apographum
771 980 897 995 coaevum
913 975 1072 995 statutorum
1088 971 1203 1003 Capituli
1219 971 1351 1003 generatis
1367 971 1429 995 anni
1444 971 1575 1004 praedicti
1590 971 1616 995 in
1632 971 1758 996 Biblioth.
1775 975 1828 996 nat.
1846 972 1942 996 Mau-it.
1959 972 1990 996 B.
2011 973 2065 1001 166,
2082 972 2127 996 sol.
2144 972 2166 996 1.
2182 986 2214 990 —
2227 971 2354 1002 Mal-tene,

475 1016 554 1041 Thes.
577 1023 642 1041 nov.
663 1017 771 1045 anecd„
792 1017 834 1044 lv,
856 1016 926 1044 1365,
947 1020 976 1039 n⁰
999 1017 1023 1041 8.
1043 1029 1075 1033 —
1099 1016 1230 1039 Manuscr.
1261 1019 1421 1039 statutorum
1444 1016 1627 1048 Capitulorum
1652 1017 1817 1048 generalium
1841 1016 1961 1040 Cistercii
1982 1017 2177 1040 celebratorum
2200 1019 2304 1040 exstare
2328 1016 2355 1040 in

472 1061 636 1084 Bibliotheca
655 1061 770 1084 civitatis
790 1060 956 1084 Divionensis
976 1060 1021 1084 ille
1046 1061 1139 1084 merito
1164 1061 1294 1092 conjiciet,
1315 1061 1358 1084 cui
1376 1069 1428 1084 non
1448 1061 1569 1092 ignotum
1588 1064 1628 1085 est
1646 1061 1773 1093 reliquias
1796 1061 2038 1093 manuscriptorum
2057 1061 2130 1085 illius
2150 1061 2304 1085 monasterii
2321 1061 2356 1085 nd

471 1106 635 1137 praedictam
651 1105 839 1129 bibliothecam
854 1105 1015 1137 pervenisse.
1032 1106 1064 1128 At
1078 1114 1145 1128 unus
1165 1105 1348 1129 tantummodo
1363 1106 1458 1134 Codex,
1475 1106 1576 1129 scilicet
1590 1110 1620 1129 n⁰
1634 1106 1689 1134 354,
1706 1106 1821 1130 continet
1837 1115 1849 1129 t(
1865 1106 2006 1138 Antiquam
2021 1106 2202 1130 collectionem
2216 1105 2356 1130 diffinitio-

472 1158 535 1173 num
550 1158 562 1172 »
579 1149 657 1181 (saec.
674 1150 719 1173 XII
734 1153 760 1173 et
775 1150 833 1173 xm
849 1149 988 1182 incuntis);
1004 1150 1050 1173 sed
1066 1158 1164 1173 annum
1179 1150 1238 1173 1221
1255 1158 1307 1173 non
1327 1150 1537 1181 supergreditur.
1554 1150 1583 1173 In
1597 1150 1666 1173 Bibl.
1684 1150 1816 1179 Trecensi,
1833 1150 1878 1174 ubi
1892 1159 1942 1182 pro
1962 1158 2059 1182 magna
2074 1153 2151 1182 parte
2165 1153 2357 1174 conservantur

472 1203 535 1217 mss.
554 1194 707 1217 monasterii
722 1194 914 1222 Cisterciensis,
931 1197 1073 1217 occurrunt
1088 1194 1174 1217 solum
1189 1197 1312 1226 excerpta
1328 1194 1512 1226 Capitulorum
1527 1194 1705 1226 antiquorum.
1723 1195 1794 1218 Alios
1811 1195 1886 1218 codd.
1902 1194 1972 1218 infra
1988 1194 2137 1218 afferemus.

568 1280 590 1302 1.
617 1280 651 1302 Ut
670 1287 701 1302 ex
720 1279 821 1303 Libello
840 1279 1050 1310 diffinitionum
1069 1278 1146 1310 (anno
1166 1279 1228 1302 1289
1247 1279 1326 1311 edito)
1351 1278 1412 1302 dist.
1433 1280 1456 1307 6,
1477 1287 1536 1311 cap.
1555 1280 1570 1302 4
1590 1283 1616 1302 et
1637 1281 1660 1308 5,
1680 1283 1801 1311 apparet,
1822 1279 1976 1311 Capitulum
1998 1279 2121 1311 generale
2141 1278 2356 1303 Cisterciensium

473 1324 591 1356 quolibet
606 1332 674 1346 anno
690 1323 810 1347 Cistercii
825 1327 885 1346 ante
901 1324 997 1347 festum
1013 1323 1186 1347 Exaltationis
1203 1324 1230 1347 S.
1246 1323 1338 1347 Crucis
1354 1323 1393 1355 (1¹1
1409 1323 1582 1355 Septembris)
1598 1324 1761 1347 celebratum
1776 1327 1828 1352 est;
1846 1332 1903 1355 cap.
1922 1326 1936 1347 5
1950 1323 2144 1356 praescribitur
2160 1331 2166 1347 z
2184 1332 2196 1347 (ι
2211 1323 2254 1347 die
2267 1331 2358 1355 prece-
2398 1354 2401 1355 ⁷

473 1369 549 1392 dente
570 1368 691 1399 vigiliam
711 1369 738 1392 S.
758 1368 849 1391 Crucis
870 1368 979 1391 abbates
999 1368 1133 1391 venientes
1153 1369 1188 1391 ad
1208 1368 1360 1399 Capitulum
1381 1368 1545 1399 Cystercium
1565 1368 1663 1392 intrent
1686 1372 1747 1392 ante
1769 1368 1879 1392 terciam
1902 1377 1913 1391 »
1936 1387 1942 1392 .
1963 1368 2033 1392 Bibl.
2052 1368 2175 1392 Univers.
2199 1367 2355 1400 Lipsiensis,

473 1422 522 1436 ms.
539 1415 585 1436 856
600 1413 679 1445 (saec.
695 1413 845 1445 XIII-XIV),
863 1413 906 1436 sol.
924 1414 961 1436 34.
979 1413 1056 1436 Arch.
1074 1414 1099 1436 S.
1117 1413 1187 1436 Petri
1203 1413 1363 1444 Salisburg.‚
1380 1421 1428 1436 ms.
1445 1421 1468 1436 a.
1486 1413 1515 1436 V.
1533 1413 1545 1436 1
1561 1413 1593 1444 (s.
1610 1413 1683 1445 XIv);
1700 1421 1759 1445 cap.
1775 1414 1789 1436 4
1804 1421 1866 1437 vero
1877 1413 1975 1437 mentio
1990 1413 2020 1436 fit
2035 1413 2095 1436 sesti
2110 1413 2248 1437 beatorum
2265 1412 2356 1436 Protbi

472 1461 498 1481 et
513 1458 653 1489 Hyacinthi
670 1458 706 1487 (11
725 1457 898 1489 Septembris)
914 1461 943 1480 ut
958 1457 1139 1489 praecedentis
1156 1467 1168 1481 «
1185 1459 1281 1481 festum
1297 1458 1322 1480 S.
1340 1457 1432 1481 Crucis
1449 1465 1471 1481 η.
1488 1457 1601 1481 Proinde
1621 1459 1717 1481 festum
1734 1459 1759 1481 S.
1777 1458 1869 1481 Crucis
1885 1457 1983 1481 mensis
2000 1457 2174 1489 Septembris,
2190 1465 2242 1481 non
2257 1457 2356 1481 mensis

473 1502 543 1530 Maii,
561 1502 686 1525 innuitur.
702 1515 736 1520 —
749 1502 784 1525 Dc
799 1502 877 1525 domo
893 1510 906 1525 n
923 1502 1059 1525 monachis
1075 1502 1232 1525 Clarncvull.
1250 1502 1300 1525 isto
1316 1505 1434 1533 tempore
1447 1502 1558 1525 Parisiis
1573 1502 1693 1526 habitata
1708 1502 1768 1526 vide
1784 1510 1865 1534 supra
1881 1507 1910 1525 ¹1⁰
1925 1503 1963 1526 53.

479 1671 500 1706 1
513 1670 586 1707 19.
613 1680 764 1714 Gregorius
776 1681 819 1705 IX
829 1679 968 1705 Ilerberto
984 1679 1087 1705 abbati
1103 1681 1129 1705 S.
1149 1681 1307 1714 Gcnovesae
1321 1680 1428 1714 Paris„
1447 1688 1481 1705 ac
1498 1679 1646 1714 magistris
1661 1679 1799 1705 Michaeli
1813 1679 1849 1705 de
1865 1681 1892 1705 S.
1910 1679 2062 1714 Dionysio⁴
2080 1682 2108 1705 et
2125 1679 2153 1705 G.
2171 1678 2208 1705 de
2221 1677 2372 1705 Briveriis·

563 1728 727 1763 regentibus
746 1729 871 1754 Parisiis
894 1729 922 1754 in
942 1728 1066 1754 decretis
1087 1728 1208 1754 mandat
1228 1732 1258 1754 ut
1278 1737 1398 1754 causam
1423 1729 1498 1754 inter
1518 1728 1687 1763 magistrum
1713 1729 1827 1755 Petrum
1849 1727 2087 1754 archidiaconum
2108 1727 2308 1754 Belvacensem
2330 1730 2358 1754 et

563 1777 703 1803 decanum
719 1781 747 1804 et
761 1777 920 1813 capitulum
935 1777 1046 1804 Beluae.
1065 1777 1208 1812 agitatam
1224 1777 1265 1803 ad
1278 1779 1364 1812 finem
1380 1777 1507 1803 debitum
1519 1777 1692 1814 perducant.

1655 1867 1732 1897 1237,
1750 1867 1867 1893 Octobris
1880 1868 1926 1897 23,
1943 1867 2070 1893 Laterani.

569 1968 589 1973 ..
614 1941 746 1974 Abbati
777 1942 904 1975 Sancte
935 1942 1136 1983 Genovesc,
1162 1953 1202 1974 ac
1233 1941 1417 1986 magistris
1448 1943 1495 1974 M.
1529 1941 1573 1974 de
1606 1942 1735 1974 Sancto
1774 1941 1940 1974 Dionisio
1967 1948 2003 1974 et
2029 1941 2074 1975 G.
2106 1941 2150 1974 de
2181 1940 2357 1974 Briveriis

476 2007 692 2053 regentibus
720 2009 881 2041 Parisius
912 2009 948 2040 in
977 2009 1147 2041 decretis.
1175 2007 1406 2041 Constitutus
1434 2008 1471 2040 in
1506 2008 1688 2053 presentia
1717 2015 1839 2041 nostra
1869 2008 2025 2041 dilectus
2054 2007 2153 2040 filius
2184 2007 2358 2052 magister

478 2076 606 2108 Petrus
633 2074 912 2108 archidiaconus
933 2074 1167 2108 Belvacensis
1196 2074 1388 2119 proposuit
1414 2086 1533 2107 coram
1562 2074 1689 2116 nobis,
1716 2075 1814 2120 quod
1842 2081 2033 2120 postquam
2062 2086 2080 2107 a
2109 2073 2264 2107 Belvaco
2289 2073 2358 2107 iter

477 2142 630 2187 arripuit
657 2154 722 2187 pro
755 2142 903 2187 negotio
934 2141 1168 2175 Belvacensis
1201 2140 1356 2173 ecclesie
1391 2135 1588 2174 adsedem
1616 2141 1851 2187 apostolicam
1879 2141 2065 2183 veniendi,
2092 2167 2113 2173 ..
2136 2140 2295 2173 decanus
2323 2146 2359 2174 et

478 2208 674 2254 capitulum
704 2208 947 2242 Belvacenses
968 2209 1005 2241 in
1033 2220 1114 2241 eum
1142 2207 1399 2252 suspensionis
1425 2214 1461 2240 et
1485 2208 1870 2241 excommunicationis
1896 2207 2096 2241 sententias
2123 2207 2358 2240 fulminantes

479 2275 746 2320 prohibuerunt
779 2275 927 2308 decanis
955 2282 991 2308 et
1017 2275 1242 2321 presbyteris
1279 2275 1594 2308 archidiaconatus
1627 2275 1696 2316 sui,
1729 2287 1773 2308 ne
1804 2275 1873 2308 sibi
1904 2281 2072 2320 tanquam
2103 2273 2358 2307 archidiacono

480 2342 749 2387 responderent
782 2342 961 2375 fructibus
1000 2342 1314 2376 archidiaconatus
1349 2349 1385 2376 et
1418 2341 1636 2387 quibusdam
1671 2341 1753 2375 aliis
1783 2341 1979 2375 subtractis
2014 2341 2146 2382 eidem,
2181 2340 2248 2373 alia
2287 2339 2359 2373 sibi

480 2409 687 2454 gravamina
708 2409 862 2454 plurima
888 2421 952 2454 pro
979 2421 1045 2442 sue
1072 2409 1269 2443 voluntatis
1294 2409 1444 2442 arbitrio
1470 2410 1683 2450 inserentes,
1711 2415 1750 2442 ut
1770 2409 1822 2442 sie
1848 2408 1974 2441 saltem
1997 2407 2190 2441 lacessitus
2213 2396 2359 2452 injuriis

481 2488 520 2508 ac
549 2476 742 2509 sententiis
769 2475 955 2509 involutus
982 2488 999 2509 a
1026 2476 1112 2509 dicti
1143 2477 1282 2522 negotii
1310 2476 1568 2522 prosecutione
1598 2482 1770 2509 cessaret.
1801 2475 1906 2508 Unde
1932 2487 2012 2507 cum
2041 2473 2273 2519 postmodum
2294 2484 2360 2518 per

483 2542 653 2575 dilectum
690 2543 803 2575 filium
839 2549 1003 2576 nostrum
1040 2544 1096 2575 E.²
1132 2544 1344 2576 Sanctorum
1386 2543 1519 2577 Cosme
1558 2549 1593 2575 et
1625 2542 1789 2575 Damiani
1829 2542 2019 2574 diaconuin
2055 2539 2274 2574 cardinalem
2315 2539 2359 2572 de

483 2609 632 2654 speciali
663 2610 830 2642 mandato
866 2616 991 2642 nostro
1026 2609 1121 2642 dicte
1157 2610 1337 2643 sententie
1372 2609 1528 2642 relaxate
1562 2609 1698 2642 fuerint
1726 2608 1771 2642 ad
1804 2608 1978 2641 cautelam
2015 2606 2210 2640 sufficienti
2239 2605 2284 2639 ab
2316 2617 2360 2638 eo

483 2676 649 2708 cautione
679 2683 834 2721 recepta,
864 2676 909 2709 ‹lc
934 2676 1190 2709 satisfaciendo
1217 2676 1324 2710 (lictis
1352 2676 1488 2709 decano
1517 2683 1552 2709 et
1578 2675 1736 2721 capitulo
1766 2687 1877 2720 super
1901 2673 1987 2715 hiis,
2014 2685 2079 2719 pro
2106 2671 2240 2718 quibus
2265 2671 2360 2705 dicte

485 2743 665 2776 sententie
698 2742 767 2775 late
802 2743 961 2784 suerunt,
995 2743 1025 2775 si
1057 2755 1118 2775 eas
1152 2743 1360 2788 apparuerit
1387 2744 1487 2788 juste
1519 2742 1621 2783 latas,
1652 2741 1877 2782 mandamus⁷
1913 2729 2084 2785 quatinus
2113 2739 2288 2772 facientes
2317 2737 2361 2771 ab

486 2809 623 2842 eisdem
646 2809 793 2842 decanis
815 2815 850 2841 et
870 2808 1095 2854 presbyteris
1116 2809 1186 2842 sibi
1208 2815 1417 2842 consuetam
1440 2816 1476 2842 et
1491 2808 1648 2841 debitam
1671 2807 1914 2841 obedientiam
1937 2806 2115 2848 exhiheri,
2133 2794 2361 2851 quecumque

486 2883 609 2909 contra
641 2876 759 2921 ipsum
789 2882 979 2920 postquam
1010 2875 1054 2907 ad
1082 2887 1150 2908 nos
1179 2875 1247 2908 iter
1281 2875 1434 2920 arripuit
1461 2875 1633 2908 veniendi
1664 2881 1799 2907 temere
1831 2880 2037 2919 attemptata
2066 2871 2292 2913 inveneritis,
2323 2871 2360 2903 in

463 2953 467 2957 ⁴
487 2950 616 2976 statum
639 2942 831 2987 pristinum
861 2941 1070 2975 reducendo
1092 2941 1248 2974 eundem
1276 2953 1395 2974 coram
1417 2940 1522 2975 vobis
1538 2941 1613 2986 juri
1635 2953 1761 2986 parcre
1783 2947 1943 2986 paratum
1965 2951 2191 2985 nequaquam
2213 2938 2361 2983 permit-
