2580 3528
295 434 392 475 1221]
635 443 682 465 AB
716 443 823 465 Anno
858 442 934 465 mcc
970 441 1100 471 USQUE
1135 442 1184 463 An
1219 440 1448 463 PHILIPPUM
1482 441 1522 462 1v
1557 441 1645 463 nso.
1683 441 1820 464 fiune.
2124 433 2168 465 99

291 518 378 551 ratis
398 517 478 551 sine
498 517 732 551 contentione
748 516 892 562 judicii,
921 527 991 560 que
1018 515 1184 549 videritis
1211 515 1441 560 inquirenda,
1468 521 1504 548 et
1530 521 1651 560 partes
1676 515 1720 548 ad
1739 514 1964 548 amicabilem
1986 516 2168 560 composi-

290 584 425 618 tionem
453 583 629 618 inducere
658 582 848 617 studeatis.
880 583 959 626 Que
989 582 1020 615 si
1050 594 1115 627 per
1143 581 1304 615 studium
1333 588 1494 615 vestrum
1525 582 1732 627 nequiverit
1760 582 1966 627 provenire,
2003 583 2167 615 statuatis

289 651 532 697 appellatione
568 657 706 684 remota
742 650 841 695 quod
876 649 1043 683 videritis
1079 649 1323 683 statuendum.
1353 648 1566 694 Specialiter
1597 655 1716 682 autem
1751 660 1863 694 super
1896 661 1952 690 eo,
1989 649 2087 694 quod
2123 649 2167 682 ad

289 717 494 752 docendum
522 730 595 751 non
620 717 739 751 solum
761 717 799 750 in
818 716 900 750 aliis
926 715 1159 750 facultatibus
1187 722 1243 749 set
1262 716 1368 749 etiam
1395 716 1432 748 in
1453 715 1638 761 theologia
1658 716 1841 749 interdum
1863 715 2022 761 repulsis
2043 716 2166 761 dignis

288 784 527 819 admittuntur
555 783 699 830 indigni
729 790 764 817 et
792 783 883 817 adeo
913 782 1092 816 excrescit
1120 794 1295 816 numerus
1324 783 1595 828 magistrorum⁷
1632 789 1672 816 ut
1700 789 1774 816 tum
1808 794 1874 828 pro
1905 783 2165 816 numerositate

288 858 363 885 tum
383 863 450 897 pro
470 851 726 885 insufficientia
751 850 962 884 eorumdem
987 849 1139 883 vilescat
1161 850 1356 883 auctoritas
1378 850 1611 895 magistralis,
1632 849 1815 891 volumus,
1837 850 1935 895 quod
1956 862 2068 895 super
2093 849 2165 883 hiis

288 917 459 952 omnibus
479 917 623 951 sublato
648 917 903 963 appellationis
924 916 1113 950 obstaculo
1134 916 1311 958 statuatis,
1334 916 1433 962 quod
1453 916 1562 950 statui
1587 916 1699 950 studii
1720 923 1756 950 et
1774 916 1919 950 utilitati
1940 917 2163 950 studentium

288 985 453 1019 videritis
478 985 665 1031 expedire,
693 984 980 1018 contradictores
1007 984 1038 1017 si
1059 984 1121 1029 qui
1141 984 1277 1017 suerint
1300 983 1359 1017 vel
1379 983 1538 1017 rebelles
1569 995 1634 1029 per
1660 995 1850 1017 censuram
1881 983 2163 1017 ecclesiasticam

288 1051 531 1098 appellatione
558 1051 760 1097 postposita
787 1050 1069 1097 compescendo.
1101 1050 1209 1094 Quod
1234 1051 1265 1084 si
1295 1062 1368 1084 non
1398 1063 1541 1092 omnes,
1570 1056 1651 1092 etc„
1683 1050 1756 1084 duo
1786 1057 1962 1093 vestrum,
1991 1057 2056 1085 etc.
2084 1052 2162 1084 Dat.

475 1118 525 1126 ou·-

381 1217 444 1249 neg.
459 1218 517 1242 Vat.
535 1216 643 1241 noum-ii
659 1217 695 1240 111
710 1225 752 1240 an.
770 1218 792 1244 5,
809 1224 850 1247 ep.
867 1218 921 1244 505,
939 1216 982 1240 fol.
1000 1216 1042 1239 101
1050 1215 1069 1239 ¹².

380 1302 403 1324 1.
419 1301 553 1333 Stephano
574 1301 702 1332 Langton,
723 1301 767 1333 qui
783 1304 925 1332 antequam
944 1301 978 1324 ad
997 1300 1178 1323 cardinalatus
1197 1300 1323 1323 honorem
1339 1303 1443 1324 evectus
1459 1303 1529 1323 esset
1543 1299 1583 1331 (22
1603 1300 1761 1332 Junii1206)
1780 1300 1807 1323 in
1827 1300 2005 1324 Universitate
2020 1301 2164 1325 Parisiensi

286 1345 448 1377 theologiam
461 1340 574 1369 docebat
592 1348 618 1368 et
631 1348 738 1377 praeter
757 1345 810 1368 alia
829 1345 978 1370 Summam
993 1345 1075 1369 theol.
1092 1344 1209 1375 scripsit.
1234 1353 1301 1376 quae
1324 1344 1350 1367 in
1371 1344 1479 1368 diversa
1502 1345 1586 1367 forma
1607 1344 1641 1367 ad
1662 1352 1710 1367 nos
1732 1344 1861 1376 pervenit,
1877 1353 1902 1368 v.
1925 1354 1950 1376 g.
1972 1345 1999 1368 in
2019 1345 2086 1369 Bibl.
2108 1349 2162 1370 nat.

286 1389 370 1414 Paris.
387 1397 436 1414 ms.
452 1389 498 1414 lat.
515 1389 601 1418 16:385,
613 1389 699 1418 14556,
715 1389 858 1421 Erlangen,
869 1393 899 1412 n⁰
914 1390 968 1417 353,
985 1390 1074 1417 Ari-as,
1091 1393 1120 1412 n⁰
1134 1390 1189 1417 3914,
1210 1392 1258 1412 etc.
1276 1389 1335 1420 lpse
1355 1389 1434 1412 etiam
1454 1388 1635 1412 verisimiliter
1648 1389 1774 1413 Bibliam
1787 1389 1814 1412 in
1829 1389 1918 1421 capita
1933 1389 2032 1418 divisit,
2050 1394 2079 1414 ut
2095 1399 2164 1414 nunc

285 1434 367 1458 moris
382 1437 430 1467 est.
447 1433 486 1458 Cf.
503 1435 528 1460 S.
546 1434 653 1466 Berger,
671 1434 713 1458 De
726 1433 863 1459 l’ht'seoire
875 1434 911 1458 de
924 1434 955 1458 la
974 1434 1095 1464 Vulqate
1109 1441 1144 1458 en
1160 1434 1279 1463 France,
1293 1442 1320 1465 p.
1338 1433 1375 1457 11.
1392 1433 1456 1465 Ejus
1472 1442 1484 1457 «
1500 1433 1658 1457 eminentem
1672 1433 1850 1457 litteraturam
1865 1437 1890 1457 et
1904 1434 2086 1466 profundioris
2101 1443 2164 1467 pre-

285 1478 434 1511 rogativam
448 1478 567 1502 doctrine
586 1486 598 1501 »
616 1478 742 1502 laudibus
757 1478 859 1502 extollit
879 1478 1010 1502 Honorius
1025 1478 1062 1502 111
1082 1478 1151 1501 infra
1165 1482 1195 1501 n⁰
1208 1479 1248 1502 48.
1268 1491 1300 1495 —-
1319 1479 1342 1501 2.
1364 1477 1511 1509 Episcopus
1533 1477 1618 1501 Paris.
1640 1481 1703 1501 tunc
1724 1478 1851 1509 temporis
1874 1481 1932 1502 crat
1953 1479 2110 1503 Guillelmus
2133 1480 2166 1503 de

285 1523 427 1555 Seignelay
445 1523 485 1556 (28
504 1523 587 1555 April.
609 1523 671 1547 1220
688 1531 772 1555 usque
792 1523 822 1546 23
841 1523 967 1547 Novemb.
991 1522 1070 1555 1223).
1095 1522 1268 1546 Continuator
1287 1522 1423 1546 Guillclmi
1442 1522 1570 1546 Armoriei
1590 1522 1617 1545 in
1637 1530 1686 1546 ms.
1703 1522 1805 1546 Cotton.
1822 1522 1886 1546 dicit
1900 1523 1932 1546 de
1949 1531 1979 1546 eo
1998 1531 2003 1547 :
2022 1532 2034 1547 «
2050 1523 2165 1548 Odiosus

285 1568 409 1601 Philippo
423 1568 481 1600 regi
495 1571 522 1592 et
535 1568 703 1592 universitati
717 1567 870 1596 scolarium,
886 1567 961 1600 cujus
977 1567 1147 1599 improbitate
1162 1570 1249 1591 actum
1264 1570 1312 1596 est,
1330 1571 1358 1591 ut
1373 1575 1463 1591 omnes
1480 1567 1602 1599 magistri
1617 1567 1750 1599 theologie
1769 1571 1795 1591 et
1809 1567 1923 1591 aliarum
1939 1569 2103 1598 facultatum,
2119 1569 2165 1601 qui

284 1613 403 1637 Pan-isius
416 1613 554 1641 docebant.
569 1613 762 1645 suspenderent
776 1621 792 1636 a
806 1613 917 1644 legendo
932 1620 948 1636 a
963 1612 1050 1636 media
1065 1612 1275 1644 Quadragesima
1286 1620 1369 1644 usque
1384 1612 1417 1635 ad
1433 1611 1549 1636 medium
1562 1611 1673 1643 Augusti
1683 1620 1689 1641 ;
1701 1615 1811 1644 propter
1826 1613 1896 1644 quod
1910 1615 1965 1636 tam
1976 1621 1991 1636 a
2003 1613 2074 1636 clero
2086 1622 2165 1645 quam

284 1666 300 1681 a
313 1658 414 1690 populo
434 1660 460 1682 et
480 1657 611 1681 militibus
625 1657 686 1681 odiu
705 1657 854 1681 habebatur
870 1665 892 1681 ι).
910 1657 1026 1682 OEum‘es
1040 1658 1073 1682 de
1091 1656 1202 1688 Rigord
1222 1658 1297 1682 etde
1319 1657 1485 1682 Guillaume
1502 1657 1527 1681 le
1545 1657 1660 1685 Breton,
1676 1657 1716 1680 ed.
1739 1657 1895 1686 Delaborde,
1912 1657 1931 1686 l,
1947 1658 2002 1681 330.
2020 1658 2165 1690 Suspensio

283 1702 427 1727 lectionum
441 1702 499 1727 fieri
513 1710 565 1726 non
581 1702 668 1734 potuit
681 1705 742 1726 ante
756 1710 855 1726 annum
870 1702 940 1726 1221.

282 1899 363 1936 42.
391 1908 566 1935 Univeraitas
579 1897 789 1943 'magistrorum
811 1912 839 1934 el
860 1907 1036 1934 scholarium
1057 1907 1228 1942 Parisiens„
1253 1907 1398 1943 quidquid
1412 1907 1490 1943 juris
1511 1907 1600 1934 habet
1620 1908 1650 1933 in
1672 1907 1732 1934 loco
1756 1909 1783 1934 S.
1800 1907 1901 1934 Jacolu·
1923 1917 2018 1934 coram
2041 1908 2164 1935 ecclesia

374 1959 401 1984 S.
420 1956 569 1994 Stephani,
586 1957 675 1991 fratri
697 1956 847 1983 Malthace
860 1957 953 1994 priori
969 1958 1088 1993 ejusque
1101 1956 1245 1992 fratribus
1261 1956 1372 1983 ordinis
1393 1956 1498 1983 Praed.
1517 1960 1546 1983 et
1560 1957 1617 1993 ipsi
1632 1956 1728 1983 ordini
1741 1960 1842 1993 sponte
1857 1965 1892 1983 ac
1908 1957 1997 1984 libere
2012 1959 2122 1992 confert
2137 1962 2165 1984 et

372 2005 471 2033 donat.

1581 2051 1653 2082 1221,
1669 2050 1688 2086 [
1688 2052 1795 2078 Parisiis
1795 2051 1821 2086 J.

373 2126 414 2158 ln
448 2125 596 2159 nomine
631 2125 748 2159 Patris
777 2132 814 2159 et
848 2125 928 2159 Filii
963 2132 998 2159 et
1032 2125 1189 2171 Spiritus
1219 2125 1354 2167 Sancti,
1388 2137 1505 2159 amen.
1537 2125 1592 2159 Ad
1627 2125 1803 2159 honorem
1838 2126 1918 2168 Dei,
1953 2126 2163 2160 beatissime

282 2192 438 2238 virginis
461 2192 588 2235 Marie⁷
617 2191 713 2226 beati
738 2191 863 2226 Jacobi
891 2192 1047 2238 apostoli
1075 2198 1111 2226 et
1137 2192 1298 2226 omnium
1326 2199 1534 2226 sanctorum
1562 2204 1629 2226 nos
1657 2193 1877 2226 universitas
1905 2193 2161 2238 magistrorum

283 2264 319 2291 et
347 2257 542 2292 scolarium
571 2258 833 2292 Parisiensium
865 2270 930 2304 pro
962 2258 1078 2292 salute
1108 2259 1306 2292 animarum
1337 2265 1543 2292 nostrarum
1575 2259 1748 2304 quicquid
1773 2260 1869 2304 juris
1899 2259 2075 2293 habemus
2104 2260 2162 2294 vel

282 2324 476 2359 habuimus
503 2324 541 2358 in
570 2324 652 2358 loco
677 2325 797 2359 Sancti
821 2325 958 2367 Jacobi,
981 2310 1044 2371 qui
1074 2332 1130 2359 est
1158 2337 1277 2359 coram
1300 2325 1455 2359 ccclesia
1475 2326 1595 2359 Sancti
1617 2325 1788 2371 Stephani
1816 2326 1853 2359 in
1880 2326 1977 2359 exitu
2006 2326 2162 2360 civitatis

283 2391 513 2433 Parisiensis‚
543 2391 644 2425 fratri
671 2391 816 2425 Matheo
850 2392 964 2437 priori
997 2392 1149 2437 suisque
1178 2392 1351 2426 fratribus
1386 2392 1526 2425 ordinis
1561 2392 1831 2426 Predicatornm
1867 2399 1903 2425 et
1935 2393 2006 2438 ipsi
2040 2393 2161 2426 ordini

282 2465 412 2504 sponte
437 2470 478 2492 ac
501 2457 617 2491 libere
638 2458 861 2491 conferimus
882 2465 918 2492 et
937 2458 1128 2492 donamus.
1156 2460 1200 2492 Et
1226 2459 1263 2492 in
1291 2459 1436 2505 signum
1466 2459 1669 2492 reverentie
1697 2466 1732 2492 et
1757 2459 2034 2505 recognitionis,
2062 2460 2160 2506 quod

281 2524 400 2559 locum
422 2525 541 2571 ipsum
569 2531 715 2558 teneant
734 2537 752 2558 a
775 2531 897 2559 nostra
919 2525 1164 2559 Universitate
1185 2532 1351 2571 tanquam
1373 2538 1391 2559 a
1413 2525 1559 2559 domina
1587 2532 1622 2559 et
1646 2532 1808 2571 patrona,
1830 2526 1901 2572 ipsi
1922 2538 1990 2560 nos
2015 2526 2160 2560 recolli-

280 2597 372 2637 gunt
404 2598 626 2637 nostrosque
660 2603 897 2626 successores
932 2592 968 2625 in
1003 2592 1313 2638 participationem
1344 2592 1552 2638 generalem
1583 2599 1619 2626 ct
1647 2599 1857 2638 perpetuam
1888 2593 2050 2627 omnium
2080 2589 2159 2628 ora-

280 2658 419 2692 tionum
458 2664 495 2692 et
531 2657 792 2692 beneficiorum
833 2671 983 2692 suorum
1024 2665 1190 2705 tanquam
1230 2660 1431 2692 confratres
1465 2671 1565 2693 suos.
1603 2660 1758 2705 Insuper
1791 2659 1950 2706 singulis
1982 2660 2087 2694 annis
2122 2661 2158 2694 in

279 2725 438 2759 crastino
464 2725 671 2759 festivitatis
698 2725 793 2759 beati
821 2725 984 2759 Nicholai
1011 2726 1157 2760 missam
1187 2725 1412 2772 solempnem
1439 2726 1475 2759 in
1502 2726 1628 2771 majori
1655 2726 1757 2760 altari
1786 2733 1956 2773 presente
1977 2734 2157 2761 conventu

280 2803 345 2837 pro
371 2791 465 2826 vivis
491 2792 677 2838 magistris
703 2799 739 2826 et
765 2792 969 2826 scolaribus
997 2805 1140 2827 necnon
1169 2800 1204 2827 et
1231 2793 1508 2827 conservatione
1535 2793 1647 2827 studii
1674 2794 1905 2836 Parisiensis,
1935 2794 1972 2828 in
1999 2795 2157 2828 crastino

278 2869 366 2892 vero
387 2858 650 2904 purificationis
670 2858 774 2893 beate
795 2860 929 2894 Mariae
950 2860 1105 2906 virginis
1126 2872 1205 2893 cum
1234 2860 1358 2894 cadem
1386 2859 1640 2906 solempnitate
1665 2861 1812 2894 missam
1833 2873 1899 2907 pro
1920 2861 2007 2903 illis,
2029 2861 2091 2907 qui
2113 2861 2157 2895 de

279 2924 523 2959 Universitate
558 2932 680 2960 nostra
710 2926 872 2960 Parisius
902 2927 1142 2969 decesserint,
1179 2926 1428 2961 celebrabunt.
1465 2928 1634 2961 Preterea
1668 2939 1734 2973 pro
1769 2927 1935 2973 quolibet
1967 2928 2154 2973 magistro,

279 2991 541 3038 cujuscumque
561 2992 740 3027 facultatis
760 2994 870 3027 suerit
889 2993 934 3027 de
955 2994 1106 3036 nostris,
1134 2994 1195 3040 qui
1223 2994 1260 3027 in
1281 2994 1400 3027 officio
1421 2994 1573 3040 regendi
1595 2994 1756 3028 Parisius
1776 2994 1990 3036 decesserit,
2019 3001 2153 3028 tantum
