2580 3528
473 401 540 434 364
904 420 906 422 ·
1051 413 1373 435 CHARTULARIUM
1407 413 1598 435 uruvans.
1635 413 1752 435 mins
2249 403 2349 446 [1257

473 486 644 528 offensas,
666 493 730 521 etc.
753 493 792 521 ut
810 499 920 532 supra
941 491 979 520 n⁰
998 488 1075 529 315,
1098 499 1202 532 usque
1222 487 1352 520 audeat
1371 487 1572 532 predicare.
1594 487 1730 521 Deinde
1751 500 1761 521 .·
1783 487 1943 532 Ideoque
1964 487 2178 520 fraternitati
2198 493 2259 520 tue
2284 499 2350 533 per

472 553 670 597 apostolica
698 554 830 599 scripta
858 554 1082 595 mandamus,
1112 554 1282 598 quatinus
1309 554 1347 586 in
1372 553 1526 586 ecclesia
1552 553 1749 587 Parisiensi
1777 560 1813 587 et
1838 553 1924 587 alibi
1952 554 2057 587 etiam
2085 553 2149 586 ubi
2176 554 2348 599 expedire

471 619 608 652 videris
630 631 694 664 per
716 627 750 653 te
774 620 831 653 vel
852 632 916 665 per
936 620 1044 653 alium
1067 620 1228 665 predicta
1247 619 1433 665 publicare
1454 631 1649 664 procures;
1673 626 1709 652 et
1728 620 1759 653 si
1780 619 1846 653 tibi
1866 620 2084 662 constiterit,
2107 620 2205 666 quod
2229 620 2348 654 dictus

472 685 698 719 Guillermus
723 693 847 719 contra
873 686 941 719 tale
963 693 1173 731 preceptum
1199 693 1364 719 nostrum
1389 686 1426 718 in
1452 685 1573 730 aliquo
1599 686 1725 719 venire
1751 686 2029 732 presumpserit,
2055 693 2093 720 tu
2121 687 2348 720 denuncians

471 752 589 797 ipsum
617 753 978 794 excommunicatum,
1002 753 1187 798 perjurum
1214 764 1253 785 ac
1280 759 1456 797 perpetuo
1479 752 1523 785 ab
1546 752 1664 785 officio
1688 751 1952 797 beneficiisque
1974 751 2152 798 privatum
2175 754 2347 799 injungas

472 818 559 860 illis,
590 819 633 852 ad
668 831 760 864 quos
795 819 1054 852 beneficiorum
1091 830 1240 851 suorum
1273 818 1418 851 collatio
1449 819 1617 864 pertinet,
1650 825 1689 852 ut
1717 819 1843 852 eadem
1877 819 2067 861 beneficia,
2099 820 2131 853 si
2165 832 2234 865 qua
2263 832 2345 854 eum

472 885 604 918 habere
625 886 816 931 contingit,
834 886 1003 930 personis
1022 885 1166 918 idoneis
1187 892 1222 918 et
1241 885 1396 918 ecclesie
1414 887 1573 918 Romane
1593 871 1735 918 devotis
1756 885 1872 918 libere
1888 886 2077 919 conserant
2092 893 2128 920 et
2142 887 2343 933 assignent.

471 952 678 984 Denuncies
700 952 805 984 etiam
827 952 972 997 publice
993 951 1136 984 dilectis
1157 951 1242 984 filiis
1264 951 1491 985 universitati
1513 952 1770 997 magistrorum
1792 959 1828 986 et
1847 951 2042 985 scolarium
2068 953 2343 996 Parisiensium,

470 1018 566 1062 quod
592 1030 665 1050 non
691 1029 756 1063 pro
783 1030 839 1059 eo,
866 1018 964 1063 quod
989 1017 1084 1050 idem
1111 1017 1338 1051 Guillermus
1364 1018 1645 1052 Universitatem
1671 1019 1785 1064 ipsam
1811 1018 1986 1061 defendit,
2008 1025 2070 1052 aut
2093 1019 2192 1064 quod
2217 1031 2283 1066 pro
2303 1031 2345 1054 ea

468 1084 618 1117 forsitan
653 1085 689 1116 in
725 1085 871 1117 Francia
906 1084 964 1117 vel
998 1084 1093 1129 apud
1128 1084 1251 1117 sedem
1286 1085 1521 1129 apostolicam
1556 1085 1734 1118 laboravit
1764 1087 1856 1129 (cum
1889 1085 2085 1132 magistros
2115 1093 2151 1120 et
2183 1086 2344 1121 scolares

468 1151 651 1195 predictos
677 1158 843 1196 tanquam
872 1151 1007 1184 nobilia
1035 1151 1190 1184 ecclesie
1216 1151 1376 1184 membra
1398 1152 1618 1185 sinceritatis
1639 1153 1812 1198 precipue
1837 1152 2027 1186 affectibus
2051 1155 2342 1199 prosequamur),

467 1224 522 1250 set
556 1229 620 1262 pro
655 1218 802 1262 prefatis
836 1217 1050 1251 excessibus
1080 1224 1115 1250 et
1144 1218 1317 1263 precipue
1353 1230 1419 1264 pro
1453 1219 1618 1264 predicto
1653 1218 1860 1253 detestabili
1895 1226 1930 1252 et
1960 1232 1979 1253 a
2009 1219 2116 1254 nobis
2150 1220 2343 1266 dampnato

467 1284 591 1317 libello
613 1285 663 1317 sic
685 1291 808 1317 contra
830 1297 912 1317 eum
934 1285 1204 1330 processimus;
1233 1292 1267 1318 et
1293 1285 1323 1318 si
1348 1285 1465 1319 adhuc
1487 1286 1523 1318 id
1544 1286 1708 1332 exegerit
1727 1286 1909 1331 protervia
1935 1287 2171 1329 contumacis,
2193 1288 2342 1333 gravius

465 1357 610 1383 auctore
637 1351 792 1384 Domino
819 1351 1072 1396 procedemus.
1101 1353 1204 1385 Latas
1225 1358 1343 1384 autem
1365 1352 1453 1385 alias
1474 1352 1511 1385 in
1531 1353 1650 1397 ipsum
1672 1353 1717 1386 de
1738 1353 1905 1386 mandato
1931 1359 2058 1386 nostro
2083 1353 2341 1399 suspensionis

465 1417 521 1450 vel
549 1417 762 1462 privationis
790 1417 1051 1450 beneficiorum
1078 1429 1227 1451 suorum
1254 1418 1454 1452 sententias
1479 1419 1678 1464 persistere
1707 1419 1877 1453 volumus
1903 1420 1940 1452 in
1967 1431 2033 1453 suo
2062 1420 2195 1453 robore
2228 1420 2342 1453 firmi—

465 1484 558 1516 tatis.
585 1484 882 1517 Contradictores
903 1491 1021 1517 autem
1044 1485 1074 1517 si
1096 1485 1157 1529 qui
1178 1485 1313 1518 suerint
1332 1497 1398 1530 per
1417 1497 1608 1519 censuram
1630 1485 1914 1519 ecclesiasticam
1935 1486 2177 1532 appellatione
2203 1493 2341 1520 remota

464 1562 687 1596 compescas.
710 1552 789 1584 Dat.
810 1551 965 1585 Viterbii
987 1563 1008 1584 x
1028 1551 1097 1584 kal.
1121 1551 1359 1596 Septembris,
1382 1552 1613 1597 pontificatus
1634 1553 1750 1586 nostri
1770 1565 1865 1586 anno
1886 1553 2005 1586 tertio.

557 1649 692 1680 Originale
707 1649 733 1672 in
748 1650 824 1673 Arch.
842 1653 895 1673 nat.
917 1650 1001 1674 Paris.
1018 1650 1046 1673 L.
1063 1650 1117 1678 251,
1133 1658 1159 1673 n.
1176 1651 1229 1673 146,
1246 1650 1355 1674 Restant
1372 1651 1417 1674 fila
1434 1651 1546 1675 cannah.
1568 1652 1640 1674 Infra
1654 1659 1660 1674 :
1678 1659 1690 1674 «
1706 1651 1782 1682 Hugo
1797 1659 1814 1675 v
1829 1659 1851 1675 )).
1868 1651 1898 1674 In
1917 1651 2072 1674 membrana
2086 1658 2180 1675 aversa
2196 1658 2201 1674 z
2220 1659 2231 1675 α
2247 1650 2340 1675 Prndi-

463 1697 581 1717 catorum
598 1702 620 1717 ».
634 1708 665 1712 —
679 1695 821 1725 Maynum
837 1695 931 1719 Chart.
950 1695 1042 1720 eccles.
1062 1695 1158 1719 Paris.
1178 1694 1204 1718 in
1220 1695 1296 1718 Arch.
1314 1698 1367 1718 nat.
1384 1695 1468 1719 Paris.
1486 1696 1536 1719 LL.
1552 1696 1606 1724 ¹183,
1628 1696 1673 1720 sol.
1695 1696 1748 1719 186.
1770 1696 1894 1725 Bulaeus,
1914 1696 1961 1726 111,
1982 1696 2036 1719 343.
2053 1696 2128 1727 Apud
2147 1695 2244 1728 Ripoll,
2259 1696 2339 1721 Bull-

465 1738 529 1763 Ord.
544 1739 658 1767 Praed„
673 1747 813 1770 perperam
830 1747 841 1761 «
857 1739 909 1762 kal.
926 1739 1060 1770 Septemb.
1074 1748 1095 1762 υ.

461 1901 489 1936 3
500 1901 573 1937 17.
597 1910 762 1936 Declaratio
779 1911 911 1946 magistri
928 1911 1093 1946 Christiani,
1112 1911 1244 1937 canonici
1258 1911 1448 1946 Belvacensis,
1467 1912 1593 1938 Parisiis
1608 1911 1720 1938 habita.

1541 2017 1591 2043 125
1594 2017 1617 2047 7,
1633 2016 1741 2049 Augusti
1749 2017 1779 2042 12
1793 2019 1821 2051 et
1834 2017 1880 2047 27,
1895 2015 1915 2051 [
1915 2016 2024 2043 Parisiis
2023 2016 2050 2051 J.

552 2089 775 2135 Reginaldus
820 2091 1053 2124 miseratione
1099 2091 1219 2125 divina
1261 2091 1478 2124 Parisiensis
1519 2091 1674 2124 ecclesie
1718 2091 1885 2124 minister
1928 2091 2104 2137 indignus
2151 2091 2336 2140 universis

462 2163 651 2200 presentes
687 2156 825 2190 litteras
864 2158 1085 2203 inspecturis
1120 2157 1272 2190 salutem
1308 2158 1346 2190 in
1378 2158 1546 2191 Domino.
1575 2159 1707 2191 Notum
1741 2157 1892 2191 facimus
1927 2157 2025 2202 quod
2059 2169 2154 2191 anno
2189 2157 2335 2191 Domini

462 2224 512 2255 M⁰
524 2223 598 2257 CC⁰
611 2224 713 2257 LVII
735 2224 794 2256 die
811 2224 991 2257 dominica
1012 2231 1094 2257 ante
1109 2224 1408 2270 Assumptionem
1430 2224 1533 2257 beate
1555 2225 1668 2258 Marie
1688 2224 1844 2270 virginis
1861 2224 1898 2257 in
1919 2223 2028 2269 pleno
2050 2236 2221 2258 sermone
2240 2225 2334 2258 facto

461 2289 497 2321 in
525 2289 632 2323 domo
660 2291 807 2323 fratrum
836 2291 1018 2324 Minorum
1047 2291 1306 2324 Parisiensium
1338 2291 1511 2336 magister
1540 2291 1770 2325 Christianus
1800 2291 1845 2324 de
1874 2290 2055 2325 Virdunio
2085 2291 2123 2324 in
2150 2291 2334 2336 presentia

460 2356 616 2389 mandati
642 2357 756 2390 nostri
778 2358 889 2402 jurati
915 2358 959 2390 ad
985 2357 1053 2390 hoc
1079 2370 1097 2391 a
1127 2357 1235 2391 nobis
1261 2357 1468 2402 specialiter
1495 2358 1665 2391 destinati
1693 2357 1783 2391 dixit
1807 2357 1952 2403 publice
1980 2357 2100 2390 omnia
2128 2364 2164 2391 et
2189 2357 2335 2404 singula

459 2422 611 2456 inferius
632 2430 798 2456 annotata
819 2424 856 2456 in
877 2423 973 2457 hunc
994 2424 1140 2457 modum
1158 2437 1165 2458 z

548 2490 626 2522 Duo
656 2490 806 2523 intendo
835 2491 967 2532 facere,
998 2491 1115 2536 primo
1145 2491 1259 2524 dicam
1291 2491 1335 2524 ad
1364 2491 1452 2536 quid
1479 2491 1583 2533 veni;
1615 2498 1740 2537 postea
1769 2491 1895 2525 faciam
1925 2491 2016 2525 illud
2046 2498 2083 2524 et
2110 2491 2246 2537 incipio
2280 2491 2332 2525 sic

458 2555 551 2587 sicut
578 2555 666 2588 alias
695 2557 814 2601 incepi
845 2568 851 2589 :
885 2572 901 2588 «
933 2557 1064 2591 Curam
1095 2557 1186 2590 habe
1218 2558 1262 2591 de
1292 2557 1389 2591 bono
1419 2558 1585 2599 nomine;
1618 2558 1734 2603 magis
1761 2557 1826 2591 tibi
1855 2558 2020 2603 proderit
2044 2571 2076 2599 »,
2101 2563 2164 2591 etc.
2192 2558 2332 2590 Nomen

458 2620 663 2655 obedientis
690 2622 824 2656 bonum
853 2631 909 2656 est
934 2631 1082 2669 propter
1103 2625 1278 2670 quinque,
1307 2625 1389 2670 quia
1417 2624 1558 2658 scilicet
1577 2625 1662 2658 facit
1680 2625 1816 2658 amicos
1837 2624 1995 2666 Christi3
2018 2624 2055 2657 in
2078 2623 2159 2657 Joh.
2185 2635 2192 2656 :
2217 2638 2233 2655 «
2253 2625 2330 2658 Vos

457 2688 561 2720 amici
589 2689 658 2721 mei
688 2690 775 2722 estis
805 2704 834 2731 »,
863 2696 927 2724 etc.
957 2691 1125 2724 Secundo
1153 2692 1236 2736 quia
1262 2692 1347 2725 facit
1373 2704 1391 2725 a
1419 2693 1495 2724 Deo
1522 2691 1708 2736 provideri
1739 2691 1777 2724 in
1804 2690 2042 2732 necessariis3
2069 2690 2108 2723 in
2127 2691 2192 2723 Ys.
2221 2701 2228 2724 ε
2253 2704 2270 2722 «
2293 2690 2331 2724 Si

455 2753 645 2787 volueritis
670 2762 706 2788 et
729 2756 917 2790 audieritis
938 2769 994 2790 me
1021 2771 1052 2799 υ,
1078 2763 1141 2791 etc.
1168 2758 1291 2791 Tertio
1317 2758 1401 2803 quia
1426 2759 1525 2791 Deus
1551 2769 1615 2791 eos
1641 2757 1702 2802 qui
1730 2756 1865 2790 habent
1888 2757 1986 2790 istud
2012 2768 2145 2790 nomen
2170 2756 2331 2802 protegit

455 2831 500 2852 ne
526 2820 615 2853 mala
640 2829 882 2866 cooperentur
906 2823 959 2856 eis
980 2824 1017 2856 in
1038 2823 1184 2865 malum,
1202 2824 1268 2857 sed
1288 2824 1326 2857 in
1346 2823 1500 2865 bonum;
1519 2823 1615 2857 Eccl.
1637 2835 1644 2856 :
1668 2838 1683 2855 α
1706 2823 1777 2867 Qui
1796 2823 1956 2857 custodit
1975 2829 2187 2868 preceptum
2209 2836 2241 2865 >›,
2262 2828 2327 2857 etc.

454 2886 589 2929 Quarto
618 2887 700 2931 quia
727 2888 788 2932 qui
815 2900 899 2922 vere
924 2889 1059 2923 habent
1082 2890 1181 2923 istud
1206 2902 1352 2931 nomen,
1379 2902 1419 2923 se
1445 2890 1590 2935 possint
1615 2889 1738 2923 dicere
1757 2889 1916 2923 victores
1939 2890 2041 2934 juxta
2067 2889 2160 2922 illud
2187 2900 2195 2922 ε
2227 2903 2242 2921 «
2263 2889 2330 2923 Vir

453 2952 630 2986 obediens
654 2953 824 2998 loquetur
847 2955 1017 2989 victorias
1047 2970 1077 2989 n.
1105 2956 1240 2999 Quinto
1268 2956 1352 3001 quia
1381 2956 1580 2990 introducit
1612 2956 1657 2989 ad
1681 2956 1789 2990 vitam
1815 2962 1998 2998 eternam3
2026 2957 2110 2989 Mat.
2135 2967 2142 2988 :
2169 2970 2186 2987 «
2209 2955 2246 2989 Si
2271 2955 2327 2990 vis
