2580 3528
444 374 488 406 80
1026 384 1348 406 cuAnTULAuluu
1383 384 1575 407 uuivmxs.
1612 384 1740 406 mins.
2227 374 2327 415 [1215

446 458 514 481 nolis
530 458 562 481 de
577 458 683 482 statutis
699 458 891 490 magistrorum
906 462 931 482 et
946 458 1089 482 scolarium
1108 459 1192 482 Paris.
1215 467 1236 482 ».
1258 459 1382 487 Bulaeus,
1403 459 1449 487 111,
1470 459 1509 487 82,
1526 458 1646 490 adjunxit
1665 458 1692 482 in
1706 458 1766 486 fine,
1783 458 1874 490 utique
1893 466 1941 490 per
1959 457 2175 490 imprudentiam,
2196 458 2277 482 verba
2296 466 2327 482 ex

451 502 577 527 Vidimus
588 502 703 526 Simonis
719 503 863 526 cardinalis
879 503 941 526 anni
957 503 1026 531 1265,
1043 503 1129 527 Martii
1145 504 1174 526 23
1189 503 1258 535 (vide
1274 503 1352 533 infra)
1370 511 1376 527 ε
1395 511 1406 527 (4
1423 504 1452 527 In
1467 511 1581 535 quorum
1594 503 1775 527 testimonium
1792 511 1815 532 »,
1831 506 1879 527 etc.

540 588 561 611 1.
583 588 646 611 Vide
666 596 748 619 supra
768 592 796 611 n0
816 588 853 611 16.
875 602 906 606 -
921 589 942 611 2.
961 589 989 611 Id
1005 591 1053 616 est,
1071 588 1198 620 majorem
1214 591 1239 612 et
1254 588 1391 612 minorem.
1408 588 1447 612 Cf.
1465 588 1534 611 infra
1550 592 1579 611 n⁰
1599 588 1654 612 201.
1669 602 1701 606 —
1716 589 1738 612 3.
1755 588 1859 612 Donati.
1876 588 1914 612 Cf.
1931 587 1996 611 ibid.
2012 601 2042 606 —
2057 588 2079 611 4.
2097 587 2136 611 Cf.
2153 595 2235 619 supra
2247 591 2277 610 n⁰
2288 587 2325 611 11.

445 632 544 660 Renan,
559 633 697 657 Averroes
710 637 734 657 et
749 632 948 657 l‘Averronme
963 634 998 663 (3⁰
1012 633 1074 663 ed),
1090 642 1116 664 p.
1134 634 1188 662 222,
1205 636 1324 656 astruere
1340 633 1433 656 nititur
1447 641 1542 656 nomen
1559 641 1570 656 α
1590 633 1729 656 Mauritius
1746 641 1758 655 »
1773 641 1810 656 -ex
1829 632 1998 664 corruptione
2012 632 2126 656 nominis
2143 640 2155 655 «
2170 633 2298 656 Averroes
2313 640 2326 655 ι»

444 676 509 700 oriri
527 677 646 708 potuisse
665 681 691 701 et
710 686 791 709 supra
813 686 825 701 «
846 677 968 701 Averrois
990 678 1097 709 hispani
1117 686 1129 700 1)
1150 678 1300 709 legendum.
1323 678 1375 701 Sed
1394 677 1517 701 Albertus
1538 678 1659 709 Magnus,
1675 678 1698 706 2,
1714 677 1793 702 Sem.
1809 677 1870 701 dist.
1889 678 1919 701 26
1934 685 1957 701 a.
1974 679 1997 706 5,
2013 686 2039 709 p.
2061 677 2120 701 251¹²
2140 677 2189 707 (ed.
2211 677 2326 708 Jammy,

444 724 507 744 tom.
529 722 590 751 XV),
607 721 671 745 citat
689 730 781 745 revera
801 722 953 745 Mauritium
974 722 1109 745 diversum
1129 722 1162 745 ab
1182 723 1296 745 Avcrroe
1312 730 1317 745 z
1336 731 1347 745 α
1363 723 1396 745 Et
1414 722 1478 745 haec
1497 725 1537 745 est
1552 722 1680 745 sententia
1695 721 1849 753 philosophi
1864 722 2009 745 secundum
2029 725 2083 745 tres
2098 724 2326 750 commentatores,

445 766 546 789 scilicet
563 766 695 794 Averrois,
716 766 832 790 Mauritii
852 770 878 790 et
897 767 981 790 Rabbi
1001 768 1108 798 Moysen
1124 775 1146 790 ».
1167 767 1223 790 Non
1244 767 1372 790 habemus
1387 770 1475 790 tamen
1490 766 1571 790 uliam
1586 766 1707 790 notitiam
1726 767 1758 790 de
1778 766 1828 790 isto
1843 766 1974 790 Mani-itio.
1991 780 2022 783 —
2036 768 2059 790 5.
2075 766 2139 789 Vide
2154 774 2237 797 supra
2251 769 2327 798 parte

444 810 540 834 introd.
558 815 587 834 n⁰
600 812 639 834 47.
654 825 686 828 —
699 812 721 834 6.
739 811 778 835 Cf.
795 819 877 842 supra
892 814 968 843 parte
983 811 1078 834 introd.
1096 816 1126 834 n⁰
1140 813 1162 834 5.

445 1006 505 1042 21
516 1034 524 1042 .
551 1014 720 1050 Compositio
735 1015 817 1048 facta
834 1014 908 1039 intet-
923 1013 1081 1049 capitulum
1097 1013 1264 1039 Parisiense
1280 1017 1307 1039 et
1322 1013 1529 1039 cancellarium
1544 1021 1632 1049 super
1645 1013 1752 1048 sigillo.

1572 1110 1642 1140 1215,
1657 1117 1747 1136 mense
1763 1109 1872 1140 Octobri,
1887 1109 1907 1144 [
1907 1110 2014 1136 Parisiis
2013 1109 2040 1144 J.

534 1195 662 1226 Petrus
688 1193 754 1226 Dei
779 1193 893 1238 gratia
921 1193 1139 1226 Parisiensis
1168 1193 1379 1238 episcopus,
1408 1199 1444 1226 et
1474 1194 1579 1238 Hugo
1610 1193 1770 1226 decanus
1801 1200 1988 1238 totumque
2016 1192 2225 1238 capitulum,
2257 1199 2326 1227 etc.

443 1260 500 1293 Ad
527 1260 774 1294 universitatis
800 1267 921 1293 vestre
947 1259 1109 1293 notitiam
1135 1259 1305 1293 volumus
1331 1260 1523 1305 pervenire
1551 1260 1663 1305 quod,
1691 1272 1772 1293 cum
1801 1260 1846 1293 de
1874 1259 2079 1293 redditibus
2106 1271 2172 1305 pro
2203 1259 2327 1306 sigillo

444 1327 662 1360 Parisiensis
683 1327 831 1372 capituli
857 1327 1090 1372 proventuris
1116 1326 1227 1359 nichil
1254 1333 1353 1359 esset
1373 1327 1603 1360 certitudinis
1625 1326 1831 1368 diffinitum,
1859 1334 1895 1360 et
1919 1339 2030 1372 super
2050 1326 2121 1360 hiis
2142 1327 2327 1360 contentio

444 1394 638 1439 aliquando
669 1400 764 1427 mota
794 1394 936 1434 suisset,
969 1405 1036 1426 nos
1066 1393 1110 1426 ad
1140 1393 1353 1438 sopiendam
1384 1393 1496 1426 totius
1526 1393 1772 1426 contentionis
1803 1394 1986 1427 materiam
2018 1400 2053 1427 et
2079 1405 2202 1438 pacem
2233 1393 2328 1427 inter

444 1461 640 1506 capitulum
670 1467 705 1494 et
731 1460 986 1493 cancellarium
1014 1460 1256 1493 Parisiensem
1286 1460 1473 1505 perpetuis
1499 1460 1726 1505 temporibus
1751 1460 1853 1493 firma
1879 1460 2073 1494 stabilitate
2098 1460 2327 1503 servandam,

445 1529 521 1573 pari
543 1539 727 1561 consensu
754 1534 789 1560 et
809 1527 992 1560 communi
1017 1527 1216 1568 voluntate,
1243 1526 1496 1572 sollempniter
1517 1527 1554 1559 in
1574 1527 1732 1572 capitulo
1753 1527 1950 1560 Parisiensi
1972 1527 2141 1560 duximus
2167 1534 2328 1561 statuen-

445 1595 544 1636 dum,
573 1595 671 1639 quod
698 1606 809 1639 super
833 1593 934 1626 nullo
961 1600 1160 1635 contractu,
1190 1606 1296 1639 quem
1322 1594 1430 1627 faciet
1453 1594 1650 1639 capitulum
1671 1606 1751 1627 cum
1778 1593 1900 1639 aliquo
1926 1594 2102 1627 canonico
2127 1593 2185 1627 vel
2205 1594 2327 1639 aliquo

445 1661 528 1702 alio,
565 1661 641 1694 sive
676 1660 874 1694 canonicus
908 1672 988 1693 cum
1025 1660 1182 1705 capitulo
1212 1660 1270 1693 vel
1300 1660 1422 1705 aliquo
1451 1660 1536 1702 alio,
1573 1672 1638 1693 seu
1672 1660 1804 1705 aliquis
1834 1660 1927 1693 alius
1962 1672 2043 1693 cum
2078 1660 2236 1705 capitulo
2269 1660 2329 1694 vel

445 1728 633 1765 canonico,
662 1739 728 1772 pro
756 1727 887 1760 litteris
915 1738 1026 1772 super
1053 1726 1121 1759 hoc
1149 1726 1400 1768 conficiendis,
1429 1726 1487 1760 vel
1515 1739 1580 1772 pro
1608 1727 1732 1772 sigillo
1760 1726 1928 1760 habendo
1957 1726 2069 1760 nichil
2093 1727 2246 1772 recipiet
2269 1726 2328 1761 vel

445 1794 566 1839 exiget
598 1793 838 1827 cancellarius
868 1793 1097 1834 parisiensis,
1135 1794 1355 1839 quicumque
1389 1794 1499 1826 suerit
1527 1806 1592 1838 pro
1622 1800 1786 1839 tempore
1817 1793 2049 1827 substitutus.
2086 1793 2186 1827 Idem
2221 1793 2327 1827 etiam

446 1861 637 1894 statuimus
672 1872 738 1906 pro
773 1860 940 1893 ecclesiis
975 1860 1182 1905 specialiter
1217 1860 1372 1893 ecclesie
1407 1860 1605 1893 Parisiensi
1639 1860 1829 1906 subjectis,
1863 1861 2035 1894 videlicet
2068 1872 2134 1906 pro
2173 1860 2328 1894 ecclesia

448 1928 567 1960 Sancti
596 1927 772 1961 Johannis
804 1927 975 1967 Rotundi,
1013 1927 1132 1960 Sancti
1164 1927 1349 1972 Stephani,
1382 1927 1502 1961 Sancti
1532 1927 1699 1973 Dyonisii
1729 1928 1774 1960 de
1809 1929 1935 1969 Passu,
1973 1927 2092 1960 Sancti
2123 1927 2325 1969 Benedicti,

446 1995 566 2028 Sancti
591 1994 779 2035 Mederici,
807 1994 926 2027 Sancti
952 1994 1159 2033 Cristosori,
1186 2001 1221 2027 ct
1246 2006 1310 2039 pro
1337 1994 1523 2027 canonicis
1549 1994 1757 2027 earumdem
1784 1994 2034 2036 ecclesiarum,
2061 2000 2097 2027 et
2116 2006 2181 2039 pro
2202 1993 2328 2039 hospi-

446 2061 506 2094 tali
534 2062 642 2094 Beate
672 2061 796 2096 Mario.
830 2068 868 2094 ut
898 2061 1066 2094 similiter
1095 2061 1140 2093 de
1175 2061 1276 2094 nullo
1306 2068 1494 2094 contractu
1529 2073 1636 2106 quem
1665 2061 1784 2106 aliqua
1814 2062 1963 2094 istarum
1999 2061 2235 2094 ecclesiarum
2269 2060 2328 2094 vel

445 2128 577 2174 aliquis
603 2128 801 2162 canonicus
827 2128 1033 2161 earumdem
1061 2128 1167 2161 saciet
1191 2140 1271 2161 cum
1298 2128 1434 2173 aliquo,
1460 2128 1518 2162 vel
1543 2128 1676 2173 aliquis
1702 2140 1782 2161 cum
1810 2128 1876 2169 eis,
1903 2127 2041 2173 aliquid
2066 2127 2152 2161 inde
2177 2127 2330 2173 recipiet

445 2195 683 2228 cancellarius
714 2206 779 2239 pro
814 2194 1021 2239 privilegio,
1056 2194 1114 2228 vel
1149 2206 1214 2239 pro
1249 2201 1356 2235 carta,
1391 2194 1449 2228 vel
1483 2194 1627 2235 litteris,
1663 2194 1721 2228 vel
1756 2194 1861 2227 etiam
1896 2206 1962 2239 pro
1998 2193 2133 2239 sigillo.
2171 2194 2207 2227 Si
2241 2205 2328 2228 vero

446 2268 613 2295 extranea
638 2273 794 2307 persona
819 2261 937 2306 aliqua
964 2274 1075 2306 super
1100 2261 1211 2294 rebus
1237 2274 1307 2306 que
1333 2261 1378 2294 ad
1403 2261 1558 2307 aliquam
1585 2273 1824 2307 personarum
1844 2261 1903 2295 vel
1924 2261 2159 2294 ecclesiarum
2186 2260 2330 2306 predic-

446 2336 559 2362 tarum
583 2329 799 2374 pertineant,
822 2328 961 2361 litteras
983 2340 1048 2361 seu
1068 2335 1199 2362 cartam
1221 2328 1278 2362 vel
1299 2328 1397 2361 aliud
1419 2329 1701 2362 instrumentum
1723 2328 1880 2374 petierit,
1902 2335 2057 2373 quatuor
2080 2327 2328 2361 tantummodo

447 2395 617 2428 denarios
643 2395 728 2428 inde
754 2394 902 2428 habebit
926 2395 1179 2435 cancellarius,
1207 2402 1274 2428 tam
1302 2407 1367 2440 pro
1394 2395 1573 2440 scriptura
1599 2407 1703 2440 quam
1732 2407 1797 2440 pro
1823 2407 1904 2428 cera
1930 2402 1965 2428 et
1989 2394 2125 2440 sigillo.
2156 2393 2330 2427 Similiter

446 2469 562 2495 autem
596 2463 640 2494 (lc
671 2462 772 2495 nullo
801 2468 987 2495 contractu
1018 2474 1124 2507 quem
1156 2461 1312 2495 clericus
1347 2461 1584 2495 beneficiatus
1618 2462 1655 2495 in
1690 2461 1844 2495 ecclesia
1878 2461 2076 2495 Parisiensi
2108 2461 2214 2494 saciet
2246 2472 2328 2494 cum

448 2528 582 2573 aliquo,
606 2541 716 2573 super
738 2528 848 2561 rebus
869 2529 913 2561 ad
935 2529 1047 2574 ipsam
1071 2529 1262 2562 ecclesiam
1289 2528 1571 2574 pertinentibus,
1599 2529 1838 2562 cancellarius
1863 2528 1975 2566 nichil
1995 2527 2153 2561 habebit.
2185 2527 2221 2560 Si
2240 2538 2328 2561 vero

449 2594 643 2639 capitulum
675 2594 881 2627 parisiense
915 2595 1070 2640 aliquem
1107 2595 1152 2628 de
1183 2596 1300 2628 servis
1331 2596 1408 2628 suis
1443 2595 1556 2641 gratis
1590 2595 1854 2636 manumiserit,
1889 2601 1925 2628 et
1957 2594 2076 2627 littere
2110 2593 2195 2626 inde
2228 2593 2326 2635 fiant,

450 2660 688 2693 cancellarius
719 2660 831 2693 nichil
861 2661 945 2693 inde
981 2661 1127 2706 exigere
1161 2662 1307 2706 poterit,
1343 2662 1414 2694 nisi
1445 2661 1693 2694 tantummodo
1724 2661 1817 2694 duos
1847 2660 2008 2701 solidos;
2046 2660 2076 2693 si
2110 2666 2228 2693 autem
2263 2671 2329 2705 pro

451 2727 587 2772 precio,
619 2739 684 2772 pro
713 2726 875 2771 qualibet
900 2727 991 2760 libra
1020 2727 1133 2772 precii
1161 2727 1354 2760 duodecim
1381 2728 1552 2761 denarios
1577 2727 1662 2760 inde
1688 2727 1876 2772 percipiet,
1911 2727 2026 2760 donec
2052 2738 2191 2759 summa
2216 2726 2330 2771 precii

452 2793 660 2839 pervenerit
683 2804 800 2837 usque
825 2793 868 2826 ad
894 2805 1069 2826 summam
1095 2805 1139 2826 XL
1165 2793 1360 2834 librarum;
1392 2794 1422 2826 si
1444 2800 1562 2826 tamen
1588 2793 1743 2838 pretium
1769 2793 2067 2826 manumissionis
2093 2792 2329 2838 quadraginta

452 2859 564 2892 libras
594 2859 805 2900 excesserit,
837 2859 948 2892 nichil
978 2859 1063 2892 inde
1093 2859 1185 2892 ultra
1211 2870 1257 2892 XL
1282 2859 1422 2892 solidos
1451 2859 1585 2892 habere
1615 2860 1749 2904 poterit
1777 2859 2027 2892 cancellarius.
2063 2859 2231 2893 Ceterum
2264 2870 2329 2904 pro

453 2926 610 2972 singulis
638 2926 768 2959 litteris
796 2925 976 2959 obolatam
1003 2938 1098 2967 cere,
1129 2932 1164 2959 et
1190 2938 1255 2971 pro
1283 2926 1391 2959 cartis
1419 2926 1638 2959 denariatam
1666 2926 1819 2971 recipiet
1842 2925 2079 2959 cancellarius
2106 2938 2124 2959 a
2150 2925 2329 2971 capicerio

1735 3266 1794 3327 &ax
