2580 3528
251 415 358 456 1248]
597 425 644 447 ΑΒ
678 425 785 447 Auno
820 424 898 447 mcc
932 424 1066 454 usquc
1101 424 1157 446 sn·
1181 423 1415 447 -rnimrrum
1450 425 1490 447 iv
1525 425 1613 447 nso.
1650 426 1788 448 ruine.
2071 417 2133 450 21‘1

346 499 457 532 frater
475 497 660 533 Johannes
681 498 726 532 de
746 499 870 532 Monte
891 497 1083 532 Mirabili⁸⁰

346 559 457 600 frater
474 550 676 613 lebannes,
694 565 892 612 gardianus
913 565 1061 599 fratrum
1084 565 1266 599 Minorum

346 632 456 666 frater
475 631 557 666 odo
577 617 629 679 *de*
644 622 800 666 Romaco

346 699 458 733 frater
478 689 702 745 Raginaldus
721 699 961 733 Carnotensis

347 766 458 800 frater
477 766 658 801 Henricus
678 765 963 800 Theutonicus¹¹

347 831 457 866 frater
475 832 710 866 Theobaldus
731 833 776 866 de
796 833 1008 867 Sexanniass

346 899 459 933 frater
479 899 626 946 Symon,
648 900 817 933 minister
837 900 958 934 Sancti
978 900 1190 942 Mathurini,
1211 900 1386 934 Parisius.

262 978 266 982 ’
304 967 467 1010 Quorum
498 965 620 1012 sigilla
652 966 816 1012 apposita
846 973 932 1000 sunt
966 966 1200 1012 presentibus
1234 979 1387 1000 unacum
1423 974 1549 1000 nostro
1585 967 1621 1000 in
1653 967 1899 1000 testimonium
1931 967 2041 1013 hujus
2072 967 2137 1000 rei.

259 1034 340 1067 Dat.
361 1044 458 1067 anno
479 1033 626 1067 Domini
645 1033 749 1068 MCC
758 1034 820 1067 XL
829 1034 928 1075 Vlll,
951 1045 1075 1067 mense
1098 1034 1204 1067 Maio.

354 1109 424 1134 Bibl.
440 1111 494 1134 nst.
510 1109 595 1133 Paris.
612 1117 661 1133 ms.
678 1109 724 1133 lat.
741 1109 827 1138 16558,
849 1110 894 1133 fol.
911 1110 965 1133 2³4.
985 1110 1014 1134 ln
1033 1110 1091 1133 cod.
1109 1110 1158 1133 hoe
1173 1110 1359 1133 documentum
1378 1110 1476 1142 excipit
1494 1110 1607 1133 alterum
1629 1118 1711 1142 supra
1727 1114 1756 1133 n⁰
1771 1110 1816 1133 173
1835 1110 1958 1138 relatum,
1973 1110 2024 1133 sub
2038 1110 2116 1134 titulo
2132 1118 2139 1134 2

261 1162 273 1177 r<
289 1155 354 1178 Item
369 1154 420 1178 alie
434 1153 521 1178 littere
531 1161 553 1177 ».
569 1167 600 1172 -
615 1153 834 1183 Qustif-Eehard,
849 1154 953 1185 εστ-ἱρὴ
967 1155 1028 1179 ord.
1043 1154 1156 1182 Praed„
1174 1155 1193 1183 l,
1211 1155 1265 1178 166.
1282 1154 1449 1186 D'Argentre.
1467 1154 1621 1185 coll-jud„
1637 1154 1657 1183 l,
1672 1154 1725 1178 155.

355 1217 377 1240 1.
395 1215 460 1240 Vide
474 1224 558 1248 supra
574 1220 604 1240 n⁰
619 1216 673 1240 172.
689 1229 720 1234 —
734 1217 757 1240 2.
776 1216 827 1244 Qui
841 1217 890 1240 ruit
909 1216 1083 1240 cancellarius
1098 1219 1159 1248 post
1177 1217 1322 1241 Galterum.
1338 1230 1370 1235 -
1384 1218 1407 1240 3.
1426 1217 1455 1240 ln
1469 1216 1537 1240 Bibl.
1554 1220 1607 1240 nat.
1624 1217 1720 1245 Paris„
1737 1225 1785 1240 ms.
1803 1217 1848 1240 lat.
1866 1218 1951 1245 15652,
1969 1217 2013 1241 fol.
2027 1218 2067 1246 32,
2082 1217 2139 1245 63¹²,

252 1262 301 1290 Ut,
315 1264 420 1285 exstant
433 1263 556 1293 excerpta
570 1269 602 1285 ex
616 1261 805 1285 commentario
821 1269 833 1284 ι(
849 1269 931 1293 super
944 1261 991 1284 lib.
1008 1261 1125 1285 Sentent.
1142 1261 1265 1294 magistri
1279 1261 1478 1294 Archiepiscopi
1493 1270 1515 1285 υ.
1536 1262 1572 1285 De
1594 1261 1645 1285 isto
1665 1269 1714 1285 ms.
1735 1261 1795 1285 vide
1817 1270 1899 1293 supra
1919 1262 1952 1285 ad
1968 1266 1998 1285 n⁰
2011 1263 2051 1290 90,
2074 1270 2099 1285 n.
2116 1263 2140 1286 2.

253 1305 301 1332 sti
316 1308 343 1329 et
357 1305 402 1329 l'ol.
425 1305 597 1329 110-186-194
616 1305 805 1329 commentaria
822 1305 854 1331 G.
869 1307 904 1330 de
919 1306 1016 1331 Castro
1034 1305 1168 1331 Terterici
1187 1314 1268 1338 super
1282 1306 1453 1334 matthaeum,
1467 1306 1542 1330 Cant.
1558 1306 1632 1330 Cant.
1649 1309 1675 1330 et
1688 1306 1755 1330 alios
1770 1306 1853 1330 libros
1869 1306 2027 1338 allegantur.
2045 1306 2141 1338 Utique

259 1349 304 1374 hie
318 1349 447 1382 mag-ister
460 1341 584 1374 Gslterus
599 1349 774 1374 macellarius
788 1349 956 1378 Parisiensis,
973 1350 1005 1374 de
1019 1358 1072 1382 quo
1087 1344 1170 1382 supra
1185 1354 1214 1374 n⁰
1229 1350 1283 1378 176,
1300 1358 1325 1374 n.
1342 1351 1365 1378 1,
1383 1350 1542 1378 insinuatur,
1558 1350 1604 1382 qui
1617 1350 1643 1374 in
1658 1350 1707 1374 hoc
1722 1351 1879 1374 documento
1894 1350 1981 1382 primo
2001 1351 2058 1374 loco
2074 1350 2142 1375 inter

261 1393 404 1426 magistros
418 1394 568 1426 theologiae
583 1393 700 1418 affertur.
715 1407 747 1412 —
760 1395 784 1418 4.
804 1394 864 1426 lpse
879 1397 909 1418 ut
921 1394 1132 1420 cathedraticas
1150 1394 1281 1419 successit
1295 1394 1380 1419 Odoni
1395 1394 1510 1427 Rigaldi,
1531 1395 1576 1427 qui
1595 1395 1644 1418 hoc
1659 1395 1718 1427 ipso
1738 1403 1807 1419 anno
1829 1396 1914 1419 factus
1936 1398 1976 1419 est
1999 1395 2141 1427 episcopus

261 1438 490 1470 Rothomagensis.
511 1438 551 1463 Cf.
572 1438 604 1462 de
622 1446 653 1462 eo
673 1438 832 1467 Salimbene,
852 1439 966 1467 Ghron.,
986 1447 1012 1471 p.
1033 1440 1073 1467 93,
1094 1440 1148 1463 220.
1165 1453 1196 1456 -
1215 1442 1237 1463 5,
1260 1439 1312 1463 lste
1335 1442 1361 1462 et
1383 1439 1435 1463 duo
1457 1443 1596 1471 sequentes
1611 1443 1674 1463 sunt
1687 1447 1718 1463 ex
1732 1439 1796 1463 Ord.
1813 1440 1906 1463 Praed.
1925 1453 1956 1457 ——
1972 1441 1995 1463 6.
2013 1440 2042 1463 ln
2058 1439 2140 1463 dioec.

260 1482 449 1508 Lemovioensi.
462 1496 494 1501 -
508 1484 531 1507 7.
548 1483 577 1507 ln
597 1491 646 1507 ms.
664 1491 676 1506 α
696 1483 868 1507 Trecenensis
883 1491 905 1507 n.
922 1497 954 1501 —
967 1484 990 1507 8,
1007 1483 1084 1507 Forte
1104 1483 1173 1507 idem
1193 1487 1272 1515 atque
1289 1484 1432 1507 canonicus
1449 1484 1640 1508 Laudunensis.
1662 1484 1701 1508 Cf.
1717 1484 1847 1513 Guerard,
1863 1484 1896 1512 11,
1913 1485 1966 1507 344.
1984 1498 2015 1502 -
2033 1486 2056 1507 9.
2079 1485 2098 1508 l.
2119 1493 2141 1508 e.

262 1535 275 1551 ι
289 1527 371 1552 Ponte
384 1527 468 1551 Arche
483 1534 505 1551 r.
521 1541 553 1545 —
568 1527 606 1551 10.
622 1527 686 1552 Ord.
703 1527 796 1551 Praed.
817 1527 882 1551 Vide
900 1527 1030 1556 Gna-ard,
1047 1527 1066 1556 1,
1089 1527 1142 1551 159.
1165 1527 1249 1559 Lecoy
1268 1528 1300 1551 de
1324 1528 1349 1551 la
1365 1528 1478 1554 Mai-che.
1494 1529 1646 1553 Anecdotes
1661 1527 1770 1556 histor„
1789 1537 1815 1560 p.
1838 1528 1892 1556 100,
1909 1529 1963 1551 386.
1980 1527 2040 1551 Fuit
2057 1528 2143 1559 primo

257 1571 463 1597 archidiaconus
477 1571 562 1597 raris.
579 1585 607 1590 —
623 1572 708 1597 11.1d
722 1575 763 1596 est
777 1572 905 1596 uem-icus
925 1572 957 1596 de
981 1571 1100 1601 Colonia,
1121 1572 1185 1596 Ord.
1207 1572 1310 1601 Praed„
1335 1581 1388 1604 quo
1407 1572 1551 1604 instigante
1570 1573 1715 1596 secuudum
1734 1572 1864 1596 ‘rhomam
1879 1572 2053 1604 Cantimprat.
2075 1572 2143 1602 (Lib.

261 1623 359 1648 apum,
374 1617 393 1640 l.
410 1617 433 1646 1,
448 1624 471 1641 c.
487 1615 511 1646 3)
526 1617 689 1641 ,ludaeorum
704 1616 767 1641 libri
781 1619 844 1640 sunt
861 1617 1002 1641 combusti.
1019 1630 1050 1635 —
1064 1617 1102 1640 12.
1119 1617 1222 1641 Echard
1238 1620 1264 1641 et
1278 1617 1433 1648 d'Argentre
1448 1617 1516 1641 male
1530 1618 1623 1649 legunt
1638 1626 1650 1641 «
1667 1617 1781 1641 Saxonia
1797 1625 1818 1641 υ,
1835 1617 1966 1641 Sexannin
1981 1616 2119 1648 (Sezannia
2127 1617 2144 1649 ?)

262 1663 351 1686 forsan
370 1664 412 1686 est
434 1661 551 1686 sezanne
569 1660 632 1693 (arr.
653 1654 793 1693 flpernay).
819 1661 876 1685 Non
900 1665 973 1685 caret
990 1661 1189 1694 probabilitate,
1211 1661 1292 1685 istum
1312 1663 1422 1686 fratrem
1441 1670 1500 1686 esse
1521 1662 1642 1686 eumdem
1664 1670 1723 1685 cum
1743 1665 1849 1686 auctore
1870 1661 1933 1685 libri
1952 1662 2093 1693 Ezccerpta
2110 1669 2145 1686 σω

264 1705 397 1735 Talmud,
413 1705 458 1738 qai
473 1705 500 1730 in
515 1714 579 1741 mss.
594 1714 674 1739 saepe
688 1706 812 1734 occurrit,
828 1709 854 1730 et
867 1706 894 1730 in
905 1706 974 1730 Bibl.
991 1706 1103 1735 Monac„
1119 1714 1168 1730 ms.
1187 1706 1233 1730 lat.
1251 1707 1337 1736 26847,
1354 1706 1399 1730 sol.
1417 1707 1457 1735 68,
1474 1706 1512 1730 sic
1526 1706 1701 1730 describitur:
1715 1715 1727 1730 (ι
1743 1706 1791 1730 Isti
1806 1709 1868 1730 sunt
1881 1714 1985 1730 errores
1999 1706 2145 1730 Judeorum

261 1750 289 1774 in
308 1750 378 1774 libro
401 1750 551 1780 Thalemut,
571 1758 684 1783 quorum
703 1750 905 1774 translationem
930 1751 961 1774 fr.
988 1751 1157 1775 Theobaldus
1177 1751 1312 1782 subprior
1330 1752 1391 1776 ord.
1410 1751 1515 1776 Praed.
1535 1752 1569 1776 in
1587 1751 1658 1776 villa
1676 1751 1846 1779 parisiensi,
1871 1751 1917 1783 qui
1937 1751 2070 1783 quondam
2089 1755 2146 1775 erat

261 1795 372 1825 sudeus.
392 1795 532 1820 transtulit
548 1794 581 1820 de
596 1795 704 1827 judaieo
726 1795 752 1819 in
771 1795 884 1819 latinum
906 1804 928 1820 n.
945 1796 984 1820 Cf.
1007 1795 1076 1820 Bibl.
1101 1796 1178 1820 Univ.
1202 1796 1281 1828 Prag.
1308 1796 1337 1820 V.
1361 1796 1389 1820 C.
1413 1796 1452 1824 18,
1474 1796 1518 1820 fol.
1543 1796 1564 1820 1.
1591 1796 1658 1820 Bibl.
1681 1796 1802 1828 Amplon.
1822 1796 1876 1821 1²01.
1894 1804 1942 1820 ms.
1960 1798 2015 1825 338,
2038 1797 2083 1820 l'ol.
2101 1796 2144 1820 131

261 1839 406 1872 (epitheton
420 1844 483 1864 vero
497 1841 532 1865 de
550 1840 679 1866 Βαωοηία
694 1848 745 1864 non
766 1840 900 1865 invenitur
919 1840 946 1864 in
965 1840 1015 1864 hoc
1029 1841 1098 1869 cod.,
1117 1841 1163 1864 sed
1178 1840 1265 1865 editor
1279 1841 1394 1872 catalogi
1409 1840 1507 1864 Schum
1527 1840 1594 1864 illud
1610 1849 1751 1873 perperam
1766 1841 1909 1873 apposuit).
1927 1841 1955 1865 In
1973 1842 2146 1866 correctorio

254 1880 379 1914 'mltum
404 1892 454 1909 ms.
474 1885 520 1909 lat.
537 1885 613 1909 16721
631 1885 708 1915 (med.
731 1893 801 1909 saec.
817 1885 895 1918 xm),
915 1885 984 1909 Bibl.
1005 1888 1058 1909 nat.
1084 1885 1179 1914 Paris..
1204 1885 1248 1909 fol.
1273 1886 1327 1914 181,
1344 1886 1398 1913 187,
1415 1886 1469 1914 207,
1486 1886 1540 1914 218,
1558 1885 1655 1910 mentio
1671 1886 1700 1909 fit
1716 1894 1727 1909 «
1743 1886 1935 1910 correctionum
1952 1886 2043 1910 fratris
2059 1885 2146 1909 Theo-

260 1929 344 1955 baudi
359 1937 382 1954 ι.
397 1929 583 1954 verisimiliter
597 1932 638 1954 est
658 1929 728 1954 idem
747 1938 807 1953 cum
822 1929 976 1954 Theobaldo
991 1938 1073 1962 supra
1088 1930 1180 1954 relato.

268 2038 376 2077 179.
399 2049 545 2076 Staeutum
560 2057 624 2086 cap.
645 2048 791 2084 generalis
810 2049 876 2076 Ord.
897 2049 1002 2076 Praed.
1020 2049 1074 2075 sub
1090 2049 1229 2085 magistro
1241 2049 1371 2076 Iohanne
1392 2049 1541 2076 Teutonico
1557 2049 1683 2076 Parisiis
1698 2049 1838 2076 celebrati
1851 2049 1888 2077 de
1902 2050 2009 2076 studiis
2023 2059 2146 2086 genera-

353 2095 430 2124 libus
444 2100 474 2124 et
486 2097 652 2124 doctoribus
669 2097 794 2124 Ordinis.

1436 2135 1513 2165 1248.
1528 2135 1603 2161 dmm
1618 2135 1728 2165 ineunte,
1743 2135 1858 2162 Pal-iniit.

354 2193 650 2239 [Confirmamus]
679 2194 771 2228 hanc
802 2195 1144 2241 [constitutionen1],
1181 2195 1243 2229 ubi
1278 2195 1412 2229 dicitur
1446 2196 1482 2229 in
1517 2195 1852 2231 Constitutionibus
1876 2207 1883 2229 ε
1907 2202 1981 2229 tres
2015 2197 2146 2230 fratres

260 2260 454 2294 vmittantur
472 2267 609 2295 tantum
631 2261 794 2295 Parieius
814 2261 859 2295 ad
879 2261 1041 2295 studium
1063 2262 1108 2295 de
1130 2262 1348 2308 provincia“,
1369 2262 1547 2296 addatur:
1570 2263 1650 2308 iiij⁰=
1673 2275 1761 2296 vero
1783 2263 1983 2308 provincie,
2006 2262 2148 2296 scilicet

266 2327 468 2369 Provincia,
498 2326 716 2369 Lonbardia,
743 2327 958 2369 Theotonia,
980 2327 1113 2374 Anglia
1133 2328 1362 2374 provideant,
1388 2335 1428 2362 ut
1451 2340 1597 2374 semper
1622 2329 1659 2362 in
1685 2328 1807 2374 aliquo
1827 2335 2008 2362 conventu
2029 2329 2146 2375 magis

266 2393 410 2439 ydoneo
440 2393 487 2428 sit
516 2393 690 2440 generale
722 2394 903 2428 studium·
933 2401 969 2428 et
997 2394 1216 2440 sollempne,
1248 2401 1284 2428 et
1311 2395 1355 2428 ad
1388 2394 1489 2428 illum
1528 2395 1647 2428 locum
1677 2394 1831 2440 quilibet
1863 2395 1963 2441 prior
1999 2395 2147 2441 provin-

267 2459 370 2494 cialis
398 2466 614 2506 potestatem
641 2460 771 2494 habeat
795 2461 961 2494 mittendi
987 2461 1081 2494 duos
1106 2461 1236 2494 fratres
1261 2461 1426 2507 ydoneos
1445 2461 1491 2494 ad
1511 2461 1745 2495 studendum.
1769 2462 1813 2494 Et
1836 2461 1904 2494 hoc
1926 2461 2060 2495 habent
2079 2462 2145 2498 tria

268 2526 435 2573 capitula.
463 2527 552 2560 Item
578 2526 682 2568 hanc,
711 2526 774 2561 ubi
802 2527 935 2561 dicitur
960 2527 998 2561 in
1027 2527 1389 2562 constitutionibus:
1409 2527 1533 2561 nullus
1559 2527 1620 2561 ssat
1646 2527 1816 2574 publicus
1842 2528 1982 2569 doctor,
2009 2528 2080 2562 nisi
2101 2529 2146 2562 ad

267 2594 388 2646 minus
408 2593 628 2640 theologiam
651 2594 808 2628 audierit
832 2606 897 2640 per
922 2594 1002 2639 iiij0‘
1025 2594 1176 2636 annos⁸,
1199 2594 1373 2628 addatur:
1393 2606 1459 2628 nec
1480 2594 1654 2641 disputet,
1684 2595 1754 2628 nisi
1775 2595 1820 2629 de
1842 2595 1986 2629 licentia
2012 2595 2145 2641 prioris

267 2642 503 2707 provincialis
522 2667 565 2695 et*
578 2660 814 2697 diffinitorum
835 2660 983 2707 capituli
1005 2660 1251 2707 provincialis.
1274 2662 1319 2695 Et
1338 2660 1407 2695 hoc
1426 2660 1562 2695 habent
1581 2661 1647 2695 tria
1667 2661 1834 2708 capitula.

360 2734 422 2761 un.
439 2737 513 2762 Rom.
524 2731 656 2762 et'lluten.
669 2731 754 2769 Capp.¹
769 2737 885 2769 general.
903 2737 967 2762 Ord.
984 2737 1076 2762 Praed.
1094 2738 1127 2761 ad
1143 2737 1232 2770 ipsam
1242 2723 1362 2761 ordinem
1376 2737 1547 2769 pertinentes.
1558 2751 1589 2756 —
1600 2738 1680 2762 Annis
1696 2738 1757 2762 1246
1771 2741 1796 2762 et
1810 2738 1869 2762 1247
1886 2738 1934 2762 hae
1945 2722 2145 2762 constitutiones

267 2780 404 2805 inchoatae
418 2784 488 2805 sunt.
506 2781 581 2814 Apud
598 2781 723 2810 Est-tene,
744 2781 821 2807 Thes.
837 2788 901 2807 noo.
919 2783 1028 2811 anecd,
1045 2782 1087 2810 lv,
1107 2783 1176 2811 1090,
1189 2786 1223 2809 51⁰
1242 2783 1264 2810 ³,
1286 2782 1469 2806 tantummodo
1487 2782 1619 2806 inchoatio
1638 2782 1699 2806 anni
1721 2783 1790 2811 1246,
1807 2790 1857 2806 non
1874 2783 1996 2816 repetitio
2009 2786 2035 2808 et
2053 2784 2146 2807 confir-

267 2825 358 2850 matio.

363 2887 384 2912 1.
400 2887 439 2912 Cf.
463 2887 668 2913 Constitutione:
683 2889 745 2912 nnni
761 2889 822 2913 1228
839 2898 855 2913 a
879 2889 977 2913 Denisse
996 2889 1147 2921 publicatas
1167 2889 1193 2913 in
1213 2890 1319 2914 Archiv
1337 2891 1357 2920 s.
1380 2889 1550 2914 Liueratur-
1570 2890 1632 2914 und
1651 2889 1868 2921 Kirchmyesch.
1889 2891 1937 2915 dee
1957 2890 2144 2918 Mittelalcers.

268 2931 289 2962 Ι,
304 2932 359 2958 22⁶.
374 2945 406 2951 —
420 2932 442 2956 2.
460 2932 514 2956 ista
529 2932 617 2957 studia
631 2933 766 2965 generalis
781 2936 843 2958 tunc
859 2935 965 2958 fuerunt
979 2933 1112 2963 Coloniae,
1128 2933 1270 2963 Bononiae,
1288 2933 1521 2966 Montispessulani
1534 2937 1560 2957 ot
1574 2933 1698 2958 Oxoniae.
1715 2934 1870 2958 Coloniense
1885 2934 1918 2958 ab
1930 2934 2035 2958 Alberto
2051 2934 2145 2966 Magno

267 2979 330 3008 pout
341 2975 398 3008 ejus
413 2984 565 3009 regressam
580 2985 596 3001 s
610 2977 721 3002 Parisiis
737 2979 807 3010 (post
822 2978 851 3002 1⁵
864 2978 924 3002 Maii
941 2986 982 3002 nn.
1000 2978 1070 3008 1248)
1086 2981 1126 3003 est
1141 2978 1299 3002 institutum.
1316 2992 1347 2997 —
1363 2980 1385 3002 3.
1403 2978 1466 3001 Vide
1477 2979 1590 3007 Archiv,
1605 2982 1664 3009 ecc„
1681 2987 1706 3010 p.
1724 2979 1779 3002 223.
