2580 3528
491 368 557 402 648
1065 376 1395 399 CHARTULARIUM
1431 375 1623 397 nmvsns.
1661 374 1792 396 Pinus.

581 453 683 493 Item,
718 452 914 484 Sermones
946 451 1156 485 Abiciamus
1199 450 1243 483 de
1276 449 1360 482 Mali
1374 450 1400 466 ²⁸
1440 449 1484 481 de
1516 447 1725 489 dominicis,
1758 447 1948 480 continent

493 518 613 563 pecias
634 517 718 550 xlix.
756 544 761 550 .

581 585 688 626 Item,
724 585 919 618 Sermones
955 583 1118 628 ejusdem
1157 583 1201 616 de
1235 582 1352 623 sestis,
1384 581 1524 614 scilicet
1552 593 1571 613 a
1607 580 1700 614 festo
1729 581 1764 614 S.
1797 580 1945 614 Andree

490 651 646 696 apostoli
669 662 786 696 usque
809 650 852 683 ad
889 650 1216 683 Annunciationem
1241 647 1508 689 dominicam²‘,
1535 647 1605 692 xvij
1631 647 1765 692 pecias.

580 719 682 759 Item,
706 718 901 750 Sermones
921 716 1042 749 fratris
1063 716 1159 749 Petri
1180 715 1224 748 de
1247 716 1377 748 Sancto
1400 714 1599 747 Benedicto
1612 714 1652 755 ¹⁷,
1678 713 1820 747 scilicet
1839 714 1944 748 Desi-

488 783 647 825 deratus,
673 784 717 816 de
748 783 954 824 dominicis,
983 782 1171 815 continent
1199 781 1320 826 pecias
1348 781 1460 826 xxiiij.

580 852 681 891 Item,
695 850 889 883 Sermones
906 848 1070 893 ejusdem
1088 848 1132 881 de
1148 848 1266 890 festis,
1280 847 1421 880 scilicet
1435 846 1718 892 Suspendium²⁸,
1731 848 1787 892 xxj
1805 847 1940 893 pecias.

579 918 681 958 Item,
708 916 909 950 Commune
933 915 1158 956 Sanctorum,
1183 913 1325 947 scilicet
1349 914 1474 948 Nimis
1494 914 1665 948 honorati
1689 918 1785 956 sunt,
1814 925 1860 947 xx
1881 925 1944 959 pe-

488 983 561 1016 cias
577 1009 582 1015 .

577 1050 678 1090 Item,
705 1049 899 1081 Sermones
922 1047 1189 1080 Alleabatensis
1199 1047 1225 1064 ²⁹
1250 1047 1294 1080 de
1318 1047 1525 1080 dominicis.

576 1116 678 1156 Item,
705 1115 900 1148 Sermones
923 1114 1009 1147 dicti
1031 1114 1185 1159 Legifer
1211 1120 1281 1147 tam
1311 1113 1356 1146 de
1386 1113 1581 1147 dominicis
1611 1125 1717 1159 quam
1748 1113 1792 1147 de
1822 1114 1939 1155 festis,

489 1182 608 1226 pecias
631 1193 721 1214 xxxv
749 1207 755 1213 .

575 1249 678 1289 Item,
710 1248 905 1281 Sermones
935 1247 1178 1292 provinciales
1208 1247 1252 1280 de
1282 1247 1427 1290 Tussia,
1457 1247 1519 1292 qui
1548 1247 1729 1293 incipiunt
1750 1247 1939 1292 Sapientia

486 1315 712 1356 Sanctorum,
737 1314 925 1347 continent
947 1314 1068 1359 pecias
1091 1314 1185 1359 xxxij
1220 1340 1227 1347 .

575 1382 676 1422 Item,
703 1382 801 1414 Nova
825 1380 980 1426 legenda
1003 1380 1165 1413 omnium
1192 1380 1458 1422 Sanctoru1n⁸⁰,
1481 1381 1645 1414 continet
1666 1381 1788 1426 pecias
1818 1380 1935 1414 lxxxx.

575 1449 676 1489 Item⁷
705 1448 899 1480 Sermones
927 1447 1102 1488 Biardi⁸¹,
1126 1447 1171 1480 de
1193 1447 1402 1490 dominicis,
1426 1448 1616 1481 continent
1637 1447 1660 1492 lj
1686 1448 1820 1493 pecias.

575 1515 677 1555 Item,
702 1514 896 1547 Sermones
919 1514 1084 1558 ejusdem
1108 1514 1152 1547 de
1175 1514 1293 1556 festis,
1317 1514 1401 1560 xviij
1427 1515 1549 1560 pecias
1575 1541 1581 1547 .

576 1582 676 1622 Item,
708 1580 970 1613 Distinctiones
994 1581 1202 1622 Mauricii³²,
1233 1581 1424 1614 continent
1451 1581 1573 1627 pecias
1604 1581 1754 1626 lxxxiiij.

1120 1683 1198 1717 Hec
1212 1688 1265 1717 est
1279 1683 1424 1718 taxatio
1440 1683 1699 1728 exemplar-ium
1717 1696 1728 1717 :

574 1782 642 1813 Pro
672 1787 769 1813 textu
799 1780 1079 1813 Decretalium³⁸
1103 1807 1108 1813 .

574 1848 642 1879 Pro
665 1847 848 1892 Apparatu
874 1847 1166 1880 Decretalin1n⁸‘.

574 1914 642 1946 Pro
665 1920 763 1946 textu
786 1914 988 1947 Decreti³⁵.

573 1981 642 2013 Pro
664 1981 847 2026 Apparatu
869 1982 1106 2014 Decretorum
1117 1981 1164 2013 ⁸⁶.

575 2048 643 2079 Pro
668 2047 810 2079 Summa
834 2047 997 2080 Gosfredi
1011 2048 1048 2079 ³⁷.

575 2114 643 2146 Pro
670 2114 813 2146 Summa
839 2114 1054 2159 Hugonis⁸⁸.
1103 2141 1108 2146 .

575 2180 643 2212 Pro
668 2180 810 2213 Summa
834 2181 997 2226 magistri
1020 2181 1116 2214 Petri
1144 2181 1343 2214 Salviensis
1354 2181 1380 2198 ³⁰
1400 2207 1406 2213 .

576 2247 643 2279 Pro
666 2247 848 2292 Apparatu
872 2247 1126 2280 Innocentii‘⁰.
1162 2275 1167 2280 .

576 2314 643 2345 Pro
666 2313 822 2347 Casibus
843 2314 1136 2347 Bartholomci‘¹.
1164 2342 1168 2347 .

576 2380 644 2412 Pro
668 2380 823 2413 Casibus
847 2381 1022 2413 Bernarcli
1038 2381 1075 2413 ⁴¹.
1103 2408 1108 2413 .

577 2447 644 2478 Pro
668 2447 811 2479 Summa
845 2447 1023 2480 Rcmundi
1053 2460 1131 2481 cum
1163 2448 1402 2493 Apparatu⁵³.

577 2513 645 2544 Pro
670 2512 804 2545 libellis
828 2514 1036 2546 Ransredi‘·
1060 2515 1096 2547 in
1115 2515 1199 2559 jure
1222 2515 1398 2548 canonico
1422 2521 1458 2548 et
1479 2515 1618 2560 injure
1641 2515 1759 2549 civili.

578 2579 645 2610 Pro
670 2580 931 2623 llepertorio‘?

578 2645 645 2676 Pro
670 2645 874 2689 Copiosa¹⁵⁶.

578 2711 646 2742 Pro
670 2711 851 2755 Apparatn
876 2713 1131 2746 Hostiensis⁴⁷.
1163 2741 1167 2746 .

579 2777 647 2808 Pro
672 2778 862 2822 Margarita
886 2778 1049 2823 ipsius‘⁸.

580 2844 647 2875 Pro
671 2849 767 2876 textu
799 2844 836 2876 ss.
868 2845 1052 2877 veteris⁴⁹.

578 2911 645 2942 Pro
669 2910 849 2954 Apparatu
873 2911 947 2942 ΠΨ
989 2938 994 2942 .

2273 365 2375 406 [1286

2059 525 2105 548 xx
2125 514 2209 548 den.

2037 647 2098 693 viij
2121 647 2205 681 den.

2055 780 2102 826 xij
2126 780 2210 814 den.

2038 847 2100 892 viij
2124 847 2208 880 den.

2034 979 2097 1025 viij
2121 979 2206 1013 den.
2221 1013 2224 1017 ,

2009 1180 2095 1226 xviij
2119 1181 2191 1214 den

2052 1326 2098 1348 xv
2118 1314 2202 1348 den.

2058 1381 2095 1426 iij
2118 1381 2187 1415 sol.

2011 1447 2096 1493 xviij
2120 1447 2222 1483 den.v

2061 1515 2094 1559 vj
2117 1514 2202 1566 den.
2219 1548 2221 1550 ,

2055 1580 2092 1626 iij
2116 1580 2186 1614 sol.
2235 1575 2237 1577 ¹

2044 1781 2095 1826 iiij
2119 1780 2187 1814 sol.

2076 1860 2098 1882 v
2119 1847 2188 1881 sol.

2074 1926 2097 1949 v
2117 1913 2185 1948 sol.

2059 1981 2093 2026 vj
2117 1981 2187 2014 sol.

2070 2048 2094 2093 ij
2117 2047 2185 2081 sol.

2033 2114 2094 2160 viij
2117 2114 2185 2148 sol.

2076 2193 2098 2214 v
2119 2181 2187 2215 sol.

2074 2260 2096 2281 x
2116 2248 2184 2282 sol.

2008 2315 2031 2360 ij
2050 2314 2118 2348 sol.
2137 2321 2174 2348 et
2187 2315 2221 2360 vj
2239 2315 2324 2349 den.

2007 2381 2030 2426 ij
2048 2380 2116 2415 sol.
2135 2387 2171 2414 et
2185 2382 2218 2427 vj
2237 2381 2322 2416 den.

2042 2448 2093 2493 iiij
2116 2447 2184 2481 sol.

2075 2527 2097 2548 v
2117 2514 2185 2548 sol.

2074 2581 2098 2626 ij
2120 2581 2188 2614 sol.

2074 2659 2096 2680 x
2116 2647 2184 2680 sol.

2029 2725 2098 2747 xxx
2117 2713 2186 2747 sol.

2047 2780 2094 2825 xij
2117 2780 2201 2813 den.

2061 2847 2095 2891 vj
2117 2846 2185 2880 sol.

2075 2925 2097 2947 v
2117 2913 2185 2946 sol.
