2580 3528
283 417 384 458 1225]
627 425 676 448 AB
709 425 815 448 Anno
850 425 927 448 mcc
961 425 1094 454 USQUE
1128 425 1176 447 AD
1211 425 1441 448 Pnimppun
1477 426 1517 447 iv
1551 426 1640 448 nnc.
1677 426 1815 450 FRANC.
2100 418 2162 452 107

287 500 382 535 tatis.
411 499 518 534 Unde
543 511 561 533 a
587 498 789 533 venerabili
818 499 927 532 fratre
957 505 1084 532 nostro
1108 525 1129 531 ..
1152 498 1429 544 archiepiscopo
1456 499 1661 533 Senonensi
1689 506 1726 533 et
1750 501 1992 546 suffraganeis
2020 502 2099 546 ejus
2126 502 2163 534 in

287 565 500 614 provinciali
521 565 678 600 concilio
698 565 933 612 congregatis
948 566 1050 611 justo
1072 572 1130 599 est
1142 565 1283 611 judicio
1305 565 1553 611 reprobatus¹.
1575 566 1667 610 Quia
1688 567 1801 612 igitur
1820 567 1917 600 idem
1941 567 2048 609 liber,
2070 568 2166 601 sicut

285 633 507 680 accepimus,
536 633 574 666 in
594 632 783 666 nonnullis
810 632 1043 666 monasteriis
1068 639 1105 666 et
1128 632 1209 682 aliis
1236 632 1327 666 locis
1353 632 1519 674 habetur,
1541 640 1578 667 et
1601 633 1770 667 nonnulli
1796 633 2010 668 claustrales
2035 641 2071 668 et
2096 635 2164 668 viri

286 700 470 735 scolastici
490 700 689 734 novitatum
714 699 807 733 sorte
832 699 916 745 plus
937 711 1043 744 quam
1065 699 1232 745 expediat
1251 706 1444 741 amatores,
1466 711 1506 733 se
1527 700 1731 734 studiosius
1756 707 1935 746 occupant
1954 701 2041 734 dicti
2065 701 2164 742 libri,

287 767 490 814 gloriosum
511 773 722 813 reputantes
746 767 891 812 ignotas
912 767 1076 812 proferre
1097 766 1311 808 sententias,
1333 779 1414 800 cum
1435 767 1624 813 apostolus
1645 768 1813 813 profanas
1838 768 2017 802 novitates
2038 768 2167 802 doceat

286 834 526 868 evitare:nos
545 834 647 879 juxta
667 833 860 879 pastoralis
884 833 1145 867 sollicitudinis
1170 833 1333 867 debitum
1359 834 1566 879 corruptele
1596 847 1702 880 quam
1730 841 1857 880 posset
1880 835 2050 880 ingerere
2072 834 2166 869 liber

286 901 499 946 hujusmodi
523 912 718 934 occurrere
748 907 956 946 satagentes
990 899 1096 934 vobis
1131 900 1315 934 universis
1349 907 1385 934 et
1418 901 1576 946 singulis
1611 901 1648 934 in
1681 902 1814 935 virtute
1849 902 2006 948 Spiritus
2045 903 2165 935 Sancti

287 968 452 1002 districte
479 967 717 1014 precipiendo
739 967 952 1001 mandamus
973 967 1143 1013 quatinus
1167 967 1299 1000 librum
1322 968 1441 1013 ipsum
1464 968 1620 1001 sollicite
1646 969 1879 1014 perquiratis,
1901 975 1937 1002 et
1956 968 2165 1014 ubicunque

287 1035 408 1081 ipsum
437 1034 496 1069 vel
521 1041 658 1081 partem
684 1035 764 1080 ejus
790 1035 947 1068 inveniri
976 1034 1184 1080 contigerit,
1215 1034 1259 1068 ad
1284 1047 1366 1077 nos,
1388 1035 1419 1068 si
1441 1047 1569 1069 secure
1597 1035 1677 1068 fieri
1706 1036 1852 1081 poterit,
1884 1036 1964 1069 sine
1992 1036 2166 1070 dilatione

289 1102 438 1136 mittatis
459 1101 699 1148 solempniter
719 1101 1023 1143 comburendum,
1044 1101 1207 1147 alioquin
1226 1114 1292 1135 vos
1313 1102 1384 1147 ipsi
1406 1101 1551 1148 publice
1571 1102 1793 1136 comburatis
1815 1103 1985 1145 eundem,
2008 1103 2166 1137 subditis

287 1169 422 1203 vestris
449 1168 587 1215 singuli
612 1169 824 1214 expressius
850 1169 1086 1214 injungentes
1107 1175 1146 1202 ut
1171 1169 1391 1214 quicumque
1419 1169 1582 1215 ipsorum
1611 1169 1746 1203 habent
1765 1170 1822 1203 vel
1849 1169 1984 1203 habere
2011 1177 2168 1216 possunt

288 1236 326 1269 in
348 1242 422 1270 toto
442 1236 501 1273 vel
522 1236 559 1269 in
586 1242 686 1282 parte
710 1235 928 1281 exemplaria
953 1235 1040 1269 dicti
1065 1235 1163 1277 libri,
1190 1248 1230 1269 ea
1250 1235 1356 1269 vobis
1382 1248 1455 1269 non
1481 1236 1650 1270 differant
1669 1237 1871 1282 resignare,
1897 1237 1934 1270 in
1955 1249 2084 1271 omnes
2105 1238 2167 1283 qui

288 1302 382 1337 ultra
406 1303 615 1350 quindecim
642 1302 723 1336 dies
748 1309 940 1348 postquam
966 1302 1177 1347 hujusmodi
1202 1302 1408 1336 mandatum
1435 1315 1500 1336 seu
1533 1303 1758 1337 denuntiatio
1780 1304 1824 1337 ad
1850 1304 2012 1337 notitiam
2040 1316 2164 1338 eorum

288 1369 498 1416 pervenerit
515 1369 647 1402 librum
670 1369 789 1415 ipsum
812 1375 926 1402 totum
946 1375 1007 1402 aut
1026 1375 1163 1414 partem
1185 1369 1344 1402 scienter
1367 1370 1524 1403 retinere
1550 1370 1855 1416 presumpserint,
1877 1372 2167 1405 excommunica-

288 1437 400 1471 tionis
433 1436 649 1470 sententiam
681 1436 916 1482 proserendo,
948 1448 988 1469 ac
1018 1436 1267 1469 denuntiando
1298 1436 1451 1478 eisdem,
1483 1437 1581 1482 quod
1607 1437 1638 1470 si
1669 1437 1790 1482 aliquo
1816 1443 1980 1483 tempore
2010 1438 2167 1472 convicti

282 1503 452 1549 legitime
475 1503 613 1536 fuerint
641 1502 852 1548 hujusmodi
883 1503 1099 1536 sententiam
1125 1502 1341 1544 incurrisse,
1373 1509 1492 1536 notam
1523 1515 1669 1548 quoque
1699 1504 1885 1549 pravitatis
1912 1504 2072 1538 heretice
2094 1517 2167 1538 non

287 1570 454 1604 evadent.
477 1571 525 1604 Ut
543 1576 662 1603 autem
684 1569 729 1604 ab
754 1569 826 1603 hiis
852 1569 987 1615 quibus
1008 1569 1210 1603 occurrerit
1234 1569 1352 1615 possit
1371 1569 1465 1603 liber
1490 1570 1722 1615 supradictus
1743 1571 1908 1616 agnosci,
1935 1571 2113 1616 principia
2133 1578 2169 1605 et

288 1637 381 1671 fines
397 1637 631 1684 partitionum
652 1637 770 1683 ipsius
791 1636 888 1678 libri,
907 1648 987 1670 cum
1006 1637 1053 1670 sit
1069 1648 1134 1682 per
1149 1635 1264 1669 libros
1281 1637 1443 1682 quinque
1460 1636 1669 1679 distinctus,
1687 1637 1849 1682 presenti
1866 1637 1997 1683 pagine
2014 1638 2167 1671 fecimus

287 1704 465 1738 annotari.
494 1704 639 1738 Primus
668 1704 789 1750 itaque
814 1703 909 1737 liber
938 1704 991 1737 sic
1018 1704 1165 1750 incipit:
1181 1718 1198 1735 ‹<
1217 1704 1310 1749 Sepe
1330 1703 1419 1736 mihi
1446 1704 1620 1750 cogitanti
1648 1704 1864 1750 diligentius
1889 1705 1972 1750 quia
1994 1711 2166 1750 quantum

286 1772 385 1805 vires
406 1777 607 1817 suppetunt
624 1771 825 1816 inquirenti
843 1785 874 1813 »,
892 1776 956 1805 etc.
976 1770 1136 1817 Explicit·
1151 1777 1269 1804 autem
1292 1771 1345 1804 sic
1359 1782 1366 1804 ε
1381 1785 1398 1803 «
1413 1771 1501 1817 Fige
1521 1770 1672 1805 limitem
1694 1771 1791 1813 libri,
1811 1778 1866 1805 sat
1885 1772 1980 1805 enim
1998 1772 2107 1805 estin
2123 1784 2166 1806 eo

287 1838 516 1884 complexum
535 1852 565 1871 ».
585 1838 776 1872 Secundus
797 1838 850 1871 sic
871 1838 999 1884 incipit
1015 1850 1022 1871 :
1042 1852 1058 1870 «
1077 1838 1255 1882 Quoniam
1274 1838 1310 1871 in
1327 1838 1510 1884 superiori
1531 1837 1625 1871 libro
1644 1853 1674 1880 »,
1692 1844 1756 1872 etc.
1775 1838 1932 1884 Explicit
1950 1846 2069 1872 autem
2091 1840 2164 1872 sic:

289 1919 306 1938 ι(
325 1906 370 1939 Et
389 1906 464 1951 jam
489 1904 575 1938 huic
598 1904 692 1938 libro
720 1904 805 1938 finis
831 1911 888 1939 est
914 1905 1173 1951 imponendus,
1201 1911 1240 1938 ut
1259 1904 1430 1944 arbitror,
1451 1912 1558 1951 atque
1578 1905 1625 1939 ita
1647 1905 1707 1939 fiat
1724 1919 1753 1938 n.
1776 1906 1922 1939 Tertius
1943 1906 1995 1939 sic
2016 1906 2164 1952 incipit:

287 1986 304 2004 (ι
323 1973 364 2006 In
385 1972 549 2006 secundo
570 1971 665 2005 libro
679 1985 709 2014 »,
726 1977 792 2006 elc.
812 1971 968 2018 Explicit
986 1978 1104 2005 autem
1122 1972 1196 2007 sic:
1212 1986 1228 2004 «
1246 1972 1440 2005 terminum
1459 1972 1706 2018 postulaverat
1723 1986 1752 2005 ».
1771 1973 1929 2017 Quartus
1951 1973 2003 2006 sic
2020 1973 2164 2019 incipit:

288 2053 305 2071 «
323 2039 441 2072 Prima
461 2045 586 2073 nostre
608 2038 830 2085 phisiologie
851 2039 1006 2072 intentio
1025 2053 1056 2081 n,
1072 2044 1137 2073 etc.
1156 2038 1312 2084 Explicit
1327 2045 1445 2072 autem
1467 2039 1519 2072 sic
1538 2051 1545 2072 ε
1569 2054 1585 2070 «
1603 2039 1758 2073 Videtur
1778 2039 1884 2085 plane
1901 2046 1937 2073 et
1950 2039 2165 2085 jamdudum

287 2105 396 2139 finem
417 2105 577 2152 postulat
593 2119 624 2139 ».
642 2106 800 2150 Quintus
821 2106 874 2139 sic
891 2106 1038 2151 incipit:
1054 2120 1070 2138 «
1087 2107 1190 2139 Nunc
1212 2118 1300 2152 ergo
1319 2120 1349 2139 ».
1373 2105 1529 2152 Explicit
1548 2113 1665 2140 mitem
1684 2107 1758 2140 sic:
1774 2121 1790 2138 «
1814 2108 1858 2140 Et
1877 2106 2046 2140 tenebras
2068 2113 2165 2140 recte

286 2173 589 2218 cognoscentium
610 2173 791 2207 convertit
809 2173 846 2206 in
867 2172 985 2206 lucem
1003 2187 1034 2206 ».
1062 2174 1141 2206 Dat.
1164 2173 1330 2207 Laterani
1350 2185 1372 2206 x
1392 2173 1461 2206 kal.
1485 2172 1686 2215 Februarii,
1708 2186 1802 2207 anno
1824 2186 1934 2207 nono.

380 2270 443 2302 Reg.
460 2270 518 2294 Vnt.
535 2270 644 2294 Bonorii
660 2271 697 2295 111
716 2279 758 2294 an.
779 2272 803 2300 9,
824 2279 866 2303 ep.
887 2272 942 2300 222,
960 2271 1004 2295 tol.
1025 2272 1063 2295 39.
1087 2280 1099 2295 «
1121 2271 1149 2295 tn
1169 2271 1282 2295 eundem
1304 2272 1411 2295 modum
1431 2271 1561 2303 scriptum
1580 2275 1621 2295 est.
1641 2271 1849 2304 archiepiscopis
1864 2275 1890 2295 et
1907 2271 2040 2304 episcopis
2059 2280 2090 2295 ac
2104 2271 2164 2295 aliis

285 2314 458 2339 ecclesiarum
476 2314 586 2347 prelatis
605 2323 654 2347 per
672 2323 783 2347 regnum
800 2315 892 2347 Anglie
916 2315 1076 2339 constitutis.
1098 2324 1110 2339 ι)
1126 2329 1158 2334 —-·
1172 2315 1250 2340 Card.
1271 2316 1352 2344 Pitra,
1368 2316 1506 2341 Analecta
1521 2316 1676 2341 novissima
1695 2316 1840 2347 spicileyii
1854 2316 2043 2341 Solesmensis.
2065 2316 2164 2341 Altera

285 2359 472 2389 continuatio,
488 2359 508 2388 1,
524 2360 579 2389 ⁵90,
595 2359 641 2383 ubi
655 2359 735 2384 etiam
750 2361 901 2384 reseruntur
915 2360 983 2384 aliae
997 2360 1058 2384 edd.
1073 2368 1189 2384 mancae.

379 2444 404 2468 1.
419 2445 475 2468 Non
494 2447 567 2468 caret
580 2444 779 2476 probabilitate,
794 2444 958 2469 damnationi
974 2445 1000 2468 in
1016 2445 1133 2469 Concilio
1147 2445 1292 2470 Senonensi
1307 2445 1348 2469 vel
1364 2445 1507 2470 Parisiensi
1522 2445 1700 2477 praecessisse
1714 2445 1958 2469 condemnationem
1973 2445 2162 2477 magistrorum

285 2489 428 2514 Pal-iniens.
444 2489 488 2513 Sic
502 2489 650 2513 Hostiensis
665 2489 692 2513 in
707 2489 818 2514 Lectura
833 2497 880 2513 seu
891 2491 1045 2521 apparatu
1056 2489 1088 2515 in
1101 2489 1208 2515 Decret-
1221 2489 1359 2521 Greqorii,
1376 2490 1395 2518 l.
1413 2490 1434 2513 1.
1452 2491 1466 2513 2
1481 2490 1513 2513 ad
1527 2490 1600 2514 verb.
1612 2498 1625 2514 a
1642 2490 1824 2522 Reprobamus
1836 2499 1847 2513 υ
1865 2498 1870 2513 ·.
1885 2498 1896 2514 (ι
1907 2490 1959 2514 Iste
1974 2490 2162 2522 paragraphum

286 2543 338 2559 non
353 2534 403 2558 tuit
417 2533 552 2566 expositus
568 2542 652 2566 neque
666 2537 752 2558 tactas
772 2533 806 2557 ab
826 2533 916 2566 aliquo
938 2533 1136 2566 magistrorum.
1154 2535 1193 2558 Tu
1207 2543 1270 2558 vero
1285 2534 1335 2563 dic,
1352 2537 1381 2558 ut
1395 2534 1422 2558 in
1438 2533 1557 2566 sequenti
1571 2534 1662 2566 glossa
1679 2543 1690 2558 α
1705 2534 1781 2566 impii
1796 2534 1921 2558 Amalrici
1936 2543 1958 2558 ».
1974 2535 2076 2566 Dogma
2091 2535 2161 2559 istud

283 2579 420 2612 colligitur
439 2579 466 2603 in
487 2578 557 2603 libro
577 2578 700 2610 magistri
718 2578 849 2603 ,iohannis
865 2578 945 2607 Scoti,
961 2578 1006 2611 qui
1026 2578 1124 2603 dicitur
1138 2579 1312 2611 periphision‚
1333 2579 1360 2603 id
1375 2582 1423 2608 est,
1440 2579 1472 2603 do
1494 2582 1598 2608 natura,
1614 2587 1692 2612 quem
1707 2582 1812 2603 secutus
1832 2582 1873 2603 est
1890 2579 1940 2603 iste
1957 2579 2114 2608 Amalricus,
2130 2580 2162 2603 de

285 2633 336 2658 qno
350 2624 394 2648 hic
407 2624 534 2657 loquitur.
554 2624 604 2648 Sed
620 2627 646 2648 et
665 2623 751 2648 dictus
766 2623 900 2648 Johannes
916 2623 943 2647 in
957 2624 1049 2648 eodem
1064 2623 1133 2648 libro
1148 2624 1318 2648 auctoritates
1333 2624 1471 2656 cujusdam
1489 2623 1611 2656 magistri
1626 2623 1698 2656 greci
1718 2624 1823 2648 nomine
1842 2624 1947 2648 Maximi
1963 2624 2115 2648 introduxit.
2133 2625 2162 2649 ln

284 2677 336 2702 quo
350 2669 428 2698 libro,
441 2668 486 2702 qui
501 2671 527 2693 et
541 2676 589 2700 per
604 2668 747 2701 magistros
760 2668 920 2700 dampnatus
936 2669 986 2693 suit
1000 2668 1128 2697 Parisius,
1144 2668 1225 2692 multe
1239 2669 1344 2693 hereses
1360 2668 1535 2698 continentur,
1547 2669 1579 2692 de
1594 2668 1691 2701 quibus
1701 2677 1782 2692 causa
1796 2669 1909 2701 exempli
1925 2669 2041 2693 sufficiat
2054 2672 2162 2701 tangere

282 2716 346 2738 tres.
366 2714 472 2738 Primus
492 2716 518 2738 et
537 2721 658 2738 summus
677 2721 752 2738 error
769 2716 818 2742 est,
835 2713 905 2746 quod
924 2713 1013 2737 omnia
1028 2716 1091 2737 sunt
1106 2713 1205 2737 Deus...
1223 2714 1358 2738 Secundus
1373 2717 1422 2743 est,
1437 2713 1508 2746 quod
1522 2713 1708 2746 primordiales
1727 2721 1815 2742 cause,
1832 2722 1882 2746 que
1902 2717 2030 2738 vocantur
2045 2714 2118 2746 ydee,
2135 2714 2161 2738 id

283 2762 324 2783 est
342 2759 428 2783 formo
443 2758 500 2783 sive
514 2758 657 2791 exemplar,
673 2761 764 2783 creant
782 2761 808 2782 et
825 2761 977 2794 creantur...
994 2758 1099 2782 Tertius
1115 2762 1163 2787 est,
1181 2759 1252 2791 quod
1270 2761 1332 2790 post
1346 2758 1600 2782 consummationem
1614 2758 1696 2783 seculi
1711 2758 1762 2783 erit
1775 2758 1901 2783 adunatio
1916 2767 2025 2783 sexuum
2041 2758 2096 2783 sive
2110 2767 2161 2782 non

283 2803 334 2828 erit
354 2803 488 2827 distinctio
513 2811 621 2827 sexus...
642 2803 745 2827 Dictum
770 2806 858 2827 autem
882 2803 980 2827 librum
1004 2803 1135 2835 exposuit,
1157 2811 1260 2827 errores
1282 2803 1402 2835 singulo·
1424 2803 1651 2835 condempnando,
1676 2803 1835 2827 venerabilis
1859 2806 1935 2835 pater
1958 2803 2080 2827 dominus
2104 2803 2161 2828 Odo

282 2847 424 2880 episcopus
444 2848 621 2877 Tusculanus,
642 2855 659 2872 ι
677 2856 729 2880 quo
747 2851 774 2872 et
792 2847 935 2872 habuimus
955 2847 1023 2872 hunc
1043 2848 1190 2872 doctrinam
1211 2856 1233 2872 υ.
1254 2848 1323 2872 Bibl.
1341 2851 1393 2872 nat.
1411 2848 1494 2872 Paris.
1517 2856 1564 2872 ms.
1586 2848 1632 2872 lat.
1654 2849 1724 2877 3995,
1745 2848 1762 2872 1.
1779 2857 1812 2877 c..
1834 2848 1878 2872 sol.
1895 2848 1940 2878 3¹¹5
1961 2856 2010 2872 ms.
2027 2848 2072 2872 lat.
2089 2849 2160 2877 3996,

283 2892 328 2917 fol.
345 2893 370 2917 [Δ.
381 2892 450 2917 Bibl.
467 2892 603 2918 Reman-i·
619 2901 667 2917 ms.
682 2893 798 2925 MSJML
815 2893 859 2917 fol.
876 2892 915 2916 ³¹».
