2580 3528
456 410 521 441 620
1038 413 1355 437 ann‘rULAan
1390 410 1579 433 Umvssns.
1615 409 1744 432 rmus.
2233 398 2333 440 [1284

458 499 513 525 est
539 498 663 525 contra
690 490 1006 524 consuetudinem.
1030 490 1074 521 Et
1099 488 1182 520 ideo
1210 487 1246 519 in
1275 486 1352 519 suis
1377 484 1499 518 verbis
1527 484 1623 517 idem
1649 490 1758 528 negat
1783 489 1819 516 et
1842 483 1984 517 asserit.
2007 483 2114 526 Quod
2141 483 2173 516 si
2199 483 2335 517 faceret

458 565 604 592 coactus
633 558 678 591 ad
707 557 775 590 hoc
805 557 839 590 vi
864 554 1202 601 argumentationis,
1233 552 1356 585 nullus
1387 551 1525 584 diceret
1554 550 1641 595 quin
1671 550 1750 595 ipse
1778 556 1877 583 esset
1904 550 2144 596 redargutus;
2174 562 2248 583 non
2278 556 2335 583 est
2366 577 2368 579 .

459 633 577 659 tamen
603 624 835 669 redargutus,
865 635 945 655 cum
973 622 1051 667 ipse
1077 621 1173 653 idem
1204 626 1312 664 neget
1342 625 1376 651 ct
1403 624 1541 650 asserat
1569 623 1768 662 spontanea
1792 616 1990 650 voluntate.
2020 618 2122 659 Item,
2145 629 2226 650 cum
2253 617 2334 662 ipse

460 699 495 725 et
524 691 584 725 alii
618 690 782 736 magistri
817 690 853 722 in
888 688 1071 733 theologia
1105 687 1225 720 solent
1257 684 1378 718 vocari
1412 684 1456 717 ad
1488 683 1809 728 congregationes,
1838 683 1934 716 sicut
1963 683 2059 716 idem
2094 683 2334 717 cancellarius

459 758 601 799 asserit,
625 764 659 790 et
683 769 762 790 cum
790 768 831 789 eo
859 755 1013 788 dicimus
1035 753 1132 798 quod
1153 764 1279 786 verum
1301 758 1369 792 est,
1391 750 1561 795 quoniam
1582 749 1661 795 ipse
1683 756 1718 783 et
1737 749 1797 783 alii
1819 749 1940 783 solent
1963 750 2084 784 vocari
2107 762 2114 783 ε
2143 762 2218 784 non
2244 762 2351 796 ergo-

460 824 623 870 rogando
653 835 771 868 neque
800 821 1051 867 supplicando,
1084 819 1253 864 quoniam
1285 817 1491 862 supplicare
1520 823 1555 850 et
1581 828 1711 862 rogare
1741 828 1815 850 non
1845 823 1901 850 est
1927 817 2099 850 vocarem.
2130 818 2211 850 Non
2245 829 2335 862 ergo

460 897 603 936 oportet
634 889 787 935 probare
817 887 1121 921 consuetudinem
1154 896 1265 930 super
1296 883 1460 917 vocando
1491 890 1526 916 et
1559 883 1703 916 citando
1734 883 1853 928 ipsum
1885 890 1920 916 et
1950 883 2042 917 alios
2071 884 2268 929 magistros
2297 884 2335 917 in

461 957 655 1001 theologia,
691 967 771 988 cum
820 955 974 999 ipsemet
1016 951 1255 986 cancellarius
1299 963 1375 983 eam
1421 950 1647 983 confiteatur.
1691 950 1781 984 Cum
1827 950 1915 983 dicit
1953 950 2050 984 idem
2095 950 2336 984 cancellarius

460 1030 583 1069 postea
620 1022 718 1067 quod
747 1034 827 1054 cum
858 1033 930 1053 non
960 1020 1089 1053 ivisset
1114 1019 1159 1051 ad
1188 1018 1507 1063 congregationes,
1540 1017 1705 1062 magistri
1735 1017 2009 1062 suspenderunt
2045 1029 2127 1051 eum
2155 1029 2220 1063 per
2253 1024 2336 1051 octo

460 1090 538 1122 dies
567 1089 610 1122 de
640 1089 745 1129 sacto,
777 1100 856 1120 cum
884 1099 957 1119 non
982 1092 1135 1131 possent
1159 1085 1204 1118 de
1224 1086 1309 1130 jure
1331 1084 1389 1118 vel
1415 1084 1695 1125 consuetudine,
1721 1084 1877 1117 dicimus
1907 1084 2006 1129 quod
2035 1084 2146 1118 immo
2172 1084 2336 1130 magistri

459 1156 527 1188 hoc
560 1161 755 1200 potuerunt
789 1154 832 1186 de
860 1154 943 1198 jure
977 1154 1109 1193 facere,
1149 1164 1230 1185 cum
1266 1151 1345 1196 ipse
1385 1151 1432 1184 sit
1463 1151 1700 1185 Universitati
1730 1150 1912 1193 subditus,
1950 1158 2118 1196 tanquam
2153 1163 2249 1185 unus
2291 1151 2337 1185 de

460 1222 643 1267 magistris
668 1220 881 1266 regentibus
910 1219 1179 1260 Universitatis,
1207 1225 1243 1251 et
1265 1218 1371 1251 etiam
1400 1217 1550 1251 rebellis
1583 1218 1620 1250 in
1652 1229 1695 1250 eo
1724 1218 1822 1263 quod
1850 1218 2086 1252 Universitati
2117 1218 2338 1252 inobediens

461 1295 553 1330 erat,
581 1287 730 1321 rebellis
755 1294 873 1320 autem
900 1293 935 1319 et
964 1285 1133 1319 subditus
1159 1298 1177 1318 a
1207 1285 1390 1330 superiori
1419 1284 1525 1330 ligari
1549 1291 1681 1330 potest,
1713 1285 1808 1318 sicut
1831 1285 1987 1330 ipsemet
2011 1285 2251 1319 cancellarius
2273 1297 2341 1332 per

460 1355 690 1401 precedentia
721 1366 784 1387 sua
810 1353 919 1387 verba
950 1353 1010 1386 dat
1038 1352 1265 1398 intelligere3
1295 1352 1466 1396 quoniam
1494 1364 1574 1384 cum
1606 1352 1685 1397 ipse
1716 1352 1811 1385 dicat
1839 1352 2011 1398 superius
2041 1352 2139 1398 quod
2169 1353 2340 1398 superior

460 1422 503 1455 ab
533 1422 697 1454 inferiori
727 1421 831 1466 ligari
862 1432 935 1453 non
966 1426 1098 1465 potest,
1130 1419 1218 1452 satis
1249 1418 1308 1451 dat
1332 1418 1540 1463 intelligere
1566 1430 1631 1463 per
1659 1418 1740 1460 hoc,
1773 1419 1871 1464 quod
1901 1419 2054 1452 inferior
2083 1426 2204 1465 potest
2231 1419 2338 1466 ligari

461 1502 478 1522 a
507 1488 687 1533 superiori
717 1499 723 1520 z
751 1494 786 1520 et
811 1487 909 1520 istud
941 1493 997 1519 est
1021 1498 1161 1527 verum,
1190 1485 1272 1518 dato
1301 1485 1399 1530 quod
1426 1497 1490 1518 sua
1516 1484 1627 1519 verba
1656 1497 1730 1518 non
1760 1485 1861 1519 daret
1888 1485 1956 1519 hoc
1981 1486 2202 1532 intelligere.
2233 1488 2336 1529 Item,

461 1555 528 1588 hoc
555 1561 751 1600 potuerunt
777 1554 940 1599 magistri
967 1552 1225 1586 Universitatis
1249 1552 1383 1586 virtute
1416 1551 1600 1598 privilegii
1631 1552 1863 1597 Gregoriani,
1892 1565 1956 1598 per
1981 1553 2078 1586 illam
2104 1553 2303 1587 clausulam
2329 1564 2341 1587 τ

463 1637 479 1653 «
499 1622 667 1656 Ceterum
691 1620 751 1653 ubi
776 1633 849 1653 non
872 1626 927 1653 est
949 1620 1052 1661 ordo,
1072 1633 1088 1650 »
1113 1625 1190 1661 eta,
1216 1619 1252 1651 in
1276 1631 1344 1664 qua
1365 1618 1579 1652 conceditur
1602 1619 1786 1664 magistris
1809 1626 1970 1665 potestas
1992 1620 2159 1665 privandi
2181 1620 2340 1654 rebelles

463 1688 540 1721 suis
564 1686 900 1728 constitutionibus,
925 1699 990 1731 per
1010 1685 1315 1719 substractionem
1341 1685 1538 1719 societatis.
1563 1686 1838 1719 Constituerant
1859 1693 1977 1720 autem
2002 1687 2167 1732 magistri
2190 1687 2343 1721 Univer-

464 1755 592 1795 sitatis,
614 1761 803 1799 antequam
825 1760 1016 1787 vocaretur
1036 1752 1290 1794 cancellarius,
1309 1752 1407 1797 quod
1428 1752 1490 1797 qui
1512 1764 1585 1785 non
1605 1753 1749 1786 veniret
1767 1753 1812 1786 ad
1832 1754 2170 1800 congregationem,
2189 1766 2341 1801 suspew

464 1822 611 1854 deretur
638 1833 655 1854 a
685 1821 762 1854 suis
788 1819 1028 1859 lectionibus,
1060 1826 1094 1853 et
1121 1819 1204 1852 ideo
1231 1819 1350 1864 ipsum
1379 1819 1431 1852 sic
1461 1826 1640 1861 vocatum,
1670 1826 1837 1865 tanquam
1867 1827 2055 1866 regentem
2084 1821 2259 1855 rebellem
2286 1821 2341 1855 illi

465 1888 729 1929 constitutioni,
752 1899 795 1920 ex
816 1899 858 1919 eo
888 1886 986 1932 quod
1013 1886 1082 1920 sub
1107 1898 1199 1931 pena
1224 1892 1374 1919 vocatus
1400 1898 1473 1918 non
1498 1886 1610 1928 venit,
1633 1887 1908 1932 suspenderunt
1931 1899 1950 1920 a
1971 1888 2048 1921 suis
2075 1887 2339 1923 lectionibusffl.

466 1955 557 1988 Cum
590 1954 675 1987 dicit
705 1954 802 1998 quod
828 1953 991 1998 magistri
1013 1965 1086 1986 non
1107 1959 1306 1998 potuerunt
1332 1952 1377 1985 de
1398 1953 1678 1995 consuetudine,
1700 1953 1856 1987 dicimus
1881 1954 1979 1999 quod
2004 1954 2114 1987 immo
2139 1967 2342 1990 consueve-

468 2028 551 2054 runt
567 2033 629 2065 pre
651 2020 879 2053 ordinatione
900 2021 991 2052 sacta
1012 2019 1185 2052 rebellem
1209 2019 1352 2064 punire,
1378 2019 1472 2052 sicut
1492 2019 1631 2064 pluries
1656 2020 1774 2053 visum
1796 2027 1851 2054 est
1871 2021 1908 2053 in
1929 2021 2161 2055 facultatibus
2182 2023 2342 2068 singulis

468 2087 736 2121 Universitatis.

556 2154 612 2186 Ad
640 2153 730 2186 illud
756 2153 853 2198 quod
879 2152 966 2185 dicit
993 2158 1118 2197 postea
1146 2152 1182 2184 in
1211 2152 1515 2197 explicationibus
1542 2153 1791 2198 gravaminum
1825 2166 1894 2199 que
1925 2155 2013 2189 dicit
2042 2155 2112 2189 sibi
2143 2156 2270 2190 inferri
2296 2156 2340 2191 ab

468 2220 725 2261 Universitate,
747 2219 790 2252 ab
817 2219 880 2252 illo
906 2219 987 2251 loco
1011 2230 1018 2251 :
1047 2233 1063 2250 «
1085 2220 1317 2252 Vocaverunt
1341 2219 1468 2252 iterato
1492 2233 1522 2261 »,
1548 2225 1626 2261 etc.,
1654 2232 1770 2265 usque
1795 2221 1839 2254 ad
1864 2222 1955 2255 illud
1982 2223 2079 2268 quod
2106 2223 2158 2257 sic
2183 2224 2343 2270 incipit:

471 2302 485 2318 ι(
519 2288 620 2327 ltem,
646 2292 867 2320 vocaverunt
891 2285 997 2318 tertio
1024 2299 1056 2326 »,
1082 2290 1161 2326 etc„
1185 2297 1250 2330 per
1270 2286 1441 2330 superius
1462 2286 1555 2319 dicta
1577 2293 1674 2331 patet
1694 2289 1899 2333 responsio.
1930 2290 1987 2322 Ad
2012 2290 2104 2323 illud
2129 2291 2227 2336 quod
2255 2291 2344 2325 dicit

470 2360 594 2399 postea
615 2353 864 2393 cancellarius,
883 2352 980 2397 quod
998 2351 1162 2397 magistri
1178 2352 1434 2385 Universitatis
1450 2360 1672 2386 vocaverunt
1687 2354 1807 2399 ipsum
1828 2356 1934 2389 tertio
1955 2356 1999 2389 ad
2019 2358 2342 2403 congregationem

471 2419 538 2453 sub
566 2432 657 2465 pena
685 2419 942 2464 suspensionis
969 2418 1167 2451 lectionum
1195 2430 1260 2463 per
1286 2429 1350 2451 vm
1379 2419 1458 2452 dies
1484 2419 1588 2461 alios,
1617 2427 1655 2453 ut
1684 2421 1826 2455 veniret
1852 2422 2018 2456 dicturus
2044 2424 2204 2458 rationes
2231 2437 2343 2470 quare

471 2486 570 2519 adire
598 2485 903 2531 congregationes
931 2497 1015 2518 suas
1042 2484 1200 2518 totaliter
1226 2484 1427 2527 recusabat,
1460 2493 1496 2519 et
1515 2487 1613 2531 quod
1639 2487 1692 2520 eis
1718 2488 1824 2521 talem
1852 2489 2021 2534 injuriam
2049 2491 2270 2533 emendaret,
2299 2492 2343 2525 ad

473 2564 577 2597 quam
599 2552 822 2585 vocationem
845 2564 918 2584 non
940 2552 1023 2592 ivit,
1047 2551 1202 2584 dicimus
1224 2551 1322 2596 quod
1343 2552 1395 2585 sic
1416 2559 1564 2586 vocatus
1585 2553 1678 2587 bene
1700 2554 1891 2589 debuisset
1910 2556 2042 2598 ivisse;
2071 2564 2106 2590 et
2130 2558 2167 2590 in
2187 2558 2344 2592 dicendo

474 2618 571 2663 quod
596 2631 668 2651 non
689 2619 763 2658 ivit,
786 2619 918 2651 asserit
937 2630 976 2650 se
996 2624 1259 2659 contumacem,
1282 2618 1472 2661 rebellem,
1495 2620 1731 2654 Universitati
1753 2634 1826 2655 non
1848 2622 2092 2656 obedientem.
2123 2626 2166 2658 Et
2194 2637 2275 2658 cum
2305 2625 2343 2658 in

474 2685 586 2718 altero
612 2684 886 2729 privilegiorum
914 2684 1169 2718 Universitatis
1198 2685 1419 2730 precipiatur
1445 2698 1463 2718 a
1484 2686 1632 2720 domino
1654 2699 1744 2733 papa
1765 2689 1863 2733 quod
1884 2701 2012 2723 omnes
2038 2691 2202 2736 magistri
2227 2692 2343 2725 vocati

474 2751 517 2784 ad
545 2750 850 2796 congregationes
877 2750 1080 2795 generales.
1098 2751 1142 2783 ad
1173 2762 1233 2783 eas
1259 2758 1354 2792 eant,
1382 2752 1617 2786 Universitati
1643 2754 1837 2787 consilium
1865 2762 1900 2788 et
1926 2756 2097 2789 auxilium
2126 2757 2343 2802 impensuri,

474 2817 605 2852 asserit
629 2829 671 2849 ex
696 2817 936 2861 consequenti
962 2828 1001 2849 se
1026 2817 1141 2849 fuisse
1167 2816 1439 2851 inobedientem
1468 2820 1646 2853 mandatis
1667 2827 1702 2853 et
1721 2822 1904 2866 preceptis
1925 2822 2080 2856 ecclesie
2103 2825 2280 2866 Ro1nane;
2310 2832 2346 2858 et

475 2884 542 2917 ista
569 2890 737 2929 precepta
767 2883 951 2928 magistris
979 2883 1069 2915 sacta
1097 2895 1161 2928 per
1189 2883 1379 2917 ecclesiam
1404 2886 1598 2918 Romanam
1621 2893 1706 2920 sunt
1733 2899 1802 2920 una
1828 2887 1873 2920 de
1898 2887 2128 2923 libertatibus
2157 2890 2346 2925 Universi-

478 2951 570 2983 tatis.
595 2952 637 2983 Et
664 2950 746 2995 quia
775 2949 1026 2990 cancellarius,
1058 2961 1139 2981 cum
1164 2949 1232 2982 suit
1256 2950 1430 2995 magister
1458 2952 1572 2985 sactus
1600 2953 1637 2985 in
1664 2952 1816 2995 artibus,
1834 2955 1971 2999 juravit
1994 2967 2034 2988 se
2062 2968 2207 2991 servare
2234 2957 2346 2992 liber-
