2580 3528
452 370 513 402 132
1033 379 1350 400 CHARTULARIUM
1385 378 1576 401 umvssns.
1612 378 1741 401 rimis.
2229 368 2328 409 [1229

450 455 526 486 Deo
558 466 631 486 non
659 460 756 494 sunt7
790 459 823 486 ct
858 452 1132 498 vobismetipsis
1170 452 1389 485 suscitantes
1418 452 1585 485 inutilem
1620 452 1848 497 questionem
1856 479 1921 485 .....
1949 453 2119 486 Ceterum
2146 463 2257 485 sanus
2282 452 2327 485 de

447 522 560 553 Janua
588 519 694 553 vobis
725 519 856 564 scripsi
887 526 1032 564 paratus
1062 519 1105 552 ad
1133 519 1535 564 Montempessulanum
1565 519 1711 564 navigio
1741 531 1798 552 me
1829 519 2037 552 transferre.
2067 519 2183 552 Priori
2207 520 2328 552 Bono-

448 587 567 619 niensi
589 599 706 631 nuper
727 586 858 631 scripsi
881 593 919 619 ut
938 585 1095 619 arbitror
1116 586 1161 618 de
1177 586 1309 627 fructu,
1329 598 1436 630 quem
1453 592 1539 631 aput
1553 573 1741 620 Vercellas
1757 585 1865 619 nobis
1886 586 2065 619 Dominus
2082 586 2194 619 dedit.
2211 584 2328 620 Vobis

447 660 605 698 repetam
632 652 700 685 hoc
726 653 845 698 ipsum
872 653 978 686 sicuti
1005 652 1230 698 postulastis.
1254 653 1374 685 Primo
1396 652 1558 685 scolares
1578 652 1758 686 Vercellis
1784 652 1906 686 inveni
1930 652 2149 685 durissimos
2170 658 2206 685 et
2224 652 2327 697 quasi

446 727 591 765 accepta
621 720 767 753 licentia
788 721 860 765 jam
889 720 926 752 in
952 720 1142 765 procinctu
1172 720 1309 752 sueram
1340 719 1550 752 recedendi.
1580 715 1675 752 Tum'
1699 731 1783 752 ecce
1812 719 1933 752 subito
1960 719 2159 752 secundum
2183 730 2325 752 manum

447 787 512 819 Dei
530 786 660 820 bonam
678 786 870 819 nobiscum
888 787 1028 832 primus
1046 786 1191 819 intravit
1208 786 1382 831 magister
1396 785 1586 821 VValterus
1603 785 1866 827 Theutonicus‚
1883 797 2018 831 regens
2035 786 2072 818 in
2087 785 2219 831 logica,
2237 785 2327 830 peri-

448 854 611 887 tissimus
632 854 719 887 artis
747 866 826 895 sue7
849 853 910 898 qui
938 853 1043 886 etiam
1067 853 1161 885 inter
1182 853 1338 897 majores
1360 852 1556 897 magistros
1577 852 1738 885 Parisius
1763 851 1975 885 habebatur.
2000 852 2121 885 Secuti
2142 858 2227 885 sunt
2245 863 2327 885 eum

445 920 517 953 duo
540 920 724 953 bacellarii
746 919 973 965 probissimi,
996 931 1088 964 quos
1109 918 1276 960 habehat7
1300 919 1414 964 parati
1435 918 1554 960 ambo,
1573 919 1604 951 si
1624 918 1839 958 voluissem,
1857 918 2025 963 protinus
2045 918 2088 951 ad
2110 918 2325 963 regendum,

444 999 540 1019 unus
562 986 813 1027 Provincialis7
836 986 927 1019 alter
943 985 1184 1018 Lombardus.
1209 986 1362 1018 Secutus
1384 991 1438 1018 est
1459 986 1544 1018 item
1567 985 1712 1030 quidam
1734 984 1872 1030 probus
1894 985 2046 1018 studens
2067 985 2104 1018 in
2120 985 2203 1030 jure
2224 996 2327 1018 cano-

444 1054 526 1086 nico
552 1053 814 1094 Theutonicus‚
839 1053 1024 1098 Spirensis
1051 1053 1263 1093 canonicus,
1287 1052 1349 1097 qui
1375 1059 1496 1085 rector
1521 1059 1597 1085 erat
1621 1052 1931 1085 Theutonicorum
1960 1051 2155 1085 scolarium
2176 1052 2213 1084 in
2236 1052 2328 1085 Ver—

443 1120 558 1153 cellis.
591 1121 744 1153 Secutus
775 1126 831 1152 est
857 1120 942 1152 item
971 1119 1116 1164 quidam
1144 1119 1303 1164 optimus
1335 1126 1371 1152 et
1400 1119 1538 1164 probus
1566 1118 1830 1161 Theutonicus,
1858 1118 2033 1164 magister
2063 1117 2326 1159 Godescahms,

442 1187 641 1219 canonicus
672 1186 930 1231 Trajectcnsis.
965 1186 1086 1219 Secuti
1117 1193 1203 1219 sunt
1230 1186 1316 1218 item
1347 1186 1419 1218 duo
1450 1185 1699 1219 Provinciales
1729 1185 1954 1231 probissimi,
1986 1196 2141 1230 quorum
2168 1184 2258 1217 alter
2289 1184 2327 1217 in

442 1253 613 1294 decretis⁷
645 1253 736 1286 alter
765 1253 802 1285 in
836 1252 984 1298 legibus
1010 1252 1184 1298 legebant
1212 1252 1249 1284 in
1279 1252 1448 1285 cathedra
1479 1264 1544 1297 pro
1574 1252 1772 1298 magistris,
1800 1252 1846 1285 ita
1873 1258 1911 1285 ut
1937 1251 2119 1297 predictas
2149 1262 2327 1296 personas

440 1320 650 1353 videremur
671 1320 774 1364 quasi
803 1332 846 1352 ex
874 1319 1045 1352 omnibus
1074 1319 1279 1352 scolaribus
1307 1319 1495 1365 ellegisse.
1523 1319 1645 1352 Secuti
1671 1326 1757 1352 sunt
1782 1325 1818 1352 et
1841 1318 1901 1352 alii
1927 1318 2052 1364 plures
2080 1318 2205 1363 utique
2232 1317 2326 1351 bene

442 1386 560 1432 probi,
584 1387 630 1419 ita
647 1393 686 1419 ut
707 1398 859 1419 numero
882 1387 953 1419 sint
974 1397 1024 1418 xil
1046 1386 1103 1419 vel
1124 1397 1188 1418 xm
1214 1386 1390 1428 universi7
1409 1386 1471 1431 qui
1492 1386 1529 1418 in
1550 1393 1713 1431 tempore
1734 1385 1954 1419 brevissimo
1975 1385 2212 1419 intraverunt.
2236 1385 2327 1417 Fere

442 1466 570 1487 omncs
599 1455 749 1487 Januam
778 1466 917 1486 mecum
951 1453 1049 1495 duxi,
1082 1460 1117 1486 et
1146 1453 1219 1486 duo
1250 1453 1369 1486 statim
1400 1465 1517 1498 usque
1547 1453 1591 1486 ad
1621 1452 2023 1498 Montempessulanum
2053 1459 2139 1485 sunt
2172 1451 2327 1485 ulterius

443 1521 618 1565 processi.
650 1520 793 1565 Reliqui
823 1520 941 1553 adhuc
967 1532 1032 1565 per
1058 1526 1202 1565 tempus
1227 1521 1342 1553 Janue
1373 1519 1628 1565 expectabunt,
1650 1520 1812 1565 quinque
1837 1519 1875 1552 in
1907 1531 2033 1552 eorum
2061 1530 2214 1551 numero
2242 1524 2328 1551 sunt

442 1587 650 1620 Lombardi.
678 1589 747 1620 Pro
769 1587 979 1632 hujusmodi
1001 1587 1116 1632 gratie
1139 1587 1295 1620 Domino
1317 1593 1403 1620 suut
1428 1587 1584 1632 agende,
1612 1587 1717 1631 cujus
1738 1586 1946 1619 benedictio
1968 1592 2037 1619 tam
2055 1585 2196 1631 jugiter
2216 1596 2328 1630 super

443 1667 509 1687 nos
540 1661 573 1687 et
604 1666 715 1699 super
745 1654 841 1687 filios
872 1661 1031 1687 nostros.
1058 1653 1185 1687 Valete
1217 1654 1253 1686 in
1280 1654 1436 1686 Domino
1462 1661 1497 1686 et
1522 1660 1621 1686 orate
1648 1665 1713 1698 pro
1739 1665 1807 1686 me.
1837 1652 1994 1686 Salutate
2018 1653 2148 1685 fratres
2172 1658 2208 1685 et
2235 1651 2327 1685 alios

442 1721 578 1754 amicos
607 1728 767 1763 nostros,
791 1733 916 1754 eorum
939 1733 995 1754 me
1019 1720 1248 1754 orationibus
1275 1720 1586 1753 commendantes.
1609 1721 1708 1753 Inter
1730 1720 1903 1761 novitios,
1925 1719 1987 1764 qui
2007 1721 2121 1753 Janue
2142 1730 2327 1752 remanse-

443 1795 539 1829 runt,
567 1795 623 1821 est
650 1788 798 1833 quidam
833 1787 1098 1821 Cremonensis
1129 1787 1223 1820 bene
1251 1787 1403 1832 probus,
1440 1787 1477 1819 in
1505 1787 1624 1833 logica
1650 1787 1738 1820 satis
1763 1793 1944 1828 versatus,
1974 1785 2082 1819 homo
2111 1785 2262 1824 nobilis,
2288 1791 2327 1818 ut

442 1855 587 1896 dicitur,
611 1861 646 1887 et
666 1855 709 1887 ad
731 1854 996 1900 proficiendum
1018 1854 1112 1887 bene
1130 1854 1346 1899 dispositus,
1364 1854 1511 1887 nomine
1529 1853 1766 1899 Peregrinus,
1783 1865 1890 1898 quem
1908 1859 2099 1898 postquam
2116 1851 2325 1897 aliquandiu

442 1922 585 1954 steterit
604 1921 692 1954 alias
714 1922 910 1954 transferre
931 1921 1112 1966 poteritis,
1132 1920 1194 1953 ubi
1217 1921 1376 1954 studium
1400 1920 1531 1953 melius
1552 1921 1589 1953 in
1610 1920 1796 1966 provincia
1817 1919 1931 1953 scitis.
1953 1918 2055 1953 Vale.

538 2019 600 2042 Cod.
618 2019 722 2050 epistol.
739 2027 809 2050 mag.
826 2019 937 2042 Jordaui
953 2019 985 2042 ad
1001 2019 1064 2043 Ord.
1083 2019 1175 2042 Praed.
1197 2018 1342 2050 pertinens,
1359 2023 1389 2042 n⁰
1409 2021 1446 2042 50.
1463 2032 1495 2036 —
1514 2018 1583 2042 Bibl.
1601 2018 1724 2042 Casanat.
1741 2018 1770 2041 D.
1792 2018 1833 2046 lv,
1851 2018 1888 2046 24,
1905 2021 1934 2040 110
1948 2018 1987 2040 119.
2009 2017 2055 2040 Ed.
2077 2017 2210 2048 Bayonne,
2225 2025 2253 2048 p.
2270 2016 2325 2044 108,

444 2067 473 2086 11⁰
488 2064 526 2086 29.

444 2230 522 2267 74.
549 2240 699 2274 Gregorius
723 2240 767 2264 IX
778 2238 917 2264 Ludovico
938 2239 999 2273 regi
1019 2240 1193 2264 Francorum
1213 2238 1321 2274 scribit,
1343 2248 1374 2265 se
1389 2240 1560 2274 magistrum
1583 2237 1762 2264 Guillelmum
1778 2242 1806 2264 et
1822 2237 1998 2274 Stephanum
2013 2237 2120 2264 Baatel
2134 2237 2249 2264 nuntios
2263 2246 2326 2264 cum

533 2288 638 2315 litteris
653 2289 741 2323 regiis
757 2288 908 2324 recepisse,
927 2287 980 2314 sed
992 2288 1148 2324 petitiones
1163 2288 1224 2323 ejus
1239 2288 1372 2323 singulas
1387 2288 1428 2314 ad
1438 2297 1583 2325 praesens
1598 2296 1653 2314 non
1665 2296 1753 2324 posse
1769 2286 1918 2315 exaudire.

1669 2377 1747 2407 1230,
1763 2376 1855 2409 Aprilis
1867 2377 1893 2406 2,
1910 2376 2037 2403 Laterani.

490 2479 510 2485 ..
535 2452 673 2486 Illustri
695 2453 773 2498 regi
796 2453 1029 2485 Francorum.
1058 2452 1220 2485 Dilectos
1248 2451 1344 2485 filios
1370 2452 1584 2498 magistrum
1609 2451 1863 2488 VVillermum¹
1887 2457 1923 2484 et
1952 2450 2172 2496 Stephanum
2202 2449 2324 2483 Baatel

443 2519 591 2552 nuutios
613 2526 695 2552 tuos
718 2532 799 2552 cum
820 2519 953 2552 litteris
975 2519 1088 2564 regiis
1110 2519 1154 2552 ad
1181 2525 1342 2552 nostram
1364 2519 1586 2564 presentiam
1607 2518 1822 2552 accedentes
1843 2517 1947 2551 solita
1975 2517 2199 2562 benignitate
2223 2527 2324 2549 rece-

444 2586 562 2630 pimus
588 2592 623 2618 et
649 2598 718 2630 que
750 2586 989 2630 proponenda
1018 2585 1200 2619 duxerunt
1226 2586 1474 2619 intelleximus
1502 2585 1711 2631 diligenter.
1741 2586 1911 2619 Ceterum
1939 2596 2019 2617 cum
2049 2583 2143 2617 sicut
2169 2582 2263 2616 scire
2288 2589 2322 2616 te

442 2653 625 2685 credimus
646 2653 898 2685 incunctanter
919 2664 1112 2697 personam
1136 2659 1230 2685 tuam
1253 2653 1398 2685 sincero
1420 2653 1618 2698 diligentes
1639 2652 1768 2685 affectu
1790 2658 1919 2684 statum
1943 2657 1978 2683 et
1998 2650 2197 2695 profectum
2221 2656 2322 2682 tuum

441 2726 477 2752 et
497 2719 601 2764 regni
618 2719 669 2752 tui
690 2731 866 2764 prospere
888 2719 997 2764 dirigi
1018 2719 1221 2764 cupiamus,
1239 2719 1435 2764 petitiones
1453 2726 1531 2752 tuas
1552 2719 1710 2752 libenter
1730 2725 1902 2763 quantum
1924 2729 2004 2750 cum
2027 2718 2103 2749 Deo
2125 2727 2322 2761 possumus

441 2786 668 2827 exaudimus,
700 2786 761 2830 qui
797 2785 902 2818 ctiam
938 2785 1139 2830 irrequisiti
1170 2785 1357 2830 profutura
1388 2785 1452 2818 tibi
1483 2785 1640 2818 sollicite
1670 2784 1874 2830 cogitamus
1904 2790 1939 2816 et
1968 2783 2122 2828 cogitata
2157 2782 2322 2815 studiose

442 2852 678 2898 producimus
699 2852 743 2884 ad
764 2852 945 2884 effectum.
967 2853 1104 2885 Verum
1125 2863 1206 2884 cum
1233 2863 1277 2884 ex
1299 2851 1407 2884 officii
1432 2851 1548 2884 nostri
1569 2850 1692 2884 debito
1713 2857 1901 2883 teneamur
1921 2849 2098 2894 justitiam
2120 2848 2320 2890 custodire,

442 2919 541 2965 regia
571 2919 751 2952 celsitudo
780 2930 866 2964 egre
894 2919 989 2951 ferre
1017 2930 1091 2950 non
1119 2917 1240 2959 debet,
1269 2918 1300 2951 si
1328 2918 1524 2963 petitiones
1549 2924 1629 2951 tuas
1654 2917 1819 2963 singulas
1848 2917 1892 2950 ad
1927 2927 2080 2961 presens
2110 2915 2321 2948 distulimus
