2580 3528
267 440 366 482 1237]
611 451 657 472 An
691 451 798 473 ,nmo
833 451 911 473 mcc
946 451 1078 479 osori—2
1113 451 1161 472 AD
1196 451 1425 473 PlitLtPPUM
1464 452 1501 472 iv
1538 452 1626 473 ιικα,
1666 452 1801 474 ΡΗΑΝΕ.
2083 444 2146 476 159

269 575 326 612 11
337 575 360 612 1
370 603 379 612 .
404 585 556 620 Gregorius
572 585 617 611 IX
625 584 769 621 permittit
782 584 937 621 Radulpho
952 584 1056 611 abbati
1070 588 1098 611 et
1113 585 1261 611 conventui
1275 585 1444 611 monasterii
1460 586 1487 611 S.
1507 585 1634 618 Victoris,
1653 585 1693 611 ad
1708 585 1785 621 quod
1797 594 1851 621 pro
1867 586 2033 622 recipienda
2047 588 2148 623 poeni-

355 633 446 660 tentia
461 632 610 660 scholares
624 633 773 660 studentes
789 634 915 660 Parisiis
929 637 1087 668 recurrunt,
1105 633 1213 660 babere
1228 634 1396 669 magistrum
1413 633 1582 669 theologum.

1410 723 1486 753 1237,
1501 723 1621 750 danum-H
1632 724 1677 754 28,
1692 724 1862 750 Interamnae.

355 824 376 830 ..
401 796 533 831 Abbati
563 803 599 830 et
623 797 820 831 conventui
848 797 1060 830 monasterii
1089 798 1210 831 Sancti
1237 798 1399 831 Victoris
1429 798 1662 831 parisiensis.
1691 798 1902 831 Animarum
1934 798 2033 832 lucra
2062 811 2151 844 que—

264 870 387 897 rentes
421 870 458 897 et
491 863 672 909 regularis
702 863 901 909 diligentes
931 863 1073 897 ordinis
1107 863 1334 898 honestatem
1365 863 1524 897 libenter
1550 864 1622 898 hiis
1654 865 1886 910 cooperantia
1915 865 2151 910 providemus

264 930 416 964 maxime
445 930 625 976 requisiti,
648 937 687 964 ut
707 937 742 963 et
770 942 837 964 nos
859 931 929 976 ipsi
959 937 1218 976 cooperatores
1244 931 1339 964 sicut
1359 930 1539 976 pastorale
1567 931 1723 964 officium
1746 931 1859 976 exigit
1886 931 2149 964 existimamus.

262 991 316 1031 En
335 1003 436 1042 parte
468 996 651 1042 siquidem
678 1003 799 1031 vestra
831 996 938 1030 nobis
967 997 1035 1030 suit
1065 996 1252 1030 humiliter
1276 997 1533 1043 supplicatum,
1562 1004 1601 1030 ut
1620 1010 1700 1031 cum
1723 997 1923 1031 animarum
1944 1005 2147 1031 vestrarum

262 1069 299 1097 et
317 1063 471 1097 aliorum
493 1063 602 1097 saluti
622 1063 794 1109 expedire
815 1063 998 1106 credatur,
1016 1064 1114 1109 quod
1136 1063 1300 1097 debeatis
1321 1064 1359 1097 in
1379 1064 1501 1098 divina
1522 1064 1653 1110 pagina
1674 1064 1811 1097 erudiri
1834 1064 1916 1110 quia
1938 1065 2152 1110 frequenter

261 1141 328 1176 per
355 1130 486 1163 fratres
521 1136 666 1164 vestros
701 1130 738 1163 in
773 1129 1063 1176 parrochialibus
1097 1130 1266 1164 ecclesiis
1300 1130 1344 1164 ad
1382 1131 1642 1164 monasterium
1691 1137 1852 1164 vestrum
1898 1130 2148 1176 spectantibus

261 1195 434 1242 pabulum
468 1196 571 1230 verbi
605 1197 672 1230 Dei
706 1203 849 1243 oportet
889 1197 1098 1231 necessario
1138 1197 1350 1239 ministrari,
1385 1197 1430 1230 ad
1469 1209 1562 1243 quos
1597 1209 1662 1243 pro
1698 1197 1906 1242 recipienda
1947 1198 2144 1243 penitentia

261 1263 423 1297 scolares
444 1263 636 1297 studentes
658 1263 819 1297 Parisius
839 1276 927 1310 sepe
948 1264 1158 1297 recurrunt¹
1177 1276 1216 1297 ac
1237 1263 1405 1297 nonnulli
1427 1263 1487 1297 alii
1508 1264 1553 1297 de
1575 1276 1725 1297 suorum
1748 1263 2143 1309 prelatorum'assensu

260 1329 304 1363 ad
334 1329 437 1376 ipsos
467 1330 645 1363 accedunt
672 1342 738 1376 pro
759 1330 916 1364 consilio
945 1322 1106 1372 salutari,
1135 1329 1293 1364 habendi
1320 1330 1534 1376 magistrum
1564 1330 1775 1375 theologum
1804 1330 1838 1363 in
1860 1331 1998 1376 prefato
2025 1343 2148 1364 mona-

260 1396 387 1438 sterio,
406 1396 469 1441 qui
490 1395 527 1429 in
548 1395 754 1442 theologica
775 1395 904 1430 doceat
922 1396 1103 1437 facultate,
1124 1396 1230 1430 vobis
1250 1396 1385 1442 quibus
1406 1409 1479 1430 non
1501 1403 1554 1429 est
1577 1403 1691 1429 tutum
1714 1409 1779 1442 per
1799 1397 1963 1430 civitates
1984 1404 2017 1430 et
2039 1397 2144 1430 villas

260 1461 468 1496 discurrere
502 1461 685 1496 licentiam
712 1463 915 1496 concedere
945 1462 1178 1503 deberemus,
1208 1463 1401 1508 presertim
1429 1475 1509 1496 cum
1539 1469 1670 1496 statuta
1695 1463 1836 1496 ordinis
1862 1464 1975 1496 vestri
1997 1464 2146 1509 permit-

261 1529 368 1571 tant',
395 1541 436 1563 ac
466 1529 622 1575 predicti
649 1530 861 1563 monasterii
888 1530 1118 1563 consuetudo
1146 1529 1232 1563 licet
1257 1529 1468 1575 aliquandiu
1492 1529 1649 1563 extiterit
1675 1530 1883 1563 intermissa
1911 1527 2146 1575 requirat,'ut,

258 1607 360 1630 sacre
389 1595 559 1630 lectionis
580 1596 747 1630 doctrine
774 1596 811 1629 in
835 1587 995 1630 claustro
1028 1596 1176 1630 vacetis.
1206 1597 1281 1629 Nos
1307 1596 1421 1642 igitur
1446 1596 1579 1629 vestris
1605 1595 1936 1641 supplicationibus
1963 1596 2141 1638 inclinati,

259 1662 446 1697 devotioni
475 1669 598 1697 vestre
635 1663 847 1697 auctoritate
885 1663 1109 1709 presentium
1147 1663 1385 1697 concedimus
1421 1662 1612 1708 postulata.
1642 1662 1741 1696 Nulli
1768 1674 1871 1708 erg0,
1905 1668 1986 1705 etc.,
2017 1669 2143 1697 nostre

258 1729 528 1772 concessionis,
554 1735 619 1764 etc.
644 1729 680 1764 Si
702 1730 785 1776 quis
811 1736 945 1772 autem,
966 1735 1030 1764 etc.
1054 1731 1133 1763 Dat.
1157 1731 1362 1763 interamne
1383 1730 1430 1775 vij
1454 1729 1523 1763 kal.
1546 1729 1733 1771 Februari,
1756 1741 1850 1763 anno
1871 1729 2025 1763 decimo.

350 1827 487 1859 neg-svm.
499 1827 623 1860 Gregorii
639 1828 672 1852 ΙΧ
687 1836 730 1852 an.
747 1828 785 1857 10,
801 1836 844 1860 ep.
859 1829 914 1857 3:30,
931 1828 975 1852 rol.
992 1828 1063 1852 221⁶.

351 1912 372 1936 1.
390 1912 455 1936 Vide
469 1912 549 1936 etium
565 1919 648 1944 supra
663 1916 693 1935 πθ
706 1913 746 1941 45,
761 1920 788 1944 p.
806 1912 861 1936 103.
876 1925 908 1930 —
922 1913 945 1938 2.
961 1912 1024 1944 Regu
1042 1919 1048 1935 t
1065 1912 1211 1944 per-mittut.

260 2105 370 2143 112.
395 2115 547 2150 Gregorius
571 2116 617 2141 IX
637 2115 760 2142 Hem-ico
781 2114 1000 2152 archiepiscopo
1020 2114 1163 2150 Remea-si,
1187 2115 1321 2152 episcopo
1341 2114 1490 2151 Arnulpbo
1510 2118 1538 2141 et
1559 2114 1669 2140 decano
1693 2113 1937 2140 Ambianensibus
1959 2113 2080 2140 mandat
2106 2117 2139 2139 ut

346 2163 500 2199 magistron
515 2167 543 2198 et
557 2163 707 2191 cabalares
721 2164 906 2191 Pari-sienem
921 2164 950 2190 in
965 2164 1027 2190 suis
1042 2163 1227 2191 libertatibus
1242 2167 1342 2190 contra
1358 2163 1522 2190 turbatores
1537 2167 1708 2190 conservent.

1510 2253 1587 2282 1237,
1603 2253 1674 2279 duni}
1685 2252 1722 2282 12,
1739 2251 1847 2278 riter-hii.

343 2326 552 2372 Gregorius
584 2326 781 2372 episcopus
815 2338 946 2361 servus
977 2338 1166 2360 servorum
1205 2327 1270 2360 Dei
1299 2326 1572 2361 venerabilibus
1603 2325 1775 2359 fratribus
1809 2352 1829 2358 ..
1856 2325 2133 2370 archiepiscopo

254 2393 426 2426 Remensi
455 2399 491 2426 et
517 2419 539 2426 ..
563 2393 738 2439 episcopo
765 2399 802 2427 et
829 2393 963 2427 dilecto
996 2392 1071 2426 filio
1093 2420 1114 2426 ..
1137 2393 1274 2426 decano
1304 2392 1615 2427 Ambianensibus
1645 2392 1797 2426 salutem
1829 2399 1863 2425 et
1895 2391 2129 2437 apostolicam

252 2458 560 2493 benedictionem.
583 2459 746 2493 Dilectos
766 2459 862 2493 filios
878 2459 1074 2505 magistros
1090 2466 1126 2493 et
1145 2459 1306 2493 scolares
1326 2459 1566 2500 parisienses,
1587 2464 1650 2493 etc.
1672 2459 1766 2493 sicut
1784 2469 1894 2503 supra
1915 2463 1952 2491 n⁰
1971 2458 2026 2491 85.
2049 2458 2129 2491 Dat,

252 2525 407 2560 Viterbii
429 2526 452 2571 ij
479 2525 528 2559 id.
550 2525 663 2568 Junii,
690 2526 922 2572 pontificatus
947 2526 1063 2560 nostri
1084 2538 1179 2560 anno
1200 2525 1407 2559 undecimo.

276 2652 278 2654 ¹
346 2623 460 2648 Litterae
474 2623 588 2648 insertae
604 2623 779 2648 instrumento
790 2632 833 2648 an.
850 2624 911 2647 1:318
925 2625 1043 2647 consecto
1058 2623 1084 2647 in
1100 2623 1176 2648 Δηὼ.
1194 2623 1271 2648 Univ.
1287 2623 1372 2648 Paris.
1383 2623 1458 2648 theca
1475 2623 1516 2648 IV.
1533 2624 1562 2647 A.
1578 2623 1616 2647 18.
1633 2631 1656 2647 ιι.
1672 2637 1702 2640 —
1717 2623 1780 2647 Cod.
1801 2622 1858 2646 vut.
1875 2622 1939 2655 Reg.
1954 2623 2009 2650 406,
2026 2622 2072 2646 tol.
2089 2622 2128 2646 11.

251 2663 329 2692 Decet
346 2667 374 2692 iu
388 2667 446 2692 cod.
463 2667 643 2692 Chelteuhum.
662 2668 750 2693 Paro.
773 2668 884 2693 Pastor.
902 2667 928 2692 in
943 2667 1021 2692 Areh.
1041 2667 1125 2692 Parin.
1147 2668 1196 2692 Li..
1217 2667 1271 2697 176,
1291 2676 1319 2700 p.
1340 2667 1394 2693 ³39.
1410 2667 1534 2696 Bulaeus,
1557 2667 1602 2695 111,
1621 2667 1674 2692 15⁰.
1694 2667 1769 2699 Apud
1793 2666 1922 2691 Jourdain
1941 2670 1970 2695 1¹⁰
1987 2667 2020 2689 4⁸
2039 2674 2130 2690 errore

250 2712 412 2745 typograph.
430 2712 528 2744 tegitur
543 2721 555 2736 ι
572 2720 614 2737 nn.
629 2712 660 2737 V.
676 2721 688 2737 iu
