2580 3528
488 412 553 444 662
1072 421 1392 443 CHARTULARIUM
1428 420 1617 442 UNIVERS.
1656 420 1785 441 rmus.

488 540 533 562 133
623 536 691 563 1245
795 539 914 563 Januarii
932 541 945 562 5
1006 539 1171 563 Innocentius
1187 539 1220 562 IV
1234 539 1401 570 propositum
1417 538 1543 569 Stephani
1558 538 1589 561 dc
1605 537 1758 568 Lexington,
1774 538 1879 562 abbatis
1895 538 2077 567 Claraevallis,
2094 539 2126 563 de
2141 539 2276 564 mittendis

1037 583 1151 607 Parisios
1167 583 1200 606 ad
1216 583 1373 606 studendum
1390 582 1525 605 monachis
1541 582 1672 613 approbat
1675 599 2276 609 ........................
2322 586 2368 609 175

487 642 533 665 134
644 654 674 657 -
789 641 925 665 Februarii
940 642 954 664 6
1006 641 1171 664 Innocentius
1196 641 1229 663 lv
1252 640 1383 663 universis
1408 640 1511 663 clericis
1535 647 1583 671 per
1607 640 1810 671 Lugdunensem
1834 640 2001 672 provinciam
2026 641 2177 666 constitutis
2201 646 2227 666 et
2250 642 2277 666 in

1037 685 1134 708 scholis
1160 685 1323 716 theologicae
1348 684 1482 708 facultatis
1507 685 1620 707 fratrum
1642 684 1858 708 Praedicatorum
1881 685 2081 710 Divionensium
2109 686 2276 711 studentibus

1036 729 1154 753 concedit
1175 732 1204 752 ut
1224 732 1369 760 proventus
1390 737 1498 751 suorum
1518 728 1707 751 beneficiorum
1725 728 1827 760 integre
1846 729 2005 761 percipiant,
2025 738 2055 753 ac
2076 730 2098 753 si
2118 731 2229 755 Parisiis
2249 731 2276 755 in

1035 774 1126 797 eodeni
1142 774 1229 797 studio
1246 776 1381 796 morentur
1383 790 2276 800 ...................................
2322 778 2369 801 176

489 833 533 855 135
643 844 674 847 -
838 847 868 849 —
924 833 950 855 13
1005 831 1170 855 Innocentius
1187 831 1220 854 IV
1236 831 1372 862 magistris
1388 834 1413 854 et
1428 830 1595 854 universitati
1610 831 1773 854 scholarium
1789 831 1874 855 Paris.
1891 832 2111 864 compositionem
2130 833 2194 857 olim
2208 833 2277 857 inter

1035 876 1107 906 ipsos
1123 878 1201 907 atque
1216 875 1378 906 episcopum,
1395 875 1583 898 cancellarium
1598 875 1796 907 capitulumque
1810 876 1895 900 Paris.
1913 878 2010 900 factam
2024 877 2056 901 de
2068 877 2175 901 licentia
2189 878 2277 902 danda

1035 919 1147 951 aliisque
1162 920 1301 943 confirmat
1304 937 2277 946 ......................................
2321 925 2369 949 176

488 979 532 1001 136
643 989 673 992 -
801 978 943 1002 Februario
1004 978 1039 1000 Dc
1055 977 1152 1000 scholis
1168 986 1183 1000 a
1199 977 1295 1008 quihus
1311 978 1462 1001 retinendae
1477 978 1530 1001 sint
1545 981 1570 1001 et
1585 978 1698 1010 qualiter
1713 981 1738 1002 et
1753 979 1784 1002 de
1799 978 1859 1002 aliis
1880 979 1999 1003 articulis
2019 979 2091 1003 infra
2105 980 2224 1012 scriptis.
2243 998 2250 1004 .
2270 998 2276 1004 .
2321 983 2367 1006 177

488 1036 532 1058 137
642 1047 672 1050 -
764 1054 973 1060 .........
1004 1035 1060 1063 Quo
1071 1039 1197 1066 tempore,
1208 1035 1304 1066 quibus
1315 1035 1418 1064 diebus,
1428 1035 1524 1067 quibus
1534 1036 1607 1059 horis
1617 1036 1743 1060 lectiones
1753 1036 1888 1060 cursoriae
1899 1037 1926 1060 in
1936 1037 2039 1061 artibus
2050 1037 2104 1062 sint
2113 1038 2250 1070 legendae.
2269 1055 2276 1062 .
2322 1040 2368 1064 178

488 1093 532 1116 138
642 1104 673 1108 -
810 1094 897 1117 Martii
915 1097 928 1116 5
1004 1093 1169 1116 Innocentius
1186 1093 1219 1116 lv
1233 1093 1310 1116 Petro
1325 1093 1483 1117 cancellario
1498 1093 1651 1123 Parisiensi,
1667 1097 1696 1117 ut
1710 1094 1830 1125 religiosi
1844 1097 1870 1118 et
1884 1094 1973 1118 cleriei
1988 1096 2137 1120 saeculares
2153 1096 2187 1119 ad
2201 1099 2277 1120 taxa-

1034 1137 1132 1160 tionem
1152 1145 1259 1160 suarum
1281 1138 1420 1161 domorum
1439 1141 1568 1169 cogantur
1582 1141 1608 1162 et
1622 1138 1654 1162 de
1668 1139 1747 1162 modo
1761 1139 1903 1163 taxationis
1907 1157 2276 1165 ...............
2322 1143 2368 1166 179

487 1196 532 1219 139
643 1206 672 1210 --
837 1209 868 1213 -
913 1197 928 1218 6
1005 1195 1170 1218 Innocentius
1191 1196 1225 1219 IV
1243 1196 1320 1219 Petro
1340 1196 1499 1219 cancellario
1513 1196 1657 1220 Parisiensi
1672 1197 1781 1220 mandat
1794 1205 1827 1220 ne
1842 1197 1910 1221 alter
1924 1197 2034 1221 alterius
2054 1197 2202 1230 hospitium
2221 1198 2277 1223 sive

1035 1240 1140 1263 scholas
1164 1240 1294 1264 conducat
1306 1257 2276 1268 ......................................
2321 1244 2370 1268 180

487 1299 532 1321 140
641 1309 672 1312 -
837 1312 868 1315 —
899 1298 928 1320 10
1003 1297 1122 1329 Epistola
1138 1298 1281 1322 Innocentii
1296 1299 1330 1322 lv
1345 1298 1378 1321 ad
1392 1299 1522 1322 Adamum
1534 1299 1689 1330 episcopum
1702 1299 1933 1329 Silvamctensem,
1946 1304 2008 1330 etc„
2022 1300 2049 1324 in
2063 1309 2116 1333 qua
2130 1301 2278 1325 continetur

1034 1342 1168 1366 roboratio
1183 1351 1213 1366 ac
1229 1343 1394 1366 conservatio
1409 1343 1608 1375 compositionis
1625 1345 1708 1367 factae
1723 1344 1791 1368 inter
1806 1344 2012 1368 Universitatem
2033 1353 2065 1368 ex
2083 1348 2159 1377 parte
2175 1354 2236 1374 una,
2251 1349 2278 1370 et

1035 1387 1223 1410 cancellarium
1238 1390 1263 1411 et
1277 1387 1424 1419 capitulum
1438 1387 1522 1411 Paris.
1536 1396 1567 1411 ex
1581 1388 1674 1417 altera,
1690 1396 1771 1420 super
1784 1380 1904 1412 articulis
1920 1389 1990 1413 infra
2003 1389 2111 1421 scriptis
2114 1407 2275 1414 .......
2321 1391 2369 1415 180

487 1445 529 1468 141
641 1456 672 1460 —-
815 1445 875 1468 Maii
894 1445 923 1467 13
1003 1445 1170 1468 Innocentius
1186 1445 1220 1468 lv
1234 1445 1400 1469 universitati
1420 1445 1611 1477 magistrorum
1626 1449 1651 1469 et
1665 1446 1827 1470 scholarium
1844 1447 1928 1471 Paris.
1949 1447 2069 1471 concedit
2085 1451 2114 1471 ut
2133 1447 2277 1472 servientes

1034 1489 1154 1520 ipsorum
1174 1498 1325 1513 communes
1346 1498 1362 1513 a
1383 1490 1496 1521 singulis
1512 1490 1663 1514 nationibus
1683 1491 1847 1515 concorditer
1861 1491 1936 1515 electi
1950 1491 2046 1516 iisdem
2064 1492 2277 1517 immunitatibus

1035 1534 1131 1565 quibus
1152 1534 1287 1558 scholares
1301 1535 1435 1566 gaudeant
1447 1553 2276 1561 .................................
2322 1537 2367 1562 181

487 1592 531 1614 142
645 1603 670 1606 -
832 1606 860 1609 -
894 1592 923 1615 15
1004 1592 1170 1615 Innocentius
1191 1593 1224 1616 IV
1243 1592 1380 1624 magistris
1395 1596 1421 1616 et
1435 1593 1602 1617 scholaribus
1622 1593 1817 1617 Parisiensibus
1836 1594 2010 1626 privilegium
2026 1595 2076 1618 fori
2096 1595 2224 1619 concedit.
2244 1612 2252 1619 .
2270 1613 2277 1619 .
2322 1595 2367 1619 181

488 1649 532 1672 143
644 1660 671 1664 —
830 1663 861 1667 —
895 1651 924 1673 15
1004 1650 1170 1674 Innocentius
1191 1651 1225 1674 lv
1244 1650 1382 1674 universos
1398 1651 1541 1682 magistros
1557 1654 1582 1675 et
1597 1651 1731 1675 scholares
1746 1651 1909 1676 Parisienses
1925 1655 2022 1682 monet,
2042 1661 2075 1676 ne
2095 1653 2154 1685 quis
2172 1653 2278 1677 scholas

1035 1694 1144 1718 alterius
1164 1694 1264 1726 absque
1280 1695 1335 1726 ejus
1351 1703 1490 1724 consensu,
1506 1704 1589 1728 neque
1604 1695 1722 1727 hospitia
1738 1696 1879 1720 interdicta
1898 1697 2009 1721 retineat
2012 1714 2278 1723 ...........
2323 1697 2368 1721 181

487 1751 532 1774 144
644 1761 670 1765 -·
833 1765 861 1769 ——
895 1753 924 1775 18
1004 1752 1171 1776 Innocentius
1185 1753 1218 1776 IV
1231 1753 1405 1777 Universitati
1417 1753 1562 1777 Parisiensi
1574 1754 1683 1777 mandat
1695 1757 1724 1778 ut
1735 1754 1859 1786 magistri
1871 1763 1902 1778 ac
1914 1755 1961 1778 alii
1973 1755 2007 1779 ad
2022 1756 2159 1787 generales
2172 1764 2280 1788 congre-

1036 1797 1155 1829 gationes
1168 1797 1275 1820 veniant
1278 1815 2278 1824 .......................................
2323 1800 2370 1823 182

488 1854 532 1877 145
579 1849 729 1876 1244-1245
809 1855 882 1879 ‚lunii
900 1856 928 1878 28
1005 1855 1171 1878 Innocentius
1185 1855 1219 1879 1v
1229 1855 1437 1887 archiepiscopis
1447 1864 1495 1887 per
1503 1864 1615 1888 regnum
1623 1856 1749 1880 Franciae
1757 1857 1907 1881 constitutis
1918 1858 2027 1881 mandat
2036 1860 2065 1881 ut
2075 1858 2142 1881 nulli
2154 1857 2278 1890 deinceps

1037 1900 1063 1922 in
1089 1899 1188 1923 scholis
1209 1903 1354 1931 proventus
1378 1900 1593 1932 praebendarum
1619 1901 1750 1933 recipiant
1775 1901 1828 1925 nisi
1850 1901 1957 1925 obtenta
1979 1902 2087 1926 licentia
2113 1903 2148 1926 ad
2173 1903 2280 1927 easdem

1037 1944 1142 1967 scholas
1162 1944 1323 1968 accesserint
1330 1962 2279 1971 .....................................
2324 1946 2371 1971 182

489 2000 533 2023 146
623 1995 689 2022 1245
775 2001 938 2033 Septembris
953 2003 967 2024 4
1005 2002 1172 2026 Innocentius
1189 2003 1222 2026 lv
1237 2002 1379 2026 abbatibus
1394 2003 1457 2027 Ord.
1475 2003 1583 2027 Cisterc.
1599 2003 1626 2027 in
1641 2004 1759 2035 generali
1773 2003 1890 2035 capitulo
1906 2004 2015 2028 mandat
2028 2007 2059 2028 ut
2073 2004 2192 2029 studium
2202 2005 2279 2029 theo-

1036 2047 1123 2078 logiae
1138 2047 1249 2070 Parisiis
1262 2046 1317 2078 jam
1331 2047 1466 2079 inceptum
1482 2048 1593 2072 ferventi
1607 2048 1739 2072 desiderio
1752 2049 1876 2080 amplecti
1891 2049 2015 2073 studeant
2017 2066 2278 2074 ...........
2324 2049 2371 2073 183

490 2102 533 2124 147
644 2112 675 2116 —
842 2117 869 2121 —
939 2105 966 2127 11
1006 2105 1172 2128 Innocentius
1193 2105 1227 2128 lv
1246 2105 1382 2136 magistris
1403 2108 1428 2128 et
1447 2105 1613 2129 scholaribus
1633 2106 1772 2130 Tolosanis
1791 2107 1901 2130 eandem
1920 2106 2070 2131 libertatem
2090 2107 2210 2131 concedit
2228 2115 2281 2140 qua

1037 2150 1153 2180 gaudent
1165 2149 1328 2172 Parisienses
1332 2167 2279 2176 .....................................
2325 2152 2371 2176 184

490 2204 534 2227 148
644 2214 675 2218 -
840 2221 870 2224 -
942 2207 968 2230 12
1006 2206 1143 2230 Ordinatio
1167 2207 1278 2238 capituli
1299 2207 1431 2238 generalis
1453 2208 1516 2232 Ord.
1540 2208 1754 2232 Cisterciensium
1776 2208 1807 2232 dc
1830 2209 1934 2238 studiis,
1957 2210 2115 2241 praesertim
2139 2210 2171 2233 de
2192 2210 2280 2234 studio

1037 2251 1147 2274 Parisiis
1160 2252 1216 2283 jam
1229 2251 1332 2283 incepto
1337 2269 2279 2279 .....................................
2325 2255 2371 2278 184

491 2301 535 2324 149
645 2312 675 2315 -
841 2318 869 2321 -
940 2306 968 2327 22
1007 2305 1173 2328 Innocentius
1194 2305 1227 2328 IV
1247 2308 1346 2328 statuta
1365 2314 1380 2328 a
1400 2306 1528 2337 Gregorio
1548 2306 1582 2329 IX
1601 2306 1775 2330 Universitati
1793 2307 1938 2331 Parisiensi
1957 2315 2082 2331 concessa
2099 2308 2236 2340 magistris
2256 2311 2282 2332 et

1038 2349 1204 2372 scholaribus
1221 2350 1359 2373 Tolosanis
1375 2350 1541 2374 observanda
1561 2350 1642 2374 tradit
1645 2368 2280 2376 .........................
2325 2353 2372 2376 185

492 2399 536 2421 150
647 2410 672 2413 -
798 2402 944 2433 Sept-Oct.
1009 2403 1135 2426 Rohertus
1159 2403 1323 2427 Grossetcste
1345 2403 1486 2435 episcopus
1507 2404 1697 2428 Lincolniensis
1717 2405 1838 2428 ministro
1858 2406 1918 2429 frat.
1935 2397 2072 2429 Mineruia
2085 2406 2112 2429 in
2133 2406 2227 2438 Anglia
2249 2406 2281 2429 de

1038 2451 1122 2470 morte
1141 2447 1167 2470 in
1187 2447 1366 2471 Universitate
1381 2448 1525 2472 Parisiensi
1540 2449 1653 2472 duorum
1668 2449 1859 2481 magistrorum
1873 2450 1992 2482 ejusdem
2012 2450 2119 2474 Ordinis
2140 2450 2281 2474 Alexandri

1039 2493 1070 2515 de
1087 2493 1164 2515 Hales
1178 2495 1202 2515 ct
1214 2492 1343 2515 Johannis
1357 2493 1388 2516 de
1402 2493 1513 2524 Rupella
1517 2511 2280 2519 ..............................
2326 2495 2378 2518 1⁸6-

493 2540 535 2562 151
628 2538 692 2563 1246
797 2543 915 2566 Januarii
934 2544 947 2566 8
1008 2545 1173 2569 Innocentius
1190 2546 1223 2569 IV
1237 2546 1351 2569 Johanni
1367 2546 1517 2575 Teutonico,
1535 2555 1606 2578 mag.
1621 2547 1738 2578 generali
1754 2547 1817 2571 Ord.
1834 2548 1937 2577 Praed„
1958 2548 2066 2572 mandat
2080 2551 2110 2572 ut
2123 2548 2282 2580 magistrum
2320 2544 2329 2551 ”

1039 2590 1187 2621 theologiae
1200 2590 1234 2613 ad
1247 2590 1352 2613 domum
1370 2591 1490 2614 Cistercii
1506 2591 1593 2614 mittat
1596 2608 2280 2617 ...........................
2326 2592 2371 2616 187

494 2638 538 2660 ’152
648 2649 678 2652 -
799 2641 896 2672 Aprilis
918 2641 947 2664 21
1009 2643 1135 2673 Epistola,
1166 2651 1217 2674 qua
1246 2644 1412 2667 Innocentius
1442 2645 1476 2667 IV
1505 2644 1725 2668 constitutionem
1751 2646 1884 2670 Romana
1911 2646 2026 2670 ecclesia
2052 2646 2084 2669 de
2107 2654 2188 2670 causa
2213 2645 2282 2669 inter

1039 2687 1174 2710 Juhellum
1194 2688 1425 2720 archiepiscopum
1440 2689 1595 2712 Remcnscm
1614 2692 1640 2712 et
1659 2689 1715 2721 ejus
1733 2689 1915 2721 suffraganeos
1935 2693 2092 2714 tractantem
2107 2689 2281 2715 universitati

1040 2731 1184 2755 Parisiensi
1198 2732 1355 2756 transmittit
1358 2750 2280 2758 ....................................
2327 2734 2372 2758 188

495 2779 539 2802 153
650 2790 678 2794 -·
843 2795 870 2799 —
920 2783 948 2805 21
1010 2784 1136 2815 Epistola,
1151 2793 1203 2816 qua
1218 2785 1384 2809 Innocentius
1400 2786 1434 2809 IV
1449 2795 1510 2809 suns
1526 2786 1552 2809 in
1568 2786 1684 2810 Concilio
1696 2787 1866 2818 Lugdunensi
1878 2787 2061 2818 promulgatas
2076 2787 2280 2811 Constitutiones

1040 2829 1213 2852 Univcrsitati
1226 2830 1370 2853 parisiensi
1383 2830 1464 2854 mittit
1466 2848 2280 2856 ................................
2326 2833 2372 2856 188

495 2877 540 2900 154
650 2888 680 2891 -
822 2879 883 2902 Maii
899 2880 928 2902 20
1010 2881 1176 2905 Innocentius
1197 2883 1230 2906 IV
1249 2883 1362 2907 Robcrto
1378 2884 1542 2908 Grossetcste
1557 2884 1682 2915 episcopo
1697 2884 1873 2908 Lincolniensi
1888 2885 1996 2908 mandat
2016 2888 2044 2908 ut
2062 2885 2134 2916 apud
2153 2885 2281 2909 Oxoniam

1041 2926 1143 2950 nullum
1158 2927 1252 2950 docere
1266 2927 1411 2958 permittat¹
1428 2928 1479 2951 nisi
1497 2928 1542 2960 qui
1558 2928 1701 2952 secundum
1717 2937 1817 2952 morem
1831 2928 2007 2952 Parisiensem
2022 2929 2185 2953 examinatus
2202 2929 2282 2953 fuerit

1042 2973 1066 2995 et
1086 2970 1250 3001 approbatus
1254 2988 2281 2998 ........................................
2327 2975 2372 2998 189
