2580 3528
243 525 290 549 1⁵5

241 626 289 652 ms

240 729 287 754 157

240 832 287 856 ¹58

239 1023 285 1047 159

238 1169 284 1193 160

237 1271 279 1296 161

235 1375 282 1399 182

234 1478 280 1503 1⁸³

232 1626 279 1650 ¹⁶4

231 1684 278 1709 16⁵

231 1742 278 1767 1⁶6

231 1844 276 1869 1⁶7

229 1991 276 2017 168

229 2094 276 2119 109

229 2199 276 2224 170

229 2391 271 2415 171

227 2533 273 2558 172

226 2635 272 2659 17³

225 2870 270 2895 17¹1

379 522 449 550 im

592 526 661 550 Heio

567 629 581 652 J
584 628 639 652 unii
657 629 669 652 1
673 630 687 652 3

586 745 617 750 -
657 732 687 755 19

585 848 617 852 --
656 835 686 858 22

583 1038 614 1044 ·-
654 1026 685 1049 2⁶

584 1186 612 1190 —
653 1173 684 1196 26

531 1274 661 1306 *Octobris
677 1276 704 1299 11

580 1391 612 1395 -
675 1378 706 1401 23

580 1493 611 1497 —
675 1480 704 1504 2³

578 1639 609 1644 —
672 1628 704 1650 ³0

578 1697 609 1702 -—
672 1685 703 1708 30

526 1741 682 1766 Novembris
698 1743 710 1766 1

546 1844 687 1868 Novembri

546 1991 690 2016 Februario

555 2094 643 2119 Martii
660 2095 674 2118 2

574 2196 658 2229 Aprili

534 2533 645 2566 Augu-u
660 2534 690 2558 12

572 2636 688 2660 —12

1107 423 1273 445 TABULA.

764 526 904 551 Ordinatio
917 527 1028 559 capituli
1047 527 1179 559 generalis
1195 527 1258 552 Ord.
1279 529 1372 553 Praed.
1395 530 1505 554 Parisiis
1526 532 1575 555 sub
1591 540 1661 563 mag.
1677 531 1796 555 Johaune
1811 531 1953 555 Teutonico
1966 531 2036 554 celc-

794 570 866 595 brati
881 571 913 596 de
927 572 1006 596 domo
1019 572 1163 596 Parisiensi
1166 589 2035 599 ..................................

762 629 929 653 Innocentius
949 629 983 653 IV
997 629 1098 654 cantori
1118 630 1239 654 Remensi
1258 631 1378 655 concedit
1397 635 1425 655 ut
1443 632 1553 656 Parisiis
1574 633 1698 657 insistens
1715 633 1803 656 studio
1822 641 1870 664 per
1889 632 2035 664 quinquen-

794 673 868 697 nium
880 677 1025 706 proventus
1038 682 1101 698 suos
1112 674 1306 698 ecclesiasticos
1320 675 1451 708 percipiat
1454 693 2034 701 .......................

763 731 930 756 Innocentius
943 732 977 756 lv
989 732 1124 756 studentes
1137 733 1201 758 Ord.
1216 732 1325 757 Cisterc.
1341 733 1413 765 apud
1426 734 1454 758 S.
1467 734 1631 758 Bernardum
1644 735 1728 759 Paris.
1743 735 1793 758 sub
1805 735 1836 759 B.
1848 734 1918 758 Petri
1930 738 2035 766 protec-

792 776 863 800 tione
878 777 1000 808 suscipit,
1018 777 1108 809 eisque
1123 777 1211 801 omnia
1225 777 1367 810 privilegia
1381 778 1475 802 Ordiui
1489 787 1614 803 concessa
1628 779 1757 811 elargitur
1767 796 2034 803 ...........

761 834 930 858 Innocentius
945 835 979 858 lv
993 835 1096 858 clericis
1111 843 1160 867 per
1174 835 1378 867 Lugdunensem
1392 836 1559 868 provinciam
1573 837 1724 861 constitutis
1739 840 1765 861 et
1779 837 1806 860 in
1821 837 1918 860 scholis
1933 836 2033 860 theolo-

792 878 867 910 gicae
891 879 1025 903 facultatis
1050 881 1162 904 fratrum
1186 879 1316 904 Minorum
1339 880 1537 905 Divionensium
1560 882 1727 906 studentibus
1751 881 1871 913 indulget
1890 884 1919 905 ut
1939 881 2034 905 benefi-

791 923 893 947 ciorum
917 932 1026 947 suorum
1048 927 1193 956 proventus
1216 924 1327 956 integre,
1351 933 1382 948 ac
1409 925 1433 949 si
1456 926 1566 950 Parisiis
1588 926 1615 949 in
1636 926 1727 950 eodem
1750 925 1837 950 studio
1857 928 2031 953 morarentur,

791 968 941 1000 percipiant
952 985 2031 994 ..........................................

761 1014 927 1049 Innocentius
948 1026 981 1050 lV
1000 1026 1034 1049 ad
1053 1026 1235 1050 Theobaldum
1254 1026 1378 1050 abbatem
1395 1027 1422 1051 S.
1438 1027 1587 1052 Genovefae
1605 1028 1700 1057 Paris„
1716 1031 1745 1051 ut
1763 1027 1882 1052 homines
1902 1035 1963 1051 suos
1983 1035 2032 1059 pro

790 1070 952 1094 scholarium
970 1078 1035 1102 pace
1054 1073 1080 1094 et
1099 1070 1239 1094 securitate
1258 1070 1292 1094 ad
1311 1079 1342 1094 ea
1361 1071 1534 1103 constringat,
1549 1072 1583 1095 ad
1602 1080 1670 1104 quae
1688 1080 1735 1104 per
1754 1072 1843 1104 reg-ale
1861 1071 2031 1104 privilegium

791 1115 862 1138 cives
877 1115 1041 1139 Parisienses
1053 1115 1239 1146 astringuntur
1241 1132 2030 1140 ...............................

759 1172 927 1196 Innocentius
942 1173 976 1196 lv
991 1173 1096 1204 Hugoni
1111 1172 1202 1196 abbati
1217 1173 1243 1196 S.
1260 1172 1384 1197 Germani
1404 1173 1436 1197 de
1455 1174 1541 1198 Pratis
1557 1174 1666 1198 mandat
1679 1177 1708 1198 ut
1722 1174 1841 1198 homines
1860 1174 1916 1206 ejus
1932 1174 2031 1198 astrin-

789 1220 887 1248 gantur
905 1225 954 1249 per
972 1217 1061 1249 regale
1077 1217 1249 1249 privilegium
1268 1217 1336 1241 sicut
1355 1217 1426 1242 cives
1440 1218 1603 1242 Parisicnses
1606 1236 2029 1243 .................

758 1274 925 1298 Innocentius
945 1275 979 1298 lv
998 1274 1165 1298 studentibus
1185 1274 1248 1299 Ord.
1265 1274 1374 1299 Cisterc.
1393 1275 1502 1299 Parisiis
1517 1276 1668 1300 constitutis
1688 1279 1717 1300 ut
1735 1276 1848 1300 novitios
1871 1276 1904 1300 ad
1925 1277 2030 1308 profes-

788 1319 890 1342 sionem
909 1319 1051 1342 admittant
1069 1319 1185 1351 larg-itur
1187 1336 2028 1345 .................................

757 1376 924 1400 Innocentius
947 1376 981 1400 IV
1004 1376 1141 1408 magistris
1165 1379 1191 1400 et
1214 1376 1381 1400 scholaribus
1406 1377 1489 1401 Paris.
1514 1381 1542 1401 ut
1564 1386 1615 1402 non
1636 1378 1714 1402 liceat
1736 1386 1780 1402 oos
1802 1378 1902 1410 absquo
1923 1378 2028 1402 licentia

788 1421 898 1453 speciali
911 1420 982 1444 sedis
995 1421 1157 1452 apostolicae
1169 1421 1391 1445 excommunicari
1403 1422 1522 1446 concedit
1524 1439 2026 1447 ....................

756 1478 924 1503 Innocentius
939 1478 973 1502 IV
986 1478 1092 1502 Juhello
1107 1477 1307 1510 archiepiscopo
1327 1479 1457 1507 Remensi,
1474 1479 1572 1503 Adamo
1587 1479 1711 1511 episcopo
1731 1483 1756 1504 et
1775 1480 1873 1504 decano
1893 1481 2027 1504 Silvanec-

785 1523 916 1552 tensibus,
932 1526 961 1547 ut
979 1523 1163 1547 molestatores
1182 1522 1372 1555 magistrorum
1387 1526 1413 1547 et
1426 1523 1588 1547 scholarium
1604 1524 1794 1548 Parisieusium
1813 1532 1925 1548 censura
1943 1525 2027 1548 eccle-

786 1567 894 1592 siastica
908 1570 1085 1600 compescant«,
1105 1567 1154 1591 boc
1168 1567 1310 1599 privilegio
1324 1575 1372 1599 per
1387 1568 1553 1600 septennium
1567 1571 1669 1592 tantum
1686 1568 1801 1592 valituro
1811 1586 2026 1593 .........

754 1625 922 1650 Innocentius
937 1625 972 1650 IV
986 1625 1079 1650 statuit
1093 1633 1126 1650 ne
1140 1625 1275 1650 scholares
1288 1626 1320 1649 de
1333 1625 1411 1649 rebus
1428 1626 1483 1650 suis
1498 1626 1584 1650 eundo
1596 1626 1638 1650 vel
1651 1626 1784 1650 redeundo
1797 1626 1898 1658 aliquid
1913 1626 2027 1650 solvant.

754 1683 922 1708 Innocentius
937 1683 971 1707 IV
985 1683 1121 1715 magistris
1136 1686 1162 1707 et
1174 1683 1342 1707 scholaribus
1355 1683 1440 1708 Paris.
1453 1692 1531 1707 usum
1544 1683 1630 1716 sigilli
1644 1692 1692 1716 per
1707 1684 1873 1716 septennium
1887 1684 2024 1716 permittit.

752 1741 872 1766 Decanus
893 1744 919 1765 et
940 1740 1087 1773 capitulum
1108 1740 1251 1765 Parisinus.
1275 1741 1403 1765 fratribus
1425 1741 1488 1766 Ord.
1512 1741 1694 1766 Cisterciensis
1722 1741 1832 1766 Parisiis
1858 1741 2025 1766 studentibus

783 1785 925 1818 quemdam
939 1785 1026 1810 locum
1043 1785 1118 1817 juxta
1138 1793 1228 1810 muros
1242 1785 1406 1810 Parisicnses
1425 1786 1571 1810 concedunt
1573 1803 2023 1810 ..................

753 1843 903 1876 Stephanus
923 1843 1007 1867 abbas
1026 1846 1052 1867 et
1070 1846 1214 1867 conventus
1230 1843 1256 1867 S.
1271 1843 1401 1867 Bernardi
1415 1843 1499 1867 Paris.
1516 1843 1734 1876 compositionem
1748 1843 1817 1867 inter
1831 1843 1904 1875 ipsos
1920 1846 1946 1867 et
1960 1844 2023 1868 Ace-

782 1888 868 1912 linum
883 1887 1007 1912 abbatem
1026 1891 1052 1911 et
1065 1891 1222 1911 conventum
1237 1888 1264 1911 S.
1279 1887 1393 1911 Victoris
1408 1887 1492 1912 Paris.
1508 1889 1606 1912 factam
1622 1890 1755 1920 exponunt
1770 1887 1801 1911 de
1815 1887 1873 1912 loco
1888 1887 1914 1911 in
1929 1887 2023 1912 Cardi—

782 1936 842 1957 neto
857 1932 924 1965 ipsis
939 1941 956 1956 a
970 1932 1107 1964 praedicto
1121 1935 1251 1956 conventu
1263 1931 1361 1956 tradito
1364 1949 2022 1956 ..........................

751 1991 850 2016 Charta
863 1990 1012 2014 donationis
1027 1991 1112 2014 sactae
1130 1990 1164 2014 ab
1183 1989 1289 2014 Ansello
1309 1989 1341 2013 do
1360 1989 1494 2014 Garlanda
1513 1989 1680 2013 scholaribus
1700 1990 1726 2013 S.
1747 1989 1847 2013 Nicolai
1866 1989 1898 2013 de
1917 1989 2022 2022 Lapara

781 2035 862 2060 totius
878 2034 995 2059 decimae
1010 2042 1089 2067 quam
1103 2034 1220 2058 habebat
1233 2034 1260 2058 in
1274 2034 1408 2058 territorio
1422 2034 1455 2058 de
1469 2034 1595 2058 Corcellis
1598 2051 2020 2058 .................

751 2093 918 2118 Innocentius
933 2093 968 2117 lv
979 2092 1132 2117 doctoribus
1147 2096 1172 2116 et
1185 2091 1352 2116 universitati
1368 2091 1529 2116 scholarium
1543 2091 1734 2116 Parisiensium
1749 2091 1857 2116 mandat
1870 2095 1900 2115 ut
1912 2094 2019 2120 statuta,

781 2146 848 2171 quae
862 2138 1031 2162 confecerunt
1045 2136 1095 2161 viri
1111 2136 1200 2160 selecti
1215 2136 1249 2160 ab
1264 2136 1323 2169 ipsa
1338 2136 1524 2165 Unkersitate,
1537 2135 1727 2160 inviolabiliter
1740 2135 1882 2160 observent
1883 2153 2019 2160 ......

749 2196 883 2220 Johnnnos
903 2195 929 2220 S.
950 2194 1082 2219 Benedicti
1099 2194 1274 2218 Floriacensis
1289 2194 1373 2218 abhas
1388 2197 1479 2218 notum
1495 2194 1557 2218 tacit
1571 2202 1603 2218 ex
1618 2202 1687 2217 nunc
1706 2193 1732 2217 in
1752 2197 1909 2226 perpetuum
1930 2193 2018 2218 decem

780 2249 811 2265 ex
830 2239 958 2265 tratribus
975 2238 1127 2263 monasterii
1142 2239 1168 2263 in
1183 2239 1304 2271 prioratu
1320 2239 1346 2262 S.
1363 2238 1484 2263 Gervasii
1498 2238 1695 2262 Aurelianensis
1715 2238 1740 2261 in
1760 2246 1852 2262 sacrae
1872 2237 2019 2269 theologiae

781 2284 868 2309 studio
883 2284 983 2313 sedero,
998 2284 1177 2316 provectiores
1190 2291 1252 2307 vcro
1265 2291 1356 2307 eorum
1371 2291 1451 2307 causa
1464 2282 1573 2315 majoris
1589 2282 1713 2306 scientiae
1726 2282 1887 2306 hauriendae
1902 2282 2018 2306 Parisios

779 2329 813 2353 ad
833 2329 951 2353 studium
971 2328 1123 2360 dirigendo·
1127 2343 2016 2352 ...................................

748 2387 806 2412 Odo
825 2386 991 2411 Tusculanus
1012 2385 1154 2418 episcopus
1176 2388 1202 2409 et
1222 2385 1384 2417 apostolicae
1403 2385 1473 2408 sedis
1495 2384 1599 2416 legatus
1619 2387 1731 2408 testatur
1750 2392 1778 2408 so
1797 2383 1896 2408 vidisse
1915 2383 2016 2408 litteras

778 2431 907 2456 Johannis
935 2430 1040 2454 abbatis
1069 2430 1096 2454 S.
1123 2428 1256 2453 Benedicti
1285 2428 1469 2457 Floriacsnsis,
1499 2431 1525 2452 et
1551 2428 1743 2452 ordinationem
1771 2428 1805 2452 ab
1833 2428 1892 2460 ipso
1921 2429 2016 2452 factam

778 2475 911 2508 approbat
922 2489 2014 2499 ...........................................

746 2533 914 2558 Innocentius
930 2532 964 2556 lv
978 2531 1139 2556 Ludovicum
1155 2538 1243 2563 regem
1258 2531 1419 2555 Francorum
1434 2530 1558 2554 admonet
1571 2533 1600 2554 ut
1613 2530 1683 2563 quod
1698 2529 1755 2555 odo
1769 2530 1931 2562 apostolicas
1945 2530 2015 2554 sedis

777 2578 881 2610 lsgatns
901 2577 972 2601 circa
986 2576 1099 2600 Talmad
1114 2576 1233 2608 aliosque
1248 2575 1331 2599 libros
1346 2575 1507 2599 Judaeorum
1522 2574 1653 2603 statuerit,
1673 2574 1809 2598 observari
1829 2577 1911 2599 curet.
1929 2591 1936 2598 .
1954 2592 1961 2599 .
1981 2592 1987 2598 .
2007 2592 2013 2598 .

746 2635 859 2660 Litterae
882 2634 982 2659 odoni·
1006 2634 1115 2658 Tuscul.
1138 2633 1257 2666 spi-copi
1280 2635 1366 2665 apost.
1391 2632 1462 2657 sedis
1483 2632 1565 2664 legati
1588 2632 1621 2656 ad
1645 2632 1826 2656 Innocentium
1848 2639 1946 2664 papam
1971 2632 2013 2661 lv,

776 2679 873 2712 quibus
888 2678 1016 2711 epistolas
1028 2677 1150 2710 Gregorii
1162 2678 1195 2702 lx
1209 2685 1290 2710 super
1301 2676 1518 2701 condemnatione
1530 2676 1642 2701 Tslmud
1657 2676 1742 2701 editas
1754 2676 1855 2705 inserit.
1868 2679 1895 2700 et
1906 2676 2015 2708 insuper

777 2731 910 2749 summum
929 2723 1081 2756 pontificem
1099 2722 1239 2747 certiorem
1254 2722 1326 2751 facit,
1342 2721 1454 2746 Talmud
1475 2721 1557 2746 fuisso
1576 2720 1718 2753 diligenter
1731 2720 1908 2745 examinatum
1923 2720 2014 2744 habito

776 2768 887 2793 consilio
909 2767 1027 2793 omnium
1048 2767 1238 2799 magistrorum
1257 2765 1406 2798 theologias
1424 2768 1450 2790 et
1465 2765 1534 2798 juris
1554 2765 1672 2790 canonici
1692 2768 1718 2790 st
1736 2765 1849 2789 aliorum
1871 2765 2012 2789 multorum

775 2821 919 2845 omnesque
932 2812 1026 2841 libros,
1041 2811 1087 2844 qui
1102 2815 1164 2836 tunc
1178 2810 1271 2835 haberi
1290 2813 1440 2843 potuerant,
1455 2813 1586 2835 crematos
1593 2826 2011 2835 .................

745 2870 912 2896 Innocentius
933 2870 966 2895 lv
984 2869 1114 2902 mugi-tro
1133 2868 1275 2894 Gaillelmo
1293 2868 1326 2893 ds
1345 2868 1442 2892 Sancto
1456 2869 1559 2897 Amore,
1574 2867 1700 2892 canonico
1715 2866 1877 2895 Belvscensi,
1893 2867 2012 2898 indulget

774 2919 805 2940 ut
828 2918 934 2948 praeter
956 2914 1094 2939 ecclesiam
1115 2914 1148 2938 do
1171 2912 1291 2939 Gaviu-
1312 2913 1419 2937 unicum
1439 2912 1512 2937 sliud
1535 2912 1700 2941 beneficium,
1723 2911 1846 2935 similiter
1867 2919 1927 2934 cuin
1948 2918 2010 2934 cura

774 2960 933 2988 animarum,
954 2959 1041 2983 vals-t
1061 2958 1174 2983 retinere
1175 2972 2009 2983 .................................

2059 417 2126 451 663

2083 576 2127 599 190

2084 677 2126 700 190

2083 779 2125 801 190

2078 969 2120 992 191

2075 1217 2120 1240 192

2076 1319 2119 1342 192

2074 1421 2118 1444 192

2073 1567 2117 1590 193

2073 1624 2117 1648 1911

2071 1682 2115 1705 194

2071 1783 2115 1807 195

2068 1929 2113 1953 1⁹6

2067 2031 2112 2054 198

2066 2133 2112 2156 199

2065 2324 2108 2347 191,

2059 2470 2101 2494 201

2059 2572 2102 2596 201

2058 2807 2103 2831 202

2056 2954 2102 2978 205
