2580 3528
495 378 560 410 478
1087 385 1403 408 CHARTULARIUM
1438 384 1627 406 UNtVERS.
1664 383 1788 424 PAR-ts.
2272 376 2374 418 [1268

499 468 642 494 nentur.
687 463 730 509 Et
766 461 918 506 predicti
962 460 1122 505 theologi
1166 458 1363 492 manebunt
1412 458 1519 491 simul
1562 464 1710 502 propter
1757 458 2049 492 commoditatem
2101 459 2292 502 librorum,
2337 467 2374 495 et

499 534 647 573 propter
674 527 886 561 collationes
914 527 1067 560 invicem
1095 526 1290 566 faciendas,
1319 531 1354 558 et
1378 531 1527 570 propter
1558 524 1625 557 alia
1650 523 1774 558 multa.
1802 526 1890 558 Item
1918 526 2058 571 parvuli
2084 527 2221 569 artiste,
2251 527 2282 560 si
2309 527 2371 573 qui

500 594 584 635 sint,
608 594 779 627 similiter
799 593 996 627 manebunt
1015 592 1163 625 insimul
1184 599 1251 624 tam
1275 598 1424 636 propter
1444 590 1674 623 commodum
1696 590 1915 634 collationis,
1937 605 2043 638 quam
2064 600 2213 639 propter
2236 593 2372 628 hones-

499 667 604 693 tatem
626 672 780 702 morum,
802 672 840 693 ac
861 660 898 692 in
919 659 1164 692 testimonium
1194 657 1397 703 probitatis.
1420 658 1509 690 Item
1538 657 1624 690 dicti
1652 657 1815 703 theologi
1837 658 2014 703 jurabunt
2031 659 2196 705 quolibet
2215 672 2310 694 anno
2330 672 2370 694 se

498 733 705 760 servaturos
726 732 855 759 statuta
876 737 945 770 que
962 737 1027 770 pro
1049 725 1102 757 eis
1118 724 1199 764 feci,
1219 723 1419 756 secundum
1437 723 1536 768 quod
1556 723 1593 756 in
1614 724 1706 757 meis
1727 723 1859 758 litteris
1880 737 2005 758 eorum
2026 726 2159 759 seriem
2180 727 2371 760 continen-

499 792 596 826 tibus
618 792 760 837 plenius
787 791 1004 824 continetur.
1029 790 1064 823 Si
1084 796 1201 822 autem
1223 789 1422 834 contingat,
1447 789 1544 834 quod
1566 791 1665 823 Deus
1686 797 1834 832 avertat,
1852 791 1950 836 quod
1976 792 2135 826 studium
2162 793 2369 827 Parisiense

498 859 554 892 vel
584 859 681 891 aliud
711 858 873 891 solemne
904 869 946 889 ex
976 863 1049 890 toto
1080 863 1199 889 cesset
1228 856 1285 889 vel
1316 856 1461 900 penitus
1492 856 1704 901 dissipetur,
1735 857 1819 890 volo
1850 864 1886 891 et
1914 859 2044 892 ordino
2075 859 2173 904 quod
2207 860 2369 905 predicta

497 925 615 958 omnia
645 930 853 957 remaneant
883 924 1004 956 domui
1036 923 1129 955 dicte
1160 922 1374 967 Magdalene
1402 929 1437 955 et
1464 922 1622 968 leprosis
1649 923 1694 956 de
1724 925 1871 957 Monte⁶
1896 926 1998 970 juxta
2025 926 2304 972 Rothomagum,
2331 927 2369 961 in

497 1003 693 1036 pauperum
715 989 994 1023 necessitatibus
1016 989 1252 1034 expendenda
1274 996 1309 1022 et
1333 990 1593 1032 convertenda,
1616 1002 1809 1036 quousque
1840 992 1999 1025 studium
2030 993 2202 1038 generale
2235 993 2368 1028 alicubi

496 1057 681 1090 reformari
709 1044 913 1101 contingat}
944 1056 1002 1089 tali
1024 1056 1195 1089 videlicet
1215 1056 1335 1097 modo,
1359 1057 1457 1101 quod
1477 1056 1639 1102 qualibet
1658 1057 1886 1092 hebdomada
1912 1059 2099 1093 tradantur
2119 1060 2296 1105 priorisse
2322 1061 2368 1095 de

494 1123 705 1169 Magdalena
721 1123 777 1156 vel
796 1135 963 1168 persone,
983 1135 1052 1167 que
1074 1122 1279 1168 providebit
1301 1123 1455 1156 infirmis
1477 1123 1545 1157 sub
1567 1124 1688 1169 priore
1710 1125 1746 1157 in
1769 1125 1876 1158 domo
1898 1138 1961 1159 sua
1982 1126 2040 1160 vel
2059 1126 2231 1172 hospitali
2246 1128 2367 1174 jacen-

497 1190 591 1223 tibus
613 1190 740 1234 viginti
762 1189 900 1222 solidos
918 1189 1109 1234 parisiens.
1128 1201 1193 1234 pro
1214 1189 1363 1234 privatis
1385 1190 1666 1224 necessitatibus
1687 1191 1928 1234 infirmorum,
1949 1193 1996 1226 ita
2013 1199 2131 1226 tamen
2152 1194 2249 1239 quod
2266 1194 2367 1240 prior

492 1257 549 1290 vel
571 1257 737 1301 provisor
758 1256 852 1289 dicte
874 1256 1004 1289 domus
1026 1268 1099 1289 non
1120 1256 1303 1289 relevetur
1324 1268 1389 1302 pro
1411 1256 1479 1290 hoc
1501 1269 1519 1290 a
1541 1258 1764 1303 quotidianis
1785 1265 1821 1292 et
1846 1260 2033 1293 consuetis
2060 1260 2243 1306 expensis.
2268 1261 2366 1295 Resi-

493 1323 601 1356 duum
624 1330 740 1356 autem
763 1322 916 1355 debetur
940 1323 1098 1368 leprosis
1127 1323 1171 1356 de
1199 1324 1322 1356 Monte
1349 1324 1514 1368 predicto
1546 1324 1583 1357 in
1613 1337 1738 1358 eorum
1769 1326 2052 1360 necessitatibus
2086 1327 2365 1373 expendendum

492 1390 647 1423 fideliter
666 1401 782 1434 usque
803 1390 846 1422 ad
868 1402 1041 1422 summam
1064 1402 1262 1435 pauperum
1285 1390 1329 1423 de
1350 1391 1566 1436 Magdalena
1587 1392 1762 1437 predicta,
1786 1399 1821 1425 et
1842 1393 1886 1426 de
1908 1405 1951 1426 eo
1977 1394 2075 1438 quod
2101 1394 2283 1440 supererit
2306 1394 2367 1428 fiat

490 1457 629 1502 equalis
647 1456 854 1489 distributio
875 1457 969 1489 inter
993 1457 1121 1489 fratres
1142 1457 1394 1490 Predicatores
1416 1464 1451 1491 et
1471 1458 1634 1492 Minores
1655 1465 1690 1492 et
1710 1471 1889 1504 pauperes
1909 1459 2101 1506 hospitalis
2113 1462 2138 1497 ⁷,
2159 1461 2259 1506 quod
2282 1473 2365 1495 con-

493 1524 591 1556 stitui
613 1524 650 1555 in
670 1523 857 1568 parrochia
884 1523 1001 1556 Sancti
1025 1523 1193 1556 Audoeni
1220 1523 1540 1570 Rothomagensis.
1565 1527 1608 1558 Et
1632 1525 1716 1559 volo
1743 1533 1778 1559 et
1803 1527 1933 1560 ordino
1960 1527 2057 1572 quod
2082 1528 2126 1561 ad
2152 1529 2271 1562 omnia
2296 1529 2365 1562 ista

491 1590 647 1623 fideliter
666 1590 827 1622 facienda
848 1590 1110 1635 compellantur
1131 1590 1217 1624 dicti
1238 1591 1381 1636 priores
1403 1603 1467 1637 per
1488 1591 1674 1625 dominum
1696 1592 2011 1639 archiepiscopum
2033 1594 2362 1641 Rothomagensem

491 1657 552 1701 qui
580 1668 644 1701 pro
675 1663 837 1701 tempore
859 1657 980 1698 fuerit,
999 1669 1104 1701 quem
1131 1657 1167 1689 in
1193 1658 1274 1691 istis
1291 1657 1461 1691 omnibus
1478 1658 1547 1692 sub
1571 1659 1665 1692 dicta
1681 1660 1794 1692 forma
1815 1666 1993 1693 rectorem
2015 1661 2167 1695 instituo
2188 1668 2223 1695 et
2243 1662 2364 1696 defen-

491 1735 608 1756 sorem
632 1730 857 1768 perpetuum.
887 1725 926 1756 In
946 1725 1050 1768 cujus
1081 1725 1131 1757 rei
1153 1725 1416 1766 testimonium,
1439 1725 1599 1770 sigillum
1629 1738 1747 1759 meum
1776 1726 2010 1771 presentibus
2038 1729 2203 1773 apposui.
2233 1730 2362 1762 Datum

489 1806 583 1827 anno
605 1794 748 1826 Domini
770 1795 875 1828 MCC
889 1796 1049 1837 LXVIII,
1071 1807 1196 1829 mense
1218 1795 1428 1838 Novembri,
1445 1796 1601 1830 testibus
1623 1797 1763 1830 scilicet
1782 1798 1957 1843 magistro
1977 1798 2141 1832 Johanne
2162 1799 2206 1833 de
2228 1800 2361 1834 Sainte-

490 1860 607 1901 ville⁸‚
621 1867 705 1893 tunc
727 1867 939 1906 procantore
962 1862 1259 1907 Rothomagensi,
1278 1863 1453 1908 magistro
1474 1863 1609 1897 Jacoho
1626 1864 1671 1897 de
1688 1865 1943 1898 Temericour⁹
1961 1871 1995 1898 et
2010 1865 2153 1899 Juliano
2175 1866 2219 1899 de
2241 1867 2362 1900 Brete-

489 1927 571 1960 ville
586 1927 613 1947 ¹⁰
634 1928 816 1961 canonicis
838 1928 1205 1974 Rothomagensibus,
1228 1936 1263 1963 et
1282 1929 1375 1963 aliis.

581 2035 741 2066 Apographa
757 2035 807 2058 tria
823 2035 849 2058 in
865 2036 940 2059 Arch.
957 2036 1077 2059 Univers.
1095 2037 1178 2060 Paris.
1195 2045 1255 2060 ann.
1273 2037 1343 2065 1624,
1361 2038 1422 2061 1639
1437 2041 1462 2061 et
1477 2038 1546 2066 1679,
1564 2038 1639 2062 theca
1655 2039 1732 2066 xxn,
1749 2039 1774 2062 Z.
1788 2039 1807 2067 1,
1821 2038 1842 2067 1,
1855 2039 1878 2067 2,
1895 2040 1918 2062 3.
1935 2039 2011 2063 Arch.
2026 2039 2103 2063 Univ.
2123 2041 2186 2072 Reg.
2202 2042 2241 2069 96,
2259 2041 2303 2064 ful.
2319 2041 2359 2065 43.

488 2092 519 2095 —
531 2078 566 2101 De
582 2079 697 2107 Belbeuf,
714 2079 805 2104 Notice
819 2087 872 2104 sur
887 2080 912 2104 le
923 2081 1023 2111 college
1038 2082 1077 2106 du
1096 2081 1245 2109 Tre'sorier,
1260 2091 1286 2113 p.
1303 2083 1341 2105 35,
1359 2082 1484 2109 Ρέ1ἰῐιίοη,
1500 2083 1573 2108 Hist.
1589 2084 1622 2107 de
1637 2083 1666 2107 la
1680 2083 1747 2108 ville
1761 2084 1795 2108 de
1808 2084 1903 2112 Paris,
1919 2084 1965 2113 111,
1981 2085 2034 2112 285,
2046 2084 2092 2108 ubi
2107 2088 2192 2108 textus
2207 2085 2358 2110 mendosus.

580 2172 602 2194 1.
620 2171 682 2195 Vide
703 2180 784 2203 supra
805 2177 833 2195 n⁰
854 2173 907 2196 411.
925 2186 955 2191 —
970 2175 991 2197 2.
1011 2174 1076 2197 Tam
1096 2174 1121 2198 in
1142 2175 1235 2206 Majori
1254 2175 1343 2198 Calcto
1364 2175 1560 2205 (Grund-Caux)
1582 2184 1661 2208 quam
1683 2176 1710 2199 in
1732 2176 1827 2200 Minori
1849 2177 1937 2201 caleto
1961 2178 2134 2208 (Petit-Caux)
2157 2179 2358 2203 archidiaconus

486 2215 625 2239 residebat.
646 2229 677 2233 —
696 2217 718 2240 3.
744 2217 863 2248 intellige
880 2226 885 2240 z
903 2226 915 2240 «
940 2218 1038 2241 Ordino
1054 2222 1079 2242 et
1101 2219 1213 2250 dispono
1234 2220 1303 2251 quod
1323 2228 1345 2248 »‚
1370 2224 1418 2244 etc.
1440 2234 1471 2238 —
1491 2221 1513 2244 4.
1536 2221 1684 2252 Rotomagi.
1701 2234 1731 2238 ·—
1746 2224 1768 2245 5.
1790 2222 1888 2253 Apogr.
1910 2230 1960 2245 sec.
1979 2230 1984 2246 z
2003 2231 2014 2245 (t
2030 2223 2236 2254 complatiomxm
2251 2231 2263 2246 »
2281 2224 2359 2254 (unde

489 2260 610 2283 mendum
626 2260 651 2283 in
666 2261 728 2292 Reg.
749 2262 779 2284 96
796 2269 801 2284 ·.
818 2263 1086 2295 contemplationum).
1105 2278 1136 2282 —
1156 2265 1179 2287 6.
1199 2264 1353 2295 Lepi-eserie
1377 2265 1412 2287 du
1436 2265 1708 2289 Mont-aux-Malades.
1734 2280 1766 2284 —
1789 2267 1810 2289 7.
1830 2266 1966 2299 L’Hopital
1990 2267 2025 2290 du
2046 2267 2095 2292 roi.
2110 2281 2141 2285 —
2161 2268 2183 2291 8.
2204 2268 2357 2300 Apogruph.

486 2304 601 2334 primum
617 2313 622 2328 ι
641 2313 652 2327 α
669 2305 798 2329 Stanuilla
813 2314 834 2329 ».
852 2321 879 2324 —
895 2308 917 2330 9.
934 2308 1030 2339 Apogr.
1048 2316 1099 2331 sec.
1116 2311 1141 2331 et
1154 2311 1224 2337 tert„
1241 2308 1320 2332 etiam
1335 2309 1399 2340 Reg.
1414 2310 1445 2333 96
1461 2317 1466 2332 z
1484 2318 1496 2334 (ι
1511 2310 1550 2333 Du
1566 2310 1676 2341 Megtuit.
1689 2318 1711 2334 ».
1724 2324 1755 2328 -—
1770 2311 1807 2334 10.
1824 2311 1886 2342 Reg.
1903 2312 1934 2334 96
1950 2319 1955 2334 z
1971 2311 2111 2335 «Johanne
2127 2312 2158 2336 de
2173 2312 2324 2336 Bretteville
2334 2320 2356 2336 n.

488 2527 600 2564 424.
627 2539 756 2563 Summus
768 2540 902 2574 pontifex
915 2539 1050 2575 prohibet
1072 2549 1106 2566 ne
1121 2541 1258 2577 religiosi,
1283 2542 1394 2578 abjecto
1413 2552 1465 2569 suo
1486 2543 1596 2579 habitu,
1620 2544 1696 2580 leges
1717 2549 1744 2571 el
1763 2545 1911 2581 physicam
1932 2546 1961 2571 in
1980 2545 2085 2572 scholis
2104 2545 2230 2572 audiant
2247 2544 2371 2580 magis-⁷

576 2589 689 2621 trosque
704 2586 818 2612 easdem
834 2587 963 2615 doceant.

1835 2644 1893 2670 Anu.
1910 2644 2069 2670 1227-7268.

579 2717 707 2750 Gravis
738 2725 772 2750 et
805 2719 931 2752 dolore
965 2732 1037 2753 non
1071 2734 1180 2755 vacua
1211 2723 1318 2757 nobis
1354 2725 1551 2758 insinuatio
1589 2727 1757 2772 patefecit
1785 2727 1883 2772 quod
1912 2727 2057 2772 quidam
2091 2727 2159 2760 viri
2189 2727 2355 2772 religiosi

488 2795 594 2815 causa
616 2784 817 2816 studiorum
839 2785 875 2817 in
891 2785 1019 2819 alienis
1036 2788 1198 2832 partibus
1219 2799 1498 2833 commorantes,
1517 2799 1699 2826 contemto
1721 2805 1786 2826 sue
1808 2793 1999 2839 religionis
2018 2793 2144 2826 habitu
2165 2800 2201 2826 et
2220 2793 2354 2838 spretis

488 2849 788 2894 predecessorum
818 2857 1025 2885 nostrorum
1054 2854 1374 2898 prohibitionibus,
1408 2858 1533 2891 audire
1569 2859 1672 2904 leges
1708 2866 1743 2893 et
1775 2859 1950 2905 phisicam
1986 2872 2059 2893 non
2088 2866 2272 2893 verentur.
2305 2861 2353 2893 Ea

487 2922 634 2960 propter
655 2928 699 2949 ne
721 2916 765 2950 de
786 2928 850 2950 sua
870 2918 1002 2951 malitia
1028 2931 1092 2952 seu
1118 2921 1364 2956 inobedientia
1390 2925 1582 2958 comodum
1608 2925 1751 2960 valeant
1775 2932 1976 2972 reportare‚
1999 2926 2352 2960 excommunicamus
