2580 3528
279 435 380 476 1219]
622 445 669 466 ΑΒ
703 444 809 466 Auno
843 443 922 466 mcc
955 443 1088 472 USQUE
1122 443 1171 465 An
1205 443 1436 465 ramerum
1472 444 1515 466 iv
1546 443 1635 466 nse.
1672 444 1810 467 runc.
2112 437 2156 470 87

276 526 359 548 cana,
374 519 415 543 ed.
431 519 548 548 Brewer,
562 527 589 551 p.
606 519 661 547 549,
676 518 828 542 nominatur
842 518 999 550 Radulphus
1014 518 1047 541 de
1061 518 1131 542 Rosa
1150 517 1214 542 ord.
1235 517 1297 542 Min.
1313 517 1534 550 poenitentiarius
1554 517 1677 549 Gregorii
1698 518 1740 541 lx.
1756 532 1787 536 —-
1807 520 1830 542 3.
1847 518 1908 542 Scil.
1927 520 2094 543 Innocentius
2109 521 2155 544 111.

276 563 342 588 Vide
356 571 438 596 supra
452 567 482 587 n⁰
496 564 535 587 1⁵.
549 577 582 581 —
599 564 624 587 4.
639 563 725 587 Verba
748 562 893 587 Innocentii
917 570 968 586 non
991 562 1098 595 omnino
1117 562 1151 586 ad
1171 562 1282 589 verbum
1305 563 1464 586 referuntur.
1485 575 1516 580 —
1536 564 1557 586 5.
1576 571 1588 586 <t
1607 563 1658 586 Pro
1678 571 1690 586 »
1712 566 1738 586 et
1758 571 1770 586 α
1785 571 1892 587 enorme
1912 571 1924 587 ι)
1947 564 2043 588 desunt
2063 564 2088 587 in
2106 573 2155 588 ms.

277 607 361 632 ruis.
378 608 463 632 14:370.
479 621 512 626 —
525 609 548 632 6.
571 616 584 631 α
603 608 679 631 Vel...
695 608 806 631 redeunt.
820 615 832 631 u
849 607 945 631 desunt
959 607 1031 639 apud
1046 607 1171 631 Mai-tene.

278 775 358 813 29.
380 785 525 812 Honorias
540 786 588 811 111
598 784 728 811 concedit
741 784 924 811 scholaribus
945 784 1171 820 Parisiensibus,
1197 788 1228 810 ut
1249 784 1283 820 is,
1307 784 1358 820 qai
1379 784 1498 819 regendi
1518 784 1666 811 licentiam
1688 788 1840 811 assecutus
1854 785 1953 820 fuerit,
1978 785 2159 812 concedentis

367 834 497 861 cessione
512 833 555 860 vel
568 833 648 860 obitu
663 842 718 860 non
733 833 867 860 obstante
881 833 970 860 libere
986 833 1014 860 in
1030 842 1074 869 ea,
1092 833 1129 860 de
1143 842 1202 870 qua
1217 833 1364 860 licentiam
1380 833 1512 869 obtinuit,
1529 833 1675 868 facultate
1690 842 1788 869 regere
1800 834 1903 870 possit.

1458 923 1529 953 1219,
1544 923 1678 950 februm-u·
1691 923 1728 953 18,
1744 924 1872 951 Latet-am:

371 1024 392 1031 ..
420 997 630 1032 Scolaribus
662 997 946 1031 Parisiensibus.
983 997 1142 1043 Dignum
1178 1004 1246 1039 est,
1282 1004 1321 1030 ut
1354 997 1500 1030 illorum
1534 997 1662 1031 militie
1697 997 1876 1031 libertatis
1910 998 2158 1032 ecclesiastice

279 1064 451 1110 suffragia
481 1064 727 1110 porrigantur,
763 1065 825 1110 qui
859 1064 902 1098 ad
936 1063 1005 1098 hoc
1040 1064 1192 1098 scientie
1226 1064 1359 1098 studiis
1393 1064 1636 1098 dinoscuntur
1668 1065 1874 1107 intendere,
1909 1071 1949 1099 ut
1982 1077 2047 1111 per
2080 1077 2157 1099 eam

279 1131 417 1166 Christi
445 1131 590 1177 possint
619 1130 809 1164 ecclesiam
841 1122 1026 1165 decorare.
1058 1130 1185 1164 Oblata
1216 1131 1397 1176 siquidem
1427 1130 1535 1164 nobis
1564 1143 1608 1164 ex
1637 1137 1737 1177 parte
1763 1138 1883 1165 vestra
1910 1132 2037 1177 petitio
2064 1143 2159 1166 rese-

280 1198 382 1239 ravit,
404 1197 502 1243 quod
528 1209 610 1231 cum
637 1197 783 1243 quidam
810 1204 971 1231 vestrum
1001 1198 1154 1243 regendi
1182 1197 1467 1231 sollicitudinem
1488 1198 1711 1243 assumpturi
1736 1197 1884 1243 legendi
1910 1198 2092 1232 licentiam
2113 1198 2159 1232 ab

279 1275 323 1298 eo
351 1264 396 1297 ad
426 1275 533 1309 quem
563 1264 681 1309 ipsius
710 1263 855 1297 collatio
883 1264 1066 1309 pertinere
1095 1264 1299 1298 dinoscitur
1324 1264 1460 1297 fuerint
1483 1257 1657 1306 assecuti,
1685 1265 1768 1310 quia
1795 1265 1827 1297 is
1852 1265 1896 1298 ad
1917 1277 2025 1310 quem
2053 1265 2158 1299 colla—

279 1331 390 1364 tionis
411 1330 570 1376 dignitas
591 1330 799 1376 supradicte
827 1331 985 1376 pertinet
1009 1330 1170 1364 decessit
1196 1331 1378 1364 interdum
1404 1342 1470 1364 seu
1490 1331 1603 1364 cessit
1627 1331 1732 1364 etiam
1755 1331 1922 1377 dignitati
1943 1331 2158 1377 impetrante

279 1397 484 1431 cathedram
514 1397 715 1443 magisterii
749 1409 823 1430 non
855 1397 1000 1443 adepto,
1032 1397 1259 1443 propositum
1291 1409 1420 1442 regere
1449 1397 1649 1431 volentium
1681 1398 1797 1431 extitit
1825 1398 2020 1443 aliquando
2049 1399 2159 1444 impe—

279 1463 407 1506 ditum,
443 1475 571 1497 causas
605 1462 827 1497 difficultatis
861 1475 904 1497 eo
939 1463 1001 1509 qui
1035 1464 1258 1497 successerit
1291 1464 1494 1509 ingerente.
1531 1463 1636 1497 Unde
1671 1476 1716 1497 ne
1751 1464 1902 1509 possitis
1937 1477 2049 1510 super
2086 1465 2158 1499 hiis

279 1530 434 1564 ulterius
454 1530 677 1577 pregravari,
698 1530 884 1576 provideri
908 1530 1014 1564 vobis
1035 1531 1081 1564 de
1102 1530 1327 1577 benignitate
1348 1530 1448 1564 sedis
1467 1531 1668 1576 apostolice
1689 1531 1914 1576 postulastis.
1944 1533 2019 1565 Nos
2039 1524 2157 1566 autem

279 1597 588 1644 postulationibus
607 1597 742 1631 vestris
762 1598 799 1631 in
827 1597 962 1643 quibus
982 1610 1063 1631 cum
1086 1599 1162 1631 Deo
1184 1609 1382 1644 possumus
1407 1610 1568 1631 annuere
1589 1598 1793 1643 cupientes,
1821 1599 2033 1632 auctoritate
2053 1598 2159 1632 vobis

280 1665 504 1711 presentium
539 1665 709 1698 duximus
744 1648 1019 1698 concedendum
1053 1672 1093 1698 ut
1126 1666 1170 1706 is,
1207 1665 1270 1711 qui
1303 1665 1404 1710 cupit
1431 1665 1631 1698 ascendere
1661 1664 1867 1698 cathedram
1898 1665 2157 1711 magistralem,

281 1738 470 1777 postquam
506 1731 660 1777 regendi
693 1731 875 1765 licentiam
904 1731 949 1765 ab
979 1743 1035 1774 eo,
1071 1732 1115 1765 ad
1145 1743 1252 1777 quem
1283 1732 1400 1777 ipsius
1429 1731 1575 1765 collatio
1610 1732 1781 1777 pertinet,
1815 1732 1925 1766 suerit
1953 1739 2158 1775 assecutus,

280 1798 517 1832 concedentis
537 1798 707 1832 cessione
726 1798 785 1832 vel
804 1797 905 1832 obitu
925 1810 999 1832 non
1021 1798 1188 1832 obstante
1208 1798 1324 1832 libere
1345 1799 1464 1844 possit
1482 1799 1519 1831 in
1541 1810 1594 1840 ea,
1621 1798 1666 1832 de
1687 1811 1757 1844 qua
1778 1798 1959 1848 licentiam
1988 1799 2158 1842 obtinuit,

281 1877 410 1911 regere
429 1865 610 1907 facultate,
637 1865 709 1898 nisi
729 1877 748 1898 a
767 1877 984 1899 successore
1004 1866 1097 1899 sorte
1117 1865 1255 1911 aliquid
1277 1865 1459 1911 objectum
1480 1866 1590 1899 fucrit
1610 1872 1645 1899 et
1665 1865 1869 1911 probatum,
1892 1873 2041 1912 propter
2061 1866 2159 1912 quod

280 1944 299 1965 a
326 1932 480 1978 regendi
510 1932 688 1978 regimine
716 1932 764 1966 sit
788 1932 918 1966 merito
947 1932 1196 1978 repellendus.
1231 1932 1329 1966 Nulli
1360 1945 1463 1978 ergo,
1488 1938 1569 1975 etc„
1593 1939 1718 1966 nostre
1747 1933 2002 1967 concessionis
2031 1933 2160 1966 infrin—

280 2010 369 2044 gere
388 2024 453 2032 .....
472 1998 508 2032 Si
529 1998 612 2044 quis
632 2005 764 2041 autem,
786 2004 850 2033 etc.
874 2000 952 2033 Dat.
975 1999 1141 2033 Laterani
1161 2000 1208 2045 xij
1232 1999 1301 2033 kal.
1324 1999 1456 2042 Martii,
1479 2011 1574 2033 anno
1596 1999 1715 2033 tertio.

375 2097 438 2128 Reg.
455 2097 512 2120 Vnt..
530 2097 627 2120 Honor.
644 2097 691 2126 111,
707 2105 740 2120 nn
755 2098 778 2126 ³,
794 2105 836 2129 ep.
853 2098 908 2126 308,
924 2098 968 2121 t'ol.
985 2098 1024 2121 64.

283 2263 362 2302 30.
384 2273 529 2300 Honorius
544 2274 592 2300 111
597 2273 639 2300 ad
646 2273 799 2300 Robertum
811 2273 1066 2311 archiepiscopum,
1077 2275 1229 2310 Roget-ium
1244 2274 1384 2301 decanum
1400 2278 1428 2301 et
1442 2278 1587 2301 cantorem
1601 2274 1844 2309 Rothomagenses
1859 2275 2031 2301 sententiam
2046 2283 2159 2302 earcom-

371 2321 574 2348 municationis
595 2322 632 2349 de
651 2322 827 2349 scholarium
849 2323 1095 2359 conjurationibus
1117 2323 1155 2350 ab
1181 2323 1278 2350 Odone
1299 2323 1432 2360 episcopo
1455 2327 1483 2350 et
1506 2323 1661 2350 Octaviano
1683 2327 1776 2360 apost.
1801 2323 1880 2350 sedis
1902 2323 1997 2358 legato
2019 2323 2111 2350 latam
2133 2327 2162 2350 et

373 2370 534 2406 nuperrime
549 2379 568 2397 a
582 2371 668 2398 Petro
683 2371 816 2408 episcopo
830 2371 925 2398 Par-[e.
945 2371 1118 2407 innovatam,
1137 2372 1250 2398 irritam
1265 2372 1407 2399 declarat.

1498 2448 1569 2478 1219,
1584 2448 1673 2474 Μαι-ἐϋ
1683 2448 1728 2478 30.
1744 2448 1872 2474 Laterani.

377 2547 396 2554 ..
419 2520 721 2568 Archiepiscopo,
741 2547 762 2555 ..
786 2521 924 2556 decano
949 2529 1018 2556 et..
1041 2523 1179 2556 cantori
1201 2521 1570 2568 Rothomagensibus.
1594 2522 1723 2556 Dilecti
1745 2522 1809 2555 filii
1831 2523 1996 2568 magistri
2020 2529 2056 2556 et
2079 2534 2160 2557 sco-

284 2587 379 2622 lares
398 2588 625 2622 Parisienses
646 2587 753 2622 nobis
773 2589 933 2635 graviter
953 2595 1039 2622 sunt
1058 2589 1264 2635 conquesti,
1282 2589 1381 2634 quod
1395 2588 1616 2623 venerabilis
1634 2589 1744 2623 frater
1762 2596 1921 2623 noster..
1941 2589 2160 2623 Parisiensis

284 2655 481 2701 episcopus
515 2655 899 2689 excommunicationis
929 2656 1145 2690 sententiam
1175 2655 1219 2689 ab
1249 2656 1292 2689 Ο.
1324 2655 1420 2689 bone
1449 2656 1623 2689 memorie
1654 2655 1916 2701 predecessore
1950 2668 2017 2690 suo
2051 2662 2087 2690 et
2115 2656 2158 2690 O.

285 2721 472 2755 Hostiensi
492 2721 667 2768 episcopo
687 2722 870 2768 quondam
891 2722 1091 2769 apostolice
1112 2722 1212 2756 sedis
1233 2722 1353 2768 legato
1374 2722 1478 2756 latam
1506 2722 1552 2756 de
1579 2722 1914 2768 conspirationibus
1939 2729 1975 2756 et
1993 2723 2160 2768 conjura-

285 2787 447 2822 tionibus
467 2788 661 2822 scolarium
682 2789 831 2823 minime
852 2789 1048 2823 faciendis*
1065 2790 1139 2835 jam
1161 2789 1298 2823 dudum
1319 2789 1498 2823 innovans
1518 2801 1596 2831 eos,
1618 2789 1680 2835 qui
1698 2789 1792 2823 circa
1813 2795 1944 2823 statum
1965 2789 2159 2823 scolarium

285 2854 365 2888 sine
398 2866 583 2889 consensu
621 2855 739 2902 ipsius
767 2855 825 2890 vel
853 2856 1000 2902 capituli
1036 2868 1101 2890 seu
1135 2856 1341 2890 cancellarii
1380 2856 1598 2890 Parisiensis
1632 2856 1952 2902 conspirationem,
1994 2856 2161 2901 conjura-

287 2920 435 2962 tionem,
456 2921 753 2956 constitutionem
774 2934 840 2956 seu
861 2922 1016 2969 aliquam
1038 2922 1298 2969 obligationem
1315 2924 1535 2968 juramento,
1564 2922 1635 2956 fide
1655 2922 1712 2956 vel
1734 2934 1825 2968 pena
1851 2922 2014 2956 vallatam
2042 2923 2160 2955 facere

285 2992 552 3032 attemptarent,
591 2999 657 3034 pro
690 3000 756 3022 sue
787 2988 986 3023 voluntatis
1018 2989 1169 3023 arbitrio
1204 2989 1315 3023 simili
1348 2988 1494 3023 vinculo
1523 2989 1709 3022 innodavit
1744 2995 1779 3022 et
1812 2989 1975 3034 ipsorum
2010 2988 2160 3033 insuper
