2580 3528
514 392 578 424 568
1096 398 1412 422 CHARTULARIUM
1447 397 1636 419 UNlVERS.
1674 396 1802 418 PAms.
2287 387 2387 427 [1278

515 488 621 508 unam
650 475 821 509 videlicet
846 475 882 507 in
910 474 1063 507 ecclesia
1090 474 1204 507 Vallis
1234 472 1431 506 Scolarium
1461 470 1636 511 parisius,
1659 470 1695 502 in
1725 481 1794 514 qua
1822 481 1917 502 unus
1947 481 1991 502 ex
2017 469 2191 503 fratribus
2221 470 2385 515 ejusdem

515 542 585 575 loci
617 555 681 587 pro
703 542 865 574 remedio
895 542 1012 574 anime
1039 541 1124 573 dicti
1151 539 1310 572 defuncti
1337 537 1490 572 Gerardi
1518 537 1562 569 de
1589 536 1692 577 Dola,
1719 536 1781 581 qui
1806 535 1897 569 inibi
1922 535 2088 582 sepultus
2114 543 2181 578 est,
2209 543 2386 582 perpetuo

516 608 733 649 celebrabit3
758 615 791 641 et
811 608 914 641 aliam
938 608 973 640 in
994 607 1130 652 capella
1151 606 1265 639 veteri
1287 605 1405 638 Sancti
1429 603 1574 636 Martini
1601 603 1779 636 existente
1805 603 1900 636 inter
1925 615 2049 636 muros
2075 602 2231 645 abbatie,
2253 603 2290 636 in
2318 615 2387 649 qua

516 687 611 708 unus
641 675 849 720 capellanus
876 686 940 719 pro
969 673 1150 706 defunctis
1178 678 1354 717 perpetuo
1383 670 1578 703 deserviet.
1607 669 1664 702 Ad
1692 681 1797 714 quam
1826 681 1908 703 cum
1934 670 2126 712 vacaverit,
2149 669 2211 702 ille
2239 670 2300 715 qui
2321 681 2386 715 pro

518 749 679 786 tempore
702 741 955 774 Universitatis
983 747 1102 772 rector
1132 739 1212 779 erit,
1235 749 1429 783 personam
1458 736 1626 770 idoneam
1657 735 1882 782 presentabit
1906 736 2026 769 abbati
2054 736 2174 770 Sancti
2199 737 2384 770 Germani.
2422 754 2431 762 ·

518 810 560 841 Et
594 815 781 852 utramque
815 807 1046 852 capellaniam
1083 805 1193 838 abbas
1220 811 1254 837 et
1281 810 1484 837 conventus
1512 803 1557 836 de
1585 803 1715 849 viginti
1743 803 1849 836 libris
1878 803 2070 848 parisiens.
2100 803 2210 836 annui
2240 809 2276 836 et
2305 815 2387 849 per-

517 875 613 920 petui
651 874 814 907 redditus
845 873 1052 906 dotabunt2.
1088 873 1140 905 Ac
1171 884 1234 916 pro
1269 871 1382 904 veteri
1416 870 1554 915 capella
1590 870 1789 915 reparanda
1823 877 1858 903 et
1891 870 1996 903 libris
2023 882 2062 903 ac
2092 870 2316 903 ornamentis
2342 870 2387 904 ad

516 953 606 986 opus
635 942 713 985 ejus
741 940 938 984 querendis
960 940 1133 972 ducentas
1162 938 1273 971 libras
1296 945 1485 971 turonens.
1517 938 1636 971 statim
1666 937 1821 970 solvent.
1846 937 1996 970 Solvent
2020 937 2125 970 etiam
2156 937 2252 970 dicto
2279 937 2386 970 Petro

515 1008 690 1052 sigillario
726 1007 899 1039 ducentas
934 1006 1045 1038 libras
1081 1006 1245 1050 ejusdem
1281 1011 1438 1046 monete,
1469 1012 1503 1038 et
1534 1004 1820 1050 quadringentas
1856 1003 1969 1037 libras
1998 1010 2188 1036 turonens.
2220 1003 2388 1037 similiter

515 1074 724 1119 parentibus
754 1073 839 1106 dicti
871 1073 1030 1105 defuncti
1056 1072 1222 1113 Gerardi,
1253 1078 1289 1104 et
1315 1079 1480 1117 preterea
1510 1071 1684 1104 ducentas
1714 1071 1827 1104 libras
1854 1078 2044 1104 turonens.
2074 1068 2208 1103 rectori
2233 1070 2388 1104 Univer-

514 1137 629 1169 sitatis
650 1135 763 1168 semel
785 1142 919 1168 tantum
942 1134 1164 1180 pauperibus
1186 1134 1371 1179 magistris
1393 1141 1429 1167 et
1449 1133 1653 1167 scolaribus
1674 1145 1739 1179 per
1760 1145 1841 1166 eum
1863 1132 2136 1166 distribuendas
2162 1133 2207 1166 de
2232 1131 2387 1166 consilio

514 1203 781 1247 magistrorum.
800 1203 851 1234 De
874 1201 946 1234 illis
968 1213 1054 1234 vero
1075 1201 1191 1242 laicis,
1209 1201 1271 1246 qui
1291 1201 1335 1234 ad
1356 1200 1549 1234 clamorem
1573 1201 1741 1233 exierunt
1760 1206 1795 1233 et
1815 1200 1852 1232 in
1872 1199 2058 1241 conflictu,
2075 1200 2112 1232 in
2133 1211 2204 1244 quo
2226 1198 2386 1232 scolares

514 1276 549 1302 ut
577 1269 709 1302 dictum
739 1275 794 1301 est
818 1268 996 1302 vulnerati
1022 1274 1057 1301 et
1082 1268 1174 1300 male
1199 1268 1338 1301 tractati
1362 1268 1523 1309 suerunt,
1546 1279 1662 1312 usque
1687 1267 1732 1300 ad
1757 1267 1895 1308 decem,
1922 1267 1984 1312 qui
2010 1266 2127 1312 inagis
2155 1265 2317 1311 suspecti
2343 1277 2387 1299 ex

513 1336 620 1369 certis
642 1336 761 1368 causis
782 1336 941 1376 suerunt,
963 1335 1106 1367 banniri
1126 1335 1294 1376 fecimus,
1314 1334 1486 1368 videlicet
1506 1341 1661 1380 quatuor
1681 1334 1726 1367 de
1748 1346 1862 1379 regno
1884 1340 2011 1367 nostro
2032 1345 2150 1378 usque
2170 1333 2215 1366 ad
2239 1344 2387 1366 revoca-

513 1403 645 1435 tionem
676 1409 847 1443 nostram,
878 1408 913 1434 et
939 1414 1003 1435 sex
1031 1401 1075 1434 de
1102 1402 1245 1435 civitate
1266 1401 1464 1434 Parisiensi
1490 1413 1606 1446 usque
1632 1400 1676 1434 ad
1701 1401 1833 1434 festum
1859 1400 2030 1434 Omnium
2059 1400 2284 1433 Sanctorum.
2306 1399 2386 1432 Due

512 1482 597 1503 vero
628 1469 814 1510 turricule,
844 1481 913 1513 que
942 1475 1027 1501 sunt
1056 1480 1165 1513 supra
1193 1475 1331 1514 portam
1363 1467 1636 1509 monachorum,
1668 1467 1913 1500 demolientur
1939 1478 2057 1512 usque
2084 1466 2128 1499 ad
2157 1465 2383 1499 altitudinem

512 1548 696 1569 murorum
723 1536 952 1580 antiquorum
978 1547 1108 1569 versus
1129 1542 1284 1580 pratum,
1306 1535 1353 1568 ita
1375 1535 1472 1580 quod
1494 1534 1660 1567 monachi
1687 1546 1811 1567 muros
1836 1545 1924 1567 suos
1949 1534 2043 1566 sicut
2067 1540 2169 1566 erant
2193 1539 2383 1578 antequam

511 1603 684 1637 turricule
706 1609 1005 1635 construerentur
1026 1614 1137 1647 super
1157 1603 1259 1647 ipsos
1279 1613 1404 1635 muros
1424 1613 1554 1635 versus
1575 1608 1730 1647 pratum,
1752 1607 1956 1634 restaurare
1981 1606 2153 1646 poterunt
2177 1606 2213 1633 et
2235 1598 2382 1632 habere.

513 1670 725 1703 Ordinatum
748 1676 803 1702 est
822 1670 973 1714 insuper
994 1669 1092 1714 quod
1113 1669 1197 1711 vici,
1215 1662 1287 1714 quo
1308 1669 1381 1702 itur
1401 1668 1445 1701 ad
1465 1675 1620 1714 pratum,
1643 1668 1680 1700 in
1702 1680 1773 1713 quo
1795 1667 1961 1700 monachi
1983 1678 2071 1700 suos
2091 1678 2216 1699 muros
2237 1671 2384 1711 proten-

512 1736 656 1778 debant,
684 1736 884 1769 remanebit
909 1736 1043 1779 sesina,
1065 1737 1102 1769 in
1128 1748 1197 1781 qua
1222 1742 1304 1769 ante
1330 1735 1639 1769 constructionem
1666 1747 1730 1768 seu
1756 1734 2030 1780 protensionem
2057 1740 2143 1766 erat.
2171 1734 2215 1766 Et
2238 1732 2383 1779 antiqua

509 1804 577 1844 via,
607 1815 676 1848 que
705 1803 790 1836 olim
817 1803 884 1836 suit
911 1804 1005 1836 inter
1035 1803 1165 1836 dictam
1194 1802 1367 1848 capellam
1391 1809 1551 1836 veterem
1581 1808 1616 1835 et
1642 1814 1785 1834 murum
1812 1801 1954 1834 abbatie
1985 1800 2105 1834 Sancti
2132 1799 2317 1842 Germani,
2346 1799 2383 1832 in

510 1877 638 1903 statum
686 1871 877 1914 pristinum
922 1870 1130 1903 reducetur.
1168 1871 1207 1902 In
1249 1871 1354 1915 cujus
1395 1869 1449 1902 rei
1490 1869 1737 1902 testimonium
1773 1875 1807 1901 et
1842 1868 2104 1900 munimentum
2148 1865 2382 1912 presentibus

509 1937 640 1970 litteris
668 1944 831 1970 nostrum
859 1937 1012 1970 fecimus
1040 1937 1173 1982 apponi
1201 1936 1376 1982 sigillum.
1403 1937 1532 1969 Actum
1562 1935 1657 1981 apud
1684 1935 1863 1969 Piciacum
1891 1946 1985 1968 anno
2013 1934 2159 1967 Domini
2186 1933 2381 1966 millesimo

510 2004 759 2037 ducentesimo
780 2004 1050 2049 septuagesimo
1073 2010 1212 2045 octavo,
1234 2015 1359 2036 mense
1376 2002 1485 2036 Julio.

603 2102 790 2132 Apogrnphum
806 2110 873 2125 sace.
891 2103 958 2125 XVII
974 2102 1000 2125 in
1017 2102 1092 2125 Arch.
1110 2102 1231 2126 univers.
1249 2102 1332 2125 Paris.
1349 2101 1425 2124 theca
1441 2101 1482 2129 lx,
1499 2105 1528 2124 n⁰
1543 2101 1581 2124 16.
1597 2114 1627 2118 -
1642 2101 1765 2128 Bulaeus,
1782 2100 1827 2127 111,
1843 2100 1900 2124 454.

601 2186 622 2208 1.
642 2186 678 2209 Ad
695 2186 758 2209 baec
773 2186 860 2209 omnin
876 2187 935 2210 vide
955 2195 1036 2218 supra
1056 2191 1084 2209 ιιο
1098 2188 1153 2210 480.
1173 2186 1312 2217 Philippus
1331 2186 1364 2209 IV
1381 2185 1460 2209 etiam
1475 2193 1519 2208 an.
1537 2185 1606 2212 1286,
1625 2193 1714 2208 mense
1731 2184 1810 2212 Julio,
1830 2184 1861 2207 de
1878 2183 1929 2207 isto
1946 2183 2052 2214 negotio
2068 2182 2193 2206 tractavit
2209 2182 2380 2214 chartamque

508 2230 623 2261 Philippi
642 2231 676 2253 111
695 2231 867 2254 confirmavit.
887 2231 926 2254 Cf.
946 2232 1082 2259 Eulaeum,
1102 2232 1147 2259 ΙΙΙ,
1166 2232 1220 2254 480.
1239 2244 1271 2248 —
1287 2231 1309 2254 2.
1329 2231 1348 2254 Ι.
1368 2238 1390 2253 e.
1409 2230 1586 2261 quadraginta
1603 2229 1680 2253 libris
1699 2229 1786 2252 simul.
1806 2229 1844 2252 Cf.
1865 2229 1934 2252 infra
1951 2232 1980 2251 n⁰
1997 2229 2050 2251 524.

506 2385 618 2422 483.
643 2397 785 2420 Statutum
804 2395 930 2430 Capituli
943 2394 1088 2429 generalis
1108 2394 1173 2420 ord.
1195 2395 1309 2420 Cisterc.
1328 2394 1364 2420 de
1379 2393 1475 2420 indole
1491 2402 1596 2428 eorum,
1615 2393 1665 2429 qui
1679 2392 1811 2418 Parisios
1827 2391 1868 2417 ad
1881 2390 2053 2417 studendum
2069 2391 2228 2417 mittuntur.

1612 2476 1685 2506 7278,
1701 2474 1860 2508 Septembris
1876 2474 1913 2503 12,
1928 2473 1948 2508 [
1949 2473 2069 2499 Cistena-1⁵1¹
2065 2472 2091 2508 J.

596 2546 701 2579 Tales
723 2559 878 2591 persone
900 2547 1068 2580 decetero
1090 2547 1203 2592 gratia
1226 2547 1397 2580 studendi
1419 2547 1605 2580 mittantur
1625 2546 1798 2587 Parisius,
1822 2545 1884 2590 qui
1905 2543 2144 2589 competentis
2166 2543 2239 2576 sint
2258 2542 2375 2584 etatis,

507 2612 578 2644 vite
613 2612 817 2653 laudabilis,
853 2620 887 2646 et
915 2613 1067 2646 honeste
1098 2614 1399 2655 conversationis,
1431 2620 1467 2646 et
1495 2613 1542 2646 ita
1573 2612 1794 2646 sufficientes
1825 2612 1861 2644 in
1888 2611 2102 2651 litteratura,
2132 2609 2230 2654 quod
2259 2609 2375 2654 magis

509 2678 697 2722 proficiant
721 2686 753 2711 et
780 2691 852 2712 non
874 2679 1042 2712 deficiant
1061 2680 1098 2712 in
1119 2680 1300 2713 studendo
1325 2692 1331 2713 :
1359 2686 1395 2713 et
1415 2680 1445 2713 si
1465 2679 1569 2713 aliter
1590 2679 1693 2712 missi
1713 2678 1860 2720 fuerint,
1882 2689 1947 2723 per
1972 2676 2136 2710 abbatem
2162 2675 2375 2709 clarevallis

507 2744 550 2776 ad
572 2745 714 2789 propria
736 2746 972 2778 remittantur.

600 2842 662 2864 Cod.
680 2842 761 2872 Capp.
779 2843 894 2873 general.
908 2843 970 2866 Ord.
988 2843 1050 2866 Cist.
1066 2843 1092 2866 in
1107 2844 1174 2867 Bibl.
1190 2847 1333 2867 conventus
1349 2844 1496 2867 Mehrerau.
1511 2844 1564 2867 Hoc
1580 2845 1706 2866 statutum
1721 2842 1794 2865 deest
1809 2842 1835 2865 in
1850 2841 2008 2865 Collectione
2022 2840 2106 2872 Capp.
2123 2840 2237 2871 general.
2252 2839 2279 2863 in
2296 2839 2371 2863 Arch.

507 2889 590 2909 status
607 2886 632 2908 in
649 2886 755 2909 Luzern.
770 2899 800 2903 —
815 2887 938 2915 Martene,
958 2887 1035 2911 Thes.
1052 2894 1116 2912 nov.
1131 2889 1239 2917 anecd„
1256 2889 1297 2916 lv,
1317 2889 1386 2916 1460,
1403 2893 1431 2911 n⁰
1451 2889 1472 2911 2.
