2580 3528
233 404 330 446 1263]
578 413 626 436 ΑΒ
659 413 766 436 Auso
799 413 878 436 noc
911 413 1044 442 usquc
1079 414 1128 436 An
1162 413 1391 436 ramerum
1427 413 1467 435 iv
1501 414 1590 435 nso.
1628 414 1763 436 rum-c.
2042 405 2107 439 427

230 492 350 523 torum
371 489 466 534 ejus,
488 487 559 521 nisi
580 486 701 521 littere
721 487 817 521 dicte
837 487 938 521 sedis
956 487 1001 520 de
1022 487 1251 533 indulgentia
1272 487 1483 532 hujusmodi
1506 487 1646 532 plenam
1668 494 1703 520 et
1723 499 1930 532 expressam
1954 488 2103 521 fecerint

231 554 490 590 mentionem¹.
520 554 618 588 Nulli
644 565 748 600 ergo,
778 559 857 595 etc„
890 561 1014 588 nostre
1041 554 1308 595 concessionis,
1339 559 1403 588 etc.
1435 554 1472 587 Si
1499 554 1582 599 quis
1609 560 1742 595 autem,
1773 559 1836 587 etc.
1869 554 2106 588 Presentibus

231 628 316 668 post
343 620 633 668 quinquennium
662 621 812 654 minime
839 621 1018 655 valituris.
1051 622 1131 654 Dat.
1162 621 1258 666 apud
1286 619 1420 654 Urbem
1452 621 1621 654 Veterem
1652 633 1674 654 v
1704 620 1752 653 id.
1783 621 1957 661 Januarii,
1988 621 2109 666 ponti-

231 688 360 723 ficatus
378 688 496 722 nostri
515 699 611 722 anno
631 687 808 722 secundo.

326 786 463 819 Originale
483 786 511 811 in
532 786 610 811 Arch.
628 789 682 810 nat.
703 786 788 811 Paris.
810 787 840 811 L.
860 787 916 815 254,
935 790 966 810 11⁰
984 787 1023 810 ⁵7.
1045 786 1122 810 Bulla
1141 786 1267 818 plumbea
1284 786 1336 810 filis
1356 785 1434 809 serie.
1450 786 1509 809 ssav.
1528 788 1555 809 et
1569 785 1627 809 rub,
1643 786 1693 809 col.
1710 785 1880 817 appenditur.
1906 786 1934 809 ln
1955 785 2109 809 membrana

232 839 346 856 aversa:
363 840 376 856 α
391 831 520 864 magister
533 831 691 856 Laurentius
706 839 755 863 pro
768 831 947 855 Universitnte
962 830 1092 855 Pari-iem
1111 839 1134 854 ι».
1150 831 1221 855 Olim
1235 831 1269 854 nd
1284 830 1389 854 Archiv.
1406 829 1528 854 univers.
1545 829 1703 861 pertinebat.
1719 843 1751 848 —
1765 830 1841 861 Apud
1856 829 1994 858 Jourdain,
2010 834 2039 853 n⁰
2055 830 2099 854 19⁷⁴
2109 849 2114 859 ‚

232 878 336 900 tantum
349 879 484 908 regestum
499 875 526 900 in
540 875 638 908 gallica
650 875 742 907 lingua
756 883 788 899 ex
801 875 970 901 Inventart'o
989 875 1112 900 Παίοσι-3.
1127 875 1154 899 iu
1169 875 1246 899 Arch.
1263 875 1396 902 Univers.,
1412 878 1442 898 n⁰
1455 875 1495 903 98,
1512 875 1541 898 A.
1558 874 1596 898 15.
1613 876 1641 903 ᾗ,
1658 877 1687 898 ut
1701 877 1727 898 et
1740 874 1870 906 originale
1886 877 2000 898 notatur.

328 961 351 984 1.
369 959 409 985 Cf.
425 960 459 984 ud
474 960 538 985 haec
553 967 636 992 supra
649 960 683 984 οἱ*
698 960 753 989 142,
769 960 823 984 207.

235 1086 349 1125 383.
376 1096 508 1123 Urbanus
523 1097 569 1124 IV
581 1096 712 1124 concedit
733 1100 764 1123 ul
783 1095 880 1123 nullus
895 1097 924 1123 in
941 1096 1155 1123 universitatem
1170 1095 1372 1131 magistrorum
1395 1099 1424 1122 et
1442 1094 1620 1122 scholarium
1639 1095 1734 1122 Paris.
1756 1104 1807 1122 seu
1831 1099 1967 1122 rector-em
1989 1096 2031 1123 vel
2041 1105 2097 1133 pro

325 1149 485 1173 curatorem
501 1154 597 1172 eorum
612 1146 915 1173 excommunicationis
927 1146 1099 1172 sententiam
1110 1144 1281 1181 promulget.

1234 1229 1309 1259 1283,
1325 1229 1444 1256 danuam·
1457 1230 1494 1259 79,
1510 1230 1580 1263 apud
1591 1229 1681 1256 Urbem
1697 1231 1823 1256 retorem.

327 1309 497 1344 Urbanus
517 1309 714 1356 episcopus
735 1321 864 1343 servus
883 1320 1074 1343 servorum
1095 1308 1161 1342 Dei
1182 1308 1327 1342 dilectis
1347 1308 1433 1342 filiis
1454 1308 1638 1359 universis
1658 1309 1844 1354 magistris
1860 1315 1896 1342 et
1911 1309 2116 1343 scolaribus

238 1375 509 1410 Parisiensibus
543 1375 696 1410 salutem
726 1381 763 1409 et
789 1374 1026 1421 apostolicam
1055 1374 1363 1408 benedictionem.
1395 1376 1475 1408 Non
1505 1375 1611 1408 decet
1639 1387 1707 1409 nos
1738 1375 1843 1409 vobis
1875 1375 2115 1421 apostolicum

239 1451 374 1489 negare
402 1442 576 1485 favorem,
606 1453 715 1488 quem
743 1441 849 1476 vobis
877 1441 1033 1476 vestris¹
1064 1441 1240 1476 videmini
1269 1441 1409 1475 meritis
1438 1453 1662 1487 comparare,
1693 1442 1779 1475 dum
1812 1442 1940 1476 dantes
1970 1454 2117 1488 operam

239 1509 431 1556 sapientie,
448 1521 519 1555 que
539 1508 736 1555 plurimum
757 1520 826 1543 nos
846 1508 1014 1551 delectat,
1031 1515 1157 1542 nostre
1177 1520 1243 1542 vos
1264 1508 1380 1554 gratie
1400 1508 1590 1554 coaptetis,
1613 1508 1675 1554 qui
1695 1508 1890 1554 aliquando
1912 1502 2120 1555 disciplinis

239 1575 443 1611 scolasticis
469 1575 685 1610 insudantes
712 1575 756 1610 ad
784 1587 965 1609 summum
995 1587 1123 1609 sumus
1152 1574 1239 1609 licet
1267 1574 1438 1608 immeriti
1468 1574 1717 1621 magisterium
1748 1575 1898 1609 evocati.
1932 1576 2023 1609 Hinc
2049 1583 2118 1618 est,

240 1642 340 1690 quod
366 1642 480 1689 quieti
503 1649 626 1677 vestre
645 1649 794 1689 paterna
813 1641 981 1676 volentes
1001 1641 1192 1688 diligentia
1211 1641 1419 1688 providere,
1441 1641 1486 1675 ad
1507 1641 1622 1676 instar
1645 1642 1706 1675 sel.
1734 1654 1806 1675 rec.
1832 1642 2005 1689 Gregorii
2029 1655 2121 1689 pape

241 1709 518 1757 predecessoris
544 1709 676 1752 nostri,
703 1709 915 1744 auctoritate
936 1708 1042 1743 vobis
1066 1709 1293 1755 presentium
1318 1708 1555 1754 indulgemus
1580 1715 1620 1742 ut
1643 1708 1768 1743 nullus
1789 1709 1826 1742 in
1847 1709 2122 1744 universitatem

242 1777 500 1823 magistrorum
529 1776 588 1811 vel
616 1776 810 1811 scolarium
841 1787 907 1810 seu
936 1782 1114 1810 rectorem
1140 1775 1199 1810 vel
1224 1781 1497 1822 procuratorem
1523 1787 1648 1809 eorum
1679 1782 1740 1810 aut
1766 1788 1983 1822 quemquam
2011 1777 2122 1811 alium

243 1855 310 1891 pro
346 1843 440 1878 facto
477 1843 536 1878 vel
574 1843 767 1878 occasione
806 1842 1062 1877 Universitatis
1105 1842 1506 1884 excommunicationis,
1546 1843 1804 1888 suspensionis
1842 1843 1900 1877 vel
1938 1843 2123 1878 interdicti

244 1910 445 1946 sententias
465 1910 596 1944 audeat
614 1909 848 1957 promulgare
868 1909 1007 1956 absque
1028 1909 1128 1944 sedis
1149 1909 1350 1956 apostolice
1371 1909 1517 1943 licentia
1538 1909 1701 1955 speciali,
1724 1916 1760 1943 et
1780 1910 1811 1943 si
1832 1910 1941 1944 suerit
1961 1911 2124 1956 promul-

240 1983 339 2026 gsta,
368 1977 449 2024 ipso
473 1978 558 2024 jure
587 1977 636 2012 sit
662 1977 764 2011 irrita
792 1983 830 2011 et
856 1977 988 2011 inanis.
1015 1976 1254 2011 Presentibus
1275 1982 1359 2022 post
1382 1976 1615 2022 septennium
1643 1977 1791 2010 minime
1818 1976 2125 2012 valituris..Nulli

245 2053 349 2091 ergo,
369 2049 448 2086 etc„
470 2050 596 2078 nostre
615 2043 883 2086 concessionis,
899 2049 964 2078 etc.
988 2043 1025 2078 Si
1045 2043 1128 2089 quis
1149 2049 1283 2085 autem,
1304 2048 1368 2078 etc.
1392 2043 1470 2076 Dat.
1493 2043 1590 2089 apud
1611 2043 1745 2077 Urbem
1767 2044 1936 2078 Veterem
1958 2043 2033 2090 xiiij
2052 2044 2123 2078 kal.

248 2108 450 2154 Februarii,
469 2110 702 2157 pontificatus
721 2110 838 2144 nostri
858 2122 953 2144 anno
974 2110 1150 2144 secundo.

341 2207 478 2241 originale
496 2207 524 2232 iu
538 2208 615 2233 Arch.
639 2211 693 2233 nat.
713 2209 798 2233 Puris.
820 2209 848 2233 L.
868 2210 923 2238 254,
939 2213 969 2232 11⁰
982 2209 1021 2232 80.
1044 2208 1123 2232 Bulla
1142 2208 1270 2240 plumbea
1289 2208 1341 2232 fili·
1361 2207 1438 2232 toric.
1460 2209 1519 2232 fluv.
1540 2211 1566 2231 et
1584 2208 1643 2232 rub.
1665 2209 1714 2232 col.
1735 2209 1904 2241 appenditur.
1927 2210 1955 2233 ln
1971 2209 2125 2233 membrano

247 2260 342 2277 averno
357 2260 363 2277 ι
380 2261 393 2277 ι
408 2252 537 2285 magister
551 2252 707 2278 Laurentius
723 2261 746 2277 ιο.
765 2253 843 2278 Manu
857 2253 942 2278 ultera
956 2253 1027 2277 circu
1042 2253 1158 2277 medium
1174 2261 1179 2276 z
1198 2261 1210 2276 ε(
1226 2252 1319 2276 inutile
1338 2252 1390 2276 uisi
1410 2255 1550 2276 renovetur
1565 2261 1587 2276 υ.
1604 2253 1756 2277 Pertinebat
1769 2253 1802 2277 ad
1824 2253 1900 2278 Arch.
1916 2253 2038 2278 Univern.
2054 2254 2125 2278 Alme-

248 2303 309 2322 rum
318 2297 454 2330 exemplu
462 2297 527 2322 ibid.
538 2301 569 2322 11⁰
577 2297 617 2326 61.
628 2298 790 2322 concordans
801 2298 835 2322 ad
846 2297 956 2322 verbum
967 2305 1027 2322 cum
1040 2297 1194 2329 supradicto
1205 2305 1212 2326 ;
1222 2297 1319 2321 desunt
1328 2300 1431 2321 tantum
1445 2296 1526 2321 verbu
1538 2305 1543 2320 ε
1557 2306 1569 2320 «
1585 2297 1618 2320 ud
1635 2297 1719 2321 instar
1769 2298 1853 2322 nostri
1869 2306 1891 2322 u.
1908 2298 2036 2322 Munitum
2052 2298 2126 2322 bulla

248 2350 309 2366 cum
328 2342 380 2366 fili·
400 2341 477 2366 serie.
497 2341 527 2366 In
548 2341 702 2366 membrana
723 2350 817 2366 avenn
836 2342 944 2366 eusdem
964 2345 1041 2366 notae
1063 2349 1130 2374 quae
1149 2341 1175 2366 in
1195 2341 1287 2366 alteru.
1308 2355 1340 2360 —
1356 2341 1522 2366 Conveniunt
1540 2341 1589 2365 hue
1612 2341 1716 2366 litterae
1741 2350 1801 2366 cnm
1825 2342 1920 2366 litteris
1941 2342 2063 2375 Gregorii
2082 2343 2125 2372 ΙΧ,

249 2394 332 2419 supr·
342 2389 372 2410 n‘
385 2386 439 2410 11³.
449 2386 564 2419 —Apud
576 2385 714 2414 Jourdnin.
730 2390 760 2410 11⁰
772 2386 827 2415 1⁹⁶,
842 2389 976 2419 regentum
990 2386 1017 2410 in
1032 2385 1130 2418 gallica
1144 2385 1236 2418 lingua
1251 2394 1282 2410 ox
1297 2385 1464 2411 Inventart'o
1483 2385 1605 2411 Univers.
1623 2385 1648 2409 in
1662 2386 1739 2410 Arch.
1756 2386 1889 2416 umen,
1903 2391 1931 2410 n⁰
1945 2388 1985 2416 98,
1999 2388 2027 2411 A.
2045 2387 2084 2412 1⁶.
2097 2389 2126 2416 s„

250 2434 280 2455 ut
294 2431 369 2464 prino
383 2430 514 2463 originale
526 2433 634 2455 notatur
649 2430 771 2461 (alterum
784 2438 846 2455 vcro
861 2431 890 2455 A.
907 2431 945 2455 1⁶.
959 2430 991 2463 e).
1008 2430 1037 2455 ln
1054 2429 1164 2456 Invmt.
1179 2438 1321 2462 perperam
1335 2429 1442 2458 dicitur,
1457 2429 1598 2462 epistolum
1612 2430 1702 2454 dutum
1716 2439 1774 2455 ene
1791 2439 1803 2454 α
1819 2432 1834 2455 ὰ
1850 2431 1968 2464 Avignon
1985 2439 2007 2456 ιι.

345 2515 368 2540 1.
387 2515 416 2540 lu
430 2515 520 2548 priore
534 2514 602 2548 orig.
617 2523 623 2539 z
641 2523 653 2539 ι
668 2515 767 2540 nostrin
783 2523 804 2539 ι.

251 2641 365 2681 384.
393 2651 525 2679 Urhanun
540 2653 556 2678 1
561 2652 585 2679 V
594 2651 778 2679 Univenieati
792 2651 955 2678 Parieiemi
968 2653 1082 2678 etatum
1095 2659 1115 2677 a
1132 2650 1265 2686 Gregorio
1277 2658 1360 2687 papa
1375 2651 1420 2676 IX
1429 2658 1566 2677 concessa
1581 2652 1741 2686 confirmat.

1256 2751 1334 2781 1203.
1348 2751 1467 2778 danum-11⁶
1481 2751 1518 2782 19,
1534 2752 1603 2784 apud
1615 2751 1704 2779 vrum
1719 2753 1843 2779 voror-m.

344 2830 514 2866 Urbanus
530 2832 706 2879 epicopus
727 2843 856 2866 servus
877 2842 1067 2866 servorum
1089 2830 1155 2864 Dei
1176 2829 1359 2865 universis
1380 2830 1565 2877 magistris
1585 2837 1622 2865 et
1641 2831 1846 2866 scolaribus
1862 2833 2132 2867 parisiensibus

255 2897 408 2933 alutem
442 2905 479 2933 et
510 2898 746 2946 apostolicam
776 2898 1084 2933 benedictionem.
1115 2896 1211 2932 Olim
1242 2897 1279 2931 in
1308 2897 1452 2931 civitate
1482 2897 1680 2932 Parisiensi
1715 2898 1948 2933 dissensione
1982 2899 2130 2934 suborta

255 2963 454 3010 instigante
479 2964 626 3000 diabolo
652 2958 689 3000 et
715 2965 875 3000 studium
903 2964 954 2999 ibi
988 2964 1187 2999 enormiter
1215 2962 1457 3005 disturbante,
1488 2964 1702 3010 questiones
1730 2964 1940 3010 hujusmodi
1968 2965 2027 2999 sel.
2057 2978 2130 3000 rec.
