2580 3528
544 380 609 413 528
934 387 939 390 ⁴
1123 388 1442 411 annTULAniUM
1478 387 1668 409 umvsns
1706 385 1836 408 PARls.
2317 377 2416 418 [1275

544 464 602 497 vel
629 463 823 508 objectum.
846 464 890 496 Et
914 463 996 496 ideo
1024 463 1218 508 petitiones
1247 473 1373 495 omnes
1394 468 1430 494 et
1454 460 1619 505 singulas
1647 459 1758 504 partis
1787 459 1950 504 ejusdem
1978 472 2090 506 super
2113 460 2247 506 injusta
2271 460 2416 495 institu-

544 530 643 564 tione
673 530 789 575 ipsius
823 529 984 563 Alberici
1015 536 1050 562 et
1078 529 1263 562 vacatione
1298 528 1452 561 rectorie
1488 526 1667 571 regimine
1702 526 1819 571 ipsius
1854 526 2007 560 durante
2044 527 2212 561 fundatas
2246 527 2415 562 duximus

543 596 804 642 reprobandas.
840 597 908 629 Per
941 595 1009 629 hoc
1043 602 1162 628 tamen
1195 594 1466 627 institucionem
1503 593 1654 626 eandem
1687 592 1841 626 maxime
1870 605 1951 626 cum
1979 605 1998 626 a
2025 593 2133 627 nobis
2162 594 2313 639 petitum
2341 606 2414 628 non

543 664 652 696 fuerit
676 675 749 695 non
770 662 993 695 intendimus
1014 661 1226 706 approbare,
1250 672 1316 693 nec
1344 660 1480 701 dicere,
1508 659 1607 704 quod
1631 666 1757 692 contra
1785 666 1963 693 rectorem
1990 660 2096 694 etiam
2121 660 2284 707 legitime
2311 661 2416 696 insti-

543 736 658 762 tutum
682 741 753 762 non
775 728 917 773 possint
939 728 1074 773 opponi
1095 727 1245 760 crimina
1267 733 1302 759 et
1322 725 1483 771 probari,
1510 738 1574 759 seu
1601 726 1701 771 quod
1721 726 1914 759 criminum
1936 726 2162 772 objectorum
2188 728 2350 773 cognitio
2370 728 2415 762 ad

543 795 626 828 illos
661 796 839 840 pertineat
872 806 963 839 quos
997 794 1034 826 in
1069 800 1191 826 nostra
1225 793 1486 826 constitutione
1522 793 1691 826 dedimus
1727 793 1952 839 cognitores,
1987 794 2058 828 nisi
2091 795 2184 828 forte
2223 795 2415 828 occasione

543 861 786 906 oppositionis
808 860 1015 905 hujusmodi
1037 867 1162 893 contra
1182 860 1299 904 ipsius
1321 859 1595 892 constitutionis
1615 865 1780 893 tenorem
1802 860 1967 893 nacionis
1988 872 2053 894 seu
2074 861 2266 894 nacionum
2288 861 2415 895 saltem

543 940 607 973 pro
629 927 754 972 majori
781 934 879 972 parte
908 927 1066 971 ipsarum
1096 926 1205 971 (quod
1232 938 1305 959 non
1332 926 1448 959 solum
1471 926 1508 959 in
1530 926 1777 960 contractibus
1803 927 1870 960 sed
1895 927 2002 960 etiam
2027 927 2065 960 in
2090 927 2233 962 delictis
2258 935 2294 962 et
2315 940 2415 962 com-

541 994 714 1026 missione
749 1005 921 1038 penarum
957 993 1076 1038 quoad
1109 999 1209 1025 actus
1240 992 1408 1037 publicos
1437 1005 1502 1026 seu
1527 1005 1743 1027 communes
1767 994 1864 1038 juris
1893 994 2144 1039 interpretatio
2177 1001 2320 1040 reputat
2347 1007 2414 1041 pro

540 1060 679 1103 eodem)
708 1060 890 1092 diceretur
918 1060 1103 1104 separacio
1135 1059 1343 1101 subsecuta,
1375 1072 1456 1092 nam
1487 1066 1572 1093 tunc
1602 1060 1646 1093 de
1677 1060 1913 1106 separacione
1941 1067 1977 1094 et
2001 1062 2080 1106 ejus
2107 1073 2215 1095 causa
2242 1061 2288 1095 ad
2312 1062 2414 1108 ipsos

535 1126 679 1171 judices
713 1126 880 1171 cognicio
916 1133 950 1158 et
985 1125 1157 1158 diffinicio
1192 1126 1403 1171 pertineret.
1441 1126 1546 1160 Unde
1580 1139 1794 1172 processum
1828 1133 1864 1160 et
1893 1127 2110 1161 sententiam
2139 1128 2305 1173 judicum
2339 1120 2414 1163 non

539 1199 686 1237 propter
716 1193 874 1225 rationes
902 1192 1011 1237 partis
1037 1192 1168 1237 ipsius,
1198 1192 1263 1225 sed
1291 1199 1439 1238 propter
1466 1193 1535 1227 alia
1565 1194 1660 1227 sicut
1687 1194 1828 1239 pridem
1851 1193 2020 1228 duximus
2045 1194 2310 1240 reprobandos.
2339 1196 2413 1229 Nec

538 1259 597 1291 illa
622 1258 820 1304 appellacio
847 1271 917 1303 que
942 1266 1023 1292 ante
1051 1259 1391 1304 pronunciationem
1415 1260 1582 1305 judicum
1605 1260 1739 1294 dicitur
1760 1267 1910 1306 propter
1933 1260 2001 1294 hoc
2026 1261 2227 1307 interjecta,
2251 1261 2350 1307 quod
2368 1262 2414 1296 ad

539 1325 758 1370 probandam
795 1326 1204 1359 excommunicationem
1233 1333 1357 1359 contra
1386 1333 1498 1360 testes
1526 1327 1703 1372 objectam
1732 1328 1793 1373 viij
1823 1328 1963 1361 dierum
1994 1327 2118 1361 dilatio
2146 1341 2219 1362 non
2247 1328 2410 1371 dabatur,

539 1392 647 1425 debet
679 1392 854 1437 legittima
887 1393 1059 1437 reputari,
1095 1405 1175 1425 cnm
1210 1392 1376 1438 probatio
1412 1394 1798 1428 excommunicationis
1834 1394 1975 1440 objecte
2010 1395 2254 1440 peremptorie
2287 1402 2411 1429 contra

538 1465 649 1492 testes
678 1471 750 1491 non
781 1459 827 1491 sit
852 1459 912 1503 viij
945 1459 1085 1492 dierum
1117 1459 1233 1504 spatio
1261 1459 1424 1502 limitata,
1453 1461 1540 1505 quin
1571 1460 1727 1495 breviari
1757 1461 1876 1506 possit
1900 1474 1917 1494 a
1938 1462 2064 1506 judice
2091 1463 2196 1507 cujus
2221 1462 2412 1507 potissime

538 1526 720 1570 cognicio,
748 1526 842 1558 sicut
874 1532 949 1558 erat
975 1526 1012 1558 in
1039 1537 1124 1559 casu
1155 1527 1331 1571 presenti,
1357 1534 1454 1560 certa
1483 1534 1575 1560 meta
1605 1528 1778 1573 temporis
1806 1534 1998 1570 coartatur,
2022 1541 2088 1561 nec
2114 1529 2192 1574 ipsa
2217 1528 2411 1574 appellatio

539 1604 604 1624 nec
624 1592 683 1624 illa
705 1592 822 1633 etiam,
842 1604 911 1637 que
931 1605 949 1625 a
971 1593 1272 1637 pronunciatione
1289 1593 1459 1638 judicum
1479 1594 1696 1639 interposita
1717 1595 1863 1636 dicitur,
1881 1595 2026 1640 adjuvat
2046 1607 2112 1628 seu
2132 1595 2269 1629 relevat
2288 1595 2412 1642 appel-

536 1659 719 1700 lationem,
749 1659 887 1692 etiamsi
915 1659 1075 1704 legitima
1103 1660 1294 1702 extitisset,
1325 1673 1405 1693 cum
1432 1661 1567 1694 nullam
1596 1661 1755 1706 ipsarum
1785 1673 1868 1707 pars
1892 1661 2079 1707 appellans
2104 1662 2215 1695 fuerit
2232 1662 2411 1708 legittime

538 1732 727 1770 prosecuta
749 1732 784 1758 et
804 1726 886 1758 ideo
908 1738 980 1759 non
1002 1726 1189 1772 appellans
1211 1727 1339 1760 merito
1369 1734 1568 1773 reputatur.
1598 1728 1654 1761 Ad
1681 1728 1747 1761 hec
1769 1728 2056 1762 bachalariorum
2080 1729 2271 1774 utriusque
2298 1729 2411 1775 partis

537 1792 707 1825 licencias
728 1793 857 1838 petitas
879 1793 1030 1826 durante
1052 1794 1234 1827 discordia
1256 1794 1299 1827 ab
1321 1794 1407 1836 illis,
1427 1795 1488 1840 qui
1510 1795 1607 1840 ipsas
1629 1796 1795 1828 conferre
1816 1802 1995 1841 poterant,
2014 1803 2049 1829 et
2067 1802 2233 1841 optentas
2250 1796 2410 1830 valuisse

538 1860 820 1904 pronunciamus
842 1867 877 1892 et
903 1860 1057 1893 dicimus
1081 1867 1116 1893 et
1140 1861 1274 1903 valere,
1296 1873 1376 1894 cum
1405 1868 1529 1895 contra
1556 1874 1616 1895 eas
1642 1862 1685 1895 ab
1711 1862 1882 1896 alterutra
1906 1862 2059 1908 partium
2081 1862 2194 1896 nichil
2218 1862 2409 1908 probatum

536 1926 657 1967 fuerit,
684 1933 832 1971 propter
859 1927 956 1972 quod
984 1927 1141 1961 debeant
1167 1928 1315 1970 irritari,
1342 1935 1377 1961 et
1401 1935 1526 1962 nostra
1548 1929 1760 1963 constitutio
1783 1929 2086 1963 cancellariorum
2106 1930 2368 1972 auctoritatem,
2389 1942 2409 1964 a

537 2004 605 2037 qua
626 1993 704 2037 ipse
725 1993 877 2026 licencie
897 1993 995 2027 vires
1017 1994 1210 2039 recipiunt,
1233 2007 1305 2040 quo
1327 1995 1371 2028 ad
1391 1995 1460 2029 hoc
1483 1996 1581 2041 [non]
1599 1996 1738 2029 minuat
1757 1996 1815 2030 vel
1836 1996 2020 2042 infringat.
2038 1997 2174 2030 Verum
2195 1996 2290 2030 circa
2308 1997 2408 2043 prin-

537 2058 628 2104 cipia
645 2060 688 2092 ad
710 2060 889 2104 predictas
906 2060 1078 2094 licencias
1096 2061 1330 2095 dissencione
1348 2062 1500 2095 durante
1517 2063 1553 2095 in
1571 2062 1741 2096 utralibet
1763 2063 1919 2108 partium
1938 2062 2148 2105 subsecuta,
2170 2075 2241 2108 que
2255 2063 2408 2098 forsitan

536 2126 730 2171 sugillare⁹
763 2127 878 2171 possit
909 2128 1043 2173 rigoris
1076 2129 1251 2162 severitas
1282 2135 1316 2162 et
1349 2129 1463 2174 prima
1494 2130 1583 2163 facie
1614 2130 1824 2175 depravare,
1859 2130 2089 2163 attendentes
2121 2130 2218 2175 quod
2252 2142 2407 2164 censure

537 2192 636 2237 rigor
657 2199 691 2225 et
716 2193 889 2226 severitas
915 2194 1066 2227 ultionis
1093 2207 1166 2228 non
1194 2202 1321 2240 posset
1340 2195 1376 2228 in
1399 2195 1451 2229 eis
1477 2195 1615 2241 absque
1641 2196 1742 2242 gravi
1768 2195 1939 2230 scandalo
1964 2203 2000 2230 et
2018 2197 2218 2229 animarum
2243 2196 2407 2242 periculo

536 2259 726 2291 manifesto
744 2266 892 2304 propter
910 2260 1178 2294 multitudinem
1198 2262 1374 2304 exerceri,
1395 2261 1649 2308 benigniorem
1670 2263 1762 2296 viam
1782 2263 1951 2296 duximus
1970 2263 2188 2309 eligendam.
2207 2263 2407 2308 Cupientes

536 2325 654 2370 itaque
674 2326 786 2358 vitare
808 2327 975 2360 scandala
995 2334 1031 2360 et
1050 2328 1250 2361 animarum
1279 2329 1472 2373 providere
1494 2329 1613 2371 saluti,
1638 2329 1805 2363 volentes
1826 2330 1932 2363 etiam
1955 2337 1994 2363 ut
2014 2330 2154 2375 equitas
2175 2330 2301 2364 stricto
2315 2330 2405 2375 juri,

535 2392 718 2425 severitati
745 2393 994 2427 misericordia
1020 2401 1055 2427 et
1080 2394 1300 2440 benignitas,
1322 2399 1359 2428 'et
1383 2397 1552 2441 potestati
1580 2397 1710 2430 caritas
1736 2397 1977 2442 preferantur,
2006 2397 2101 2430 inter
2126 2403 2247 2442 partes
2272 2397 2407 2431 favora-

535 2457 656 2490 biliter
676 2458 914 2503 disponentes
940 2472 1004 2505 pro
1031 2473 1117 2506 pace
1143 2461 1296 2495 utilitate
1322 2474 1361 2495 ac
1387 2463 1647 2508 tranquillitate
1668 2463 1887 2497 Parisiensis
1908 2463 2020 2497 studii
2041 2463 2285 2505 decernimus,
2307 2462 2405 2496 ordi-

536 2535 661 2556 namus
687 2531 722 2557 et
744 2525 909 2566 dicimus,
939 2527 1016 2571 ipsa
1044 2528 1220 2573 principia
1251 2528 1353 2561 firma
1381 2535 1628 2575 perpetuaque
1661 2542 1848 2563 remanere
1877 2537 1912 2564 et
1940 2530 2136 2576 magistros
2164 2529 2226 2575 qui
2255 2536 2340 2563 tunc
2367 2529 2404 2562 in

536 2589 710 2622 artibus⁴⁰
737 2591 951 2635 inceperunt
971 2605 1036 2637 pro
1062 2594 1129 2626 rite
1158 2595 1334 2639 promotis
1355 2602 1390 2628 et
1409 2596 1506 2629 veris
1535 2597 1719 2642 magistris
1744 2597 1904 2643 reputari
1930 2596 1974 2630 ab
1996 2596 2166 2630 omnibus
2188 2603 2224 2636 et
2246 2595 2403 2636 censeri,

536 2655 678 2699 utrique
701 2657 790 2700 parti
812 2669 921 2701 super
949 2659 1178 2693 refricatione
1199 2660 1375 2695 hactenus
1402 2662 1630 2707 objectorum
1651 2670 1777 2697 contra
1802 2664 1879 2709 ipsa
1906 2663 2084 2709 principia
2105 2662 2173 2696 sub
2194 2662 2404 2695 intermina-

535 2721 639 2753 cione
660 2721 893 2756 anathematis
914 2724 1097 2758 silentium
1120 2734 1334 2772 perpetuum
1356 2728 1599 2774 imponentes.
1623 2731 1776 2764 Ceteros
1793 2742 1880 2764 vero
1901 2737 2002 2763 actus
2020 2729 2198 2763 facultatis
2218 2729 2404 2775 legitimos

536 2794 571 2820 et
590 2799 799 2821 communes
827 2789 870 2821 ad
900 2790 1012 2834 ipsam
1040 2792 1243 2826 facultatem
1271 2806 1336 2827 seu
1366 2796 1538 2829 naciones
1568 2803 1629 2830 aut
1655 2797 1844 2830 nacionem
1870 2803 2075 2843 spectantes
2099 2796 2158 2830 vel
2180 2802 2400 2841 spectantem

533 2865 598 2898 per
618 2861 754 2898 partem
773 2862 855 2899 post
873 2856 1068 2900 predictam
1090 2860 1361 2904 separacionem
1382 2861 1525 2896 habitos
1547 2863 1666 2909 Sigeri
1686 2870 1855 2909 tanquam
1874 2863 2023 2896 illicitos
2044 2862 2281 2908 reprobantes
2301 2862 2402 2908 ipsos

531 2926 631 2953 actus
657 2920 733 2954 Sive
761 2921 970 2954 consimiles
997 2935 1061 2967 pro
1090 2932 1203 2968 parte,
1224 2938 1294 2971 que
1316 2927 1448 2961 dicitur
1473 2929 1648 2971 Alberici,
1675 2930 1828 2963 maxime
1857 2930 1974 2975 ipsius
1994 2929 2156 2963 Alberici
2183 2929 2284 2962 finito
2307 2928 2402 2973 regi·-
