2580 3528
469 387 534 421 302
809 412 811 414 -
1051 395 1371 419 οΗΑῐιΤυιΑιῑιυΜ
1405 393 1597 416 UNtVERS.
1633 393 1763 415 Panls.
2236 385 2340 426 [1256

468 475 628 504 nostram
657 482 767 515 super
797 470 917 503 studio
945 469 1141 503 Parisiensi
1170 469 1301 502 editam
1322 474 1392 500 tam
1417 467 1454 499 in
1479 466 1703 511 recipiendis
1724 466 1831 500 dictis
1851 467 2037 513 magistris
2057 468 2207 501 fratrum
2232 480 2338 514 quam

469 537 506 570 in
536 537 616 570 aliis
646 536 867 570 restitutioni
898 543 933 569 et
960 535 1180 569 ordinationi
1210 534 1373 579 ejusdem
1405 533 1499 566 sicut
1526 532 1734 566 obedientie
1763 533 1830 566 filii
1856 533 2043 568 humiliter
2062 541 2273 581 paruerunt,
2288 535 2340 569 ‘ad

468 603 774 637 contribuendum
804 603 841 635 in
875 602 1045 647 expensis
1073 614 1091 634 a
1119 602 1211 634 dicta
1246 600 1490 633 Universitate
1525 606 1608 644 post
1642 600 1797 645 prefatas
1831 601 2099 635 restitutionem
2129 608 2165 635 et
2194 601 2340 635 ordina-

469 670 605 703 tionem
635 670 737 702 sactis
767 668 975 701 nullatenus
1008 666 1246 712 compellatis.
1278 666 1335 698 Ad
1364 665 1576 710 petitionem
1610 677 1698 699 vero
1728 677 1794 699 seu
1823 666 1861 699 in
1889 667 2049 701 favorem
2083 667 2249 710 illorum,
2277 668 2339 714 qui

469 736 600 769 dictam
640 735 903 768 ordinationem
942 740 1101 766 nostram
1141 732 1356 777 simpliciter
1394 743 1467 765 non
1509 731 1717 774 observant,
1757 732 1897 766 nullum
1940 735 2093 779 prorsus
2126 734 2172 767 ad
2204 735 2340 768 contri-

469 802 654 835 buendum
681 802 717 834 in
743 801 913 845 expensis
937 800 1040 832 factis
1068 805 1150 844 post
1175 798 1443 831 restitutionem
1469 798 1668 844 predictam
1693 800 1912 845 presumatis
1937 800 2172 846 compellere,
2193 813 2274 835 cum
2295 801 2340 835 ad

469 868 756 914 impugnandum
782 873 911 899 statuta
936 872 1059 899 nostra
1089 865 1248 898 nolimus
1273 864 1458 910 aliquibus
1487 865 1700 899 auctoritate
1725 866 1825 900 sedis
1847 866 2047 912 apostolice
2068 867 2112 900 de
2133 867 2340 914 sumptibus

469 934 665 980 provideri,
693 933 780 978 quin
810 933 931 978 potius
961 931 1160 965 sententias
1190 943 1318 964 omnes
1349 943 1439 976 quas
1468 943 1534 966 vos
1565 943 1631 965 seu
1661 932 1891 978 subdelegati
1920 933 2033 967 vestri
2063 945 2175 979 super
2199 933 2269 968 hoc
2294 934 2340 968 de

467 1002 560 1033 facto
582 1000 709 1032 tulisse
737 999 899 1031 dicimini
920 1004 1044 1031 contra
1069 997 1172 1039 tales,
1195 998 1274 1031 sine
1297 997 1505 1031 difficultate
1531 997 1650 1044 aliqua
1670 999 1864 1041 revocetis,
1885 999 2048 1045 alioquin
2066 999 2340 1034 venerabilibus

465 1066 637 1099 fratribus
667 1066 842 1098 nostris..
867 1064 1124 1097 Aurelianensi
1153 1071 1227 1097 et..
1255 1064 1553 1099 Autisiodorensi
1587 1066 1772 1111 episcopis
1806 1066 1944 1100 nostris
1977 1066 2105 1100 damus
2137 1066 2270 1101 litteris
2301 1067 2340 1101 in

467 1133 657 1173 mandatis,
683 1138 722 1165 ut
751 1132 955 1164 mandatum
987 1138 1151 1164 nostrum
1182 1143 1294 1177 super
1319 1131 1391 1165 hiis
1419 1132 1551 1177 exequi
1575 1145 1650 1165 non
1679 1139 1912 1178 postponant.
1935 1134 2014 1167 Dat.
2041 1134 2208 1167 Laterani
2226 1146 2249 1168 v
2269 1133 2338 1168 kal.

469 1199 668 1240 Februarii,
691 1198 921 1243 pontificatus
938 1198 1054 1231 nostri
1075 1210 1170 1231 anno
1191 1198 1367 1231 secundo.

559 1297 694 1328 Originale
710 1296 735 1319 in
751 1296 827 1319 Arch.
844 1299 898 1319 nat.
914 1296 998 1320 Paris.
1015 1297 1043 1320 L.
1060 1297 1114 1325 250,
1130 1301 1160 1320 11⁰
1172 1297 1211 1320 68.
1227 1297 1305 1320 Deest
1322 1297 1396 1321 bulla
1410 1297 1544 1329 plumbea.
1564 1298 1600 1322 Ut
1618 1298 1732 1327 videtur,
1748 1298 1900 1330 pertinebat
1914 1299 1947 1322 ad
1963 1298 2039 1322 Arch.
2056 1299 2148 1322 Praed.
2165 1312 2196 1317 —
2210 1299 2293 1324 Mdm.
2309 1299 2342 1324 de

466 1342 495 1366 la
510 1342 569 1366 Soc.
586 1343 620 1365 de
634 1341 767 1366 z'histoire
781 1342 813 1365 de
827 1341 913 1365 Paris
928 1345 954 1365 et
968 1341 1001 1365 de
1016 1340 1256 1370 Z'Ile-de-R‘ance,
1275 1342 1305 1370 X,
1321 1342 1375 1365 260.

560 1426 581 1450 1.
600 1427 686 1458 Supra
701 1431 730 1449 n⁰
746 1427 798 1449 239.

466 1548 578 1585 264.
601 1557 767 1584 Alexander·
778 1559 822 1584 IV
831 1558 871 1583 ad
886 1557 1066 1584 Guillelmum
1080 1557 1318 1584 Aurelian-ensem
1329 1561 1357 1584 et
1369 1558 1523 1584 Guidonem
1538 1558 1821 1584 Autissiodorensem
1834 1559 1983 1595 episcopos
1998 1558 2034 1585 de
2050 1558 2147 1585 eodem
2163 1562 2339 1594 argumento.

1649 1650 1723 1678 1266.
1740 1650 1859 1676 danum-ii
1868 1650 1913 1680 28,
1929 1650 2056 1676 Laterani.

555 1729 761 1762 Alexander
796 1729 992 1774 episcopus
1023 1741 1152 1763 servus
1178 1740 1369 1762 servorum
1404 1729 1471 1761 Dei
1502 1728 1701 1762 venerabil.
1737 1728 1911 1762 fratribus
1935 1755 1956 1762 ..
1974 1729 2231 1763 Aurelianensi
2266 1735 2340 1763 et..

466 1796 761 1829 Autisiodorensi
796 1796 980 1841 episcopis
1017 1795 1171 1829 salutem
1205 1802 1241 1829 et
1274 1795 1509 1841 apostolicam
1553 1795 1861 1829 benedictionem.
1907 1795 2038 1829 Felicis
2077 1796 2342 1830 recordationis

468 1862 703 1895 Innocentius
724 1875 826 1907 papa,
847 1868 911 1896 etc.
939 1862 1033 1897 sicut
1059 1863 1095 1897 in
1120 1862 1260 1896 litteris
1287 1866 1325 1895 n⁰
1345 1863 1424 1904 263,
1451 1862 1601 1896 mutatis
1626 1861 1820 1904 mutandis,
1847 1873 1951 1907 usque
1975 1862 2155 1895 revocetis
2176 1863 2226 1906 (in
2250 1862 2343 1896 hisce

468 1928 606 1963 litteris
631 1941 801 1962 revocare
836 1931 1056 1974 procurent).
1088 1928 1251 1963 Deinde:
1273 1929 1451 1972 Quocirca
1480 1929 1694 1962 fraternitati
1727 1935 1849 1963 vestre
1879 1941 1944 1974 per
1976 1928 2174 1974 apostolica
2209 1929 2343 1975 scripta

469 1995 694 2037 mandamus,
725 1996 894 2040 quatinus
922 1996 952 2029 si
982 1996 1092 2029 iidem
1123 2003 1335 2042 preceptum
1365 2002 1532 2029 nostrum
1560 1995 1791 2041 neglexerint
1819 1995 2031 2041 adimplere,
2052 2007 2119 2029 vos
2139 2007 2251 2041 super
2269 1995 2342 2029 hiis

467 2061 559 2094 illud
580 2062 708 2107 exequi
730 2062 946 2107 procuretis,
964 2063 1252 2096 contradictores
1273 2074 1338 2108 per
1358 2074 1550 2095 censuram
1572 2061 1855 2095 ecclesiasticam
1877 2061 2119 2107 appellatione
2139 2061 2342 2107 postposita

469 2129 748 2173 compescendo.
780 2129 886 2172 Quod
916 2129 946 2162 si
974 2141 1047 2162 non
1075 2129 1180 2162 ambo
1207 2129 1279 2162 hiis
1307 2128 1532 2174 exequendis
1559 2128 1751 2174 potueritis
1779 2128 1972 2170 interesse,
1999 2127 2089 2161 alter
2113 2134 2276 2162 vestrum
2301 2139 2343 2163 ea

469 2194 728 2228 nichilominus
750 2202 958 2240 exequatur.
983 2197 1061 2229 Dat.
1084 2196 1250 2229 Laterani
1270 2208 1291 2229 v
1311 2195 1380 2228 kal.
1403 2195 1524 2237 Febr.,
1547 2194 1779 2240 pontificatus
1800 2194 1917 2228 nostri
1938 2206 2032 2227 anno
2053 2194 2228 2228 secundo.

561 2292 696 2324 originale
716 2293 741 2316 in
762 2294 837 2316 Areh.
857 2297 910 2317 nat.
927 2293 1011 2317 Paris.
1028 2294 1055 2317 L.
1073 2295 1131 2326 250,
1145 2298 1174 2317 n⁰
1189 2294 1227 2317 69.
1245 2294 1394 2324 Supersunt
1409 2293 1454 2316 fila
1469 2293 1580 2316 cannah.
1596 2293 1635 2316 Ex
1648 2292 1725 2316 Arch.
1743 2293 1846 2321 Praed.,
1863 2295 1892 2315 ut
1905 2292 2018 2321 videtur,
2035 2300 2148 2324 quorum
2163 2300 2258 2316 nomen
2273 2291 2344 2316 sicut.

468 2337 679 2367 praecedentium
694 2338 842 2361 litterarum
858 2338 883 2361 in
900 2339 1053 2361 membrana
1068 2347 1162 2362 aversa
1176 2338 1283 2370 legitur.

471 2485 582 2522 265.
605 2495 771 2521 Alexander
786 2497 830 2522 IV
838 2497 927 2530 fratri
944 2496 1066 2522 Guidoni
1081 2497 1183 2522 abbati
1198 2496 1233 2523 de
1249 2496 1415 2522 Elemosina
1434 2496 1500 2522 Ord.
1518 2496 1632 2522 Cisterc.
1651 2504 1671 2522 a
1685 2495 1797 2522 duobus
1818 2484 2019 2522 cardinalibus
2034 2495 2063 2521 in
2078 2495 2160 2521 curia
2176 2494 2342 2521 examinato

560 2543 705 2569 licentiam
727 2544 840 2579 legendi
861 2545 986 2571 Parisiis
1010 2545 1063 2571 dal
1091 2546 1120 2571 in
1140 2545 1284 2580 facultate
1310 2545 1479 2580 theologica,
1506 2545 1668 2581 statuitque
1692 2548 1723 2571 ut
1745 2545 1886 2571 consortio
1911 2544 2114 2579 magistrorum
2133 2543 2342 2569 Parisiensium

558 2594 734 2627 perfruatur.

1656 2643 1731 2673 7256,
1747 2642 1866 2668 danum-ii
1875 2643 1915 2672 31,
1931 2642 2058 2668 Laterani.

563 2719 677 2752 Fratri
703 2720 879 2753 Guidoni¹
905 2721 1024 2754 abbati
1050 2722 1094 2755 de
1120 2722 1328 2755 Elemosina
1349 2721 1608 2756 Cisterciensis
1629 2721 1792 2754 Ordinis.
1821 2722 1956 2753 Decor²
1981 2731 2116 2765 sponse
2142 2718 2278 2753 Christi
2303 2731 2342 2753 ac

473 2784 657 2828 profectus
678 2786 789 2830 exigit
809 2787 1020 2829 animarum,
1043 2795 1081 2821 ut
1101 2801 1170 2833 que
1191 2789 1235 2821 ad
1257 2789 1379 2822 divine
1399 2788 1561 2822 veritatis
1582 2787 1792 2832 indaginem
1812 2786 1907 2820 clara
1927 2787 1964 2819 in
1985 2786 2092 2819 domo
2118 2785 2203 2818 fidei
2225 2785 2343 2818 ortho-

474 2854 566 2887 doxe
595 2862 679 2888 sunt
705 2856 852 2897 lumina,
879 2870 924 2890 ne
952 2858 1020 2891 sub
1047 2859 1226 2893 absconse
1254 2859 1418 2892 utilitatis
1448 2859 1570 2892 modio
1601 2858 1816 2891 delitescant
1839 2857 1898 2891 vel
1923 2857 2085 2902 cujusvis
2111 2856 2342 2890 emulationis

474 2921 595 2954 studio
632 2923 918 2967 supprimantur⁴
951 2925 995 2957 ad
1028 2925 1330 2959 illuminationem
1363 2927 1478 2959 Deum
1510 2925 1634 2959 videre
1668 2924 1891 2970 cupientium
1926 2923 2143 2957 revelemus.
2179 2923 2272 2956 Sane
2308 2929 2342 2956 te
