2580 3528
509 396 574 429 496
1090 401 1409 425 CHARTL'LARIUM
1444 399 1634 422 UNlVEnS.
1672 399 1800 420 riuus.
2281 393 2378 434 [1271

510 480 618 521 enim,
645 486 684 512 ut
708 491 750 512 ex
776 479 967 524 scripturis
995 489 1119 510 eorum
1147 475 1305 515 vidistis,
1333 481 1367 507 et
1392 486 1459 507 nos
1484 473 1689 506 audivimus
1714 472 1864 507 auribus
1889 474 2040 517 nostris,
2062 475 2100 508 in
2120 482 2252 510 tantam
2276 488 2380 511 vesa-

510 547 604 580 niam
636 546 795 592 prolapsi
825 551 921 586 sunt,
953 551 991 577 ut
1020 544 1184 577 dicerent
1213 541 1310 587 quod
1340 541 1518 573 Dominus
1548 546 1674 572 noster
1705 539 1839 573 Jhesus
1873 540 2055 584 Christus,
2091 543 2190 576 Deus
2223 543 2268 576 de
2302 544 2380 578 Deo

508 625 630 654 verus,
653 626 670 646 a
692 612 862 658 perfectis
882 611 970 645 viris
992 623 1065 643 non
1086 610 1133 642 sit
1153 609 1190 641 in
1211 607 1381 641 omnibus
1407 607 1486 651 ejus
1512 605 1687 651 operibus
1713 606 1923 650 imitandus,
1949 608 2072 651 immo,
2095 609 2194 655 quod
2214 610 2380 645 insanius

509 686 566 713 est
585 680 720 720 dicere,
742 685 781 711 ut
799 678 906 711 homo
928 678 964 710 in
986 676 1172 710 sanctitate
1194 674 1413 720 perficiatur,
1435 673 1639 718 aliquorum
1662 674 1741 718 ejus
1762 685 1913 719 operum
1934 676 2155 709 contrarium
2176 678 2378 711 teneatur’.

510 748 550 779 In
571 758 642 791 quo
665 757 787 778 errore
809 744 975 777 homines
997 755 1035 776 se
1057 742 1284 787 precipitant,
1312 747 1351 773 ut
1376 752 1487 785 super
1512 751 1639 773 omnes
1664 739 1756 773 alios
1782 752 1822 774 se
1844 741 2011 775 exaltent.
2035 744 2079 776 Et
2098 755 2179 776 cum
2201 744 2380 778 Dominus

489 813 640 846 ,Jhesus
666 812 834 845 Christus
860 810 987 855 placita
1013 820 1158 853 semper
1184 807 1311 840 fecerit
1338 808 1414 839 Deo
1439 807 1548 848 Patri,
1575 818 1641 839 nec
1663 806 1728 840 ulli
1754 807 1860 840 etiam
1885 807 2024 842 homini
2049 810 2204 855 sapienti
2224 818 2285 844 aut
2304 811 2380 844 cui-

508 879 598 912 libet
617 878 744 911 artifici
765 877 821 910 sui
843 877 964 921 operis
986 875 1211 920 imperfectio
1234 874 1372 919 placeat
1394 885 1400 906 :
1423 873 1484 906 isti
1510 873 1667 906 mirabili
1692 874 1842 907 cecitate
1870 875 1964 920 capti
1984 875 2139 921 probare
2159 877 2325 911 nituntur
2345 884 2382 912 et

508 946 584 979 suis
612 943 883 977 fantasmatibus
911 949 1086 982 astruere,
1116 941 1213 986 quod
1239 940 1376 985 aliquid
1404 940 1521 985 egerit
1545 940 1643 985 quod
1671 942 1746 974 Deo
1775 942 1866 986 patri
1893 942 2024 976 debeat
2051 943 2259 989 displicere.
2288 945 2379 979 Hinc

507 1019 562 1045 est
589 1011 685 1056 quod
714 1017 832 1055 patres
860 1010 896 1041 in
924 1009 1069 1043 Christo
1098 1008 1322 1041 dormientes
1349 1007 1386 1040 in
1416 1007 1487 1041 hiis
1518 1007 1692 1053 operibus
1719 1008 1837 1053 ipsum
1869 1010 2064 1042 Dominum
2094 1011 2277 1045 imitantes
2305 1024 2379 1046 non

507 1085 677 1112 verentur
698 1077 844 1120 (utinam
867 1076 942 1109 sola
969 1075 1171 1120 ignorantia
1193 1086 1266 1107 non
1288 1074 1433 1117 malitia)
1455 1074 1654 1116 diffamare,
1675 1075 1778 1120 ipsos
1799 1077 2003 1109 accusando
2025 1077 2070 1110 de
2089 1077 2377 1123 imperfectione.

506 1147 578 1179 Nec
599 1145 741 1185 mirum,
769 1144 850 1188 quia
877 1143 907 1176 si
934 1141 1226 1187 patremfamilias
1253 1141 1452 1174 Belzebuth
1478 1149 1711 1184 vocaverunt,
1734 1149 1868 1188 quanto
1895 1144 2010 1189 magis
2031 1145 2111 1189 ejus
2132 1147 2289 1179 servos?
2308 1145 2381 1180 Sed

505 1224 549 1245 ne
570 1211 692 1244 videar
709 1210 823 1255 magis
841 1209 936 1254 quod
954 1209 1045 1242 absit
1067 1215 1190 1241 contra
1207 1220 1397 1253 personas,
1420 1220 1509 1253 quas
1526 1215 1566 1242 ut
1585 1209 1798 1243 karissimos
1818 1209 2016 1255 amplector
2031 1210 2191 1244 brachiis
2206 1212 2377 1254 caritatis,

506 1278 686 1317 inherere,
723 1289 826 1322 quam
863 1288 1023 1309 errorem
1058 1287 1225 1320 arguere,
1266 1275 1311 1308 de
1351 1275 1521 1320 personis
1559 1275 1735 1309 hactenus
1768 1276 1939 1320 sileatur.
1976 1277 2047 1311 Sed
2082 1285 2120 1311 ut
2152 1278 2201 1311 ait
2232 1278 2377 1324 quidam

506 1352 652 1379 sanctus
675 1356 682 1376 t
706 1344 773 1377 etsi
802 1350 944 1376 nostras
972 1343 1124 1387 injurias
1152 1342 1223 1387 pati
1252 1342 1464 1384 debeamus,
1493 1343 1645 1387 injurias
1667 1343 1804 1377 Christi
1832 1343 2065 1378 dissimulare
2085 1357 2152 1378 nec
2180 1357 2378 1391 possumus

506 1424 571 1445 nec
602 1411 791 1451 debemus,
819 1422 884 1443 nec
916 1417 1121 1443 sanctorum
1152 1409 1433 1455 precedencium
1464 1417 1618 1455 patrum,
1651 1410 1733 1456 quia
1763 1410 1987 1456 blasphemia
2017 1412 2114 1445 servi
2143 1412 2180 1445 in
2209 1413 2377 1458 injuriam

505 1478 683 1512 redundat
708 1477 857 1510 domini.
887 1478 930 1510 Et
950 1478 980 1510 si
1009 1477 1118 1517 servi,
1145 1483 1279 1521 quanto
1306 1477 1422 1522 magis
1443 1476 1507 1510 filii
1529 1484 1565 1510 et
1584 1477 1715 1511 amici?
1733 1479 1809 1511 Jam
1831 1489 1904 1511 non
1926 1478 2055 1520 dicam,
2077 1479 2208 1524 inquit,
2235 1491 2376 1522 servos,

506 1557 634 1579 servus
656 1545 749 1577 enim
772 1545 888 1577 nescit
908 1544 995 1589 quid
1014 1544 1119 1576 faciat
1139 1544 1309 1577 dominus
1331 1545 1424 1588 ejus,
1451 1556 1517 1578 vos
1543 1551 1660 1577 autem
1683 1544 1756 1577 dixi
1777 1545 1926 1587 amicos,
1949 1546 2032 1590 quia
2056 1546 2175 1579 omnia
2201 1553 2284 1581 nota
2309 1546 2379 1581 feci

505 1612 622 1653 vobis,
646 1618 815 1656 quantum
837 1611 957 1643 audivi
978 1623 996 1643 a
1018 1617 1117 1656 patre
1138 1623 1231 1643 meo.
1259 1611 1349 1653 Quis
1371 1623 1529 1656 unquam
1555 1618 1657 1656 pater
1682 1611 1844 1644 fidelium
1866 1612 2044 1654 crederet,
2062 1613 2136 1658 jam
2158 1624 2226 1646 nos
2245 1613 2290 1646 ad
2310 1613 2378 1647 ista

506 1686 666 1724 tempora
688 1678 894 1719 devenisse,
922 1684 961 1710 ut
984 1678 1055 1711 vita
1080 1677 1217 1711 Christi
1242 1678 1387 1710 Domini
1416 1685 1665 1723 sperneretur,
1691 1679 1870 1712 institutio
1897 1679 2095 1724 apostolica
2117 1680 2162 1713 de
2187 1680 2379 1725 imperfec-

505 1746 602 1779 tione
628 1752 823 1786 crearetur,
852 1745 964 1777 sancti
991 1745 1157 1778 martires
1182 1752 1454 1787 accusarentur,
1483 1745 1543 1778 alii
1570 1745 1761 1790 pontifices
1786 1753 2041 1792 arguerentur,
2070 1747 2225 1780 ecclesie
2250 1746 2379 1781 sunda-

504 1819 662 1846 mentum
694 1819 904 1853 mutaretur,
935 1824 1025 1857 apex
1058 1811 1277 1857 pontificalis
1311 1812 1517 1854 vilesceret,
1548 1819 1672 1846 contra
1707 1813 1923 1846 dominicam
1959 1814 2175 1847 sententiam
2207 1813 2379 1860 discipuli

505 1892 612 1925 supra
633 1880 827 1924 magistros
849 1891 888 1912 se
909 1879 1107 1924 erigerent,
1130 1879 1290 1924 prelatos
1307 1879 1444 1912 subditi
1461 1879 1690 1913 lacerarent?
1708 1881 1804 1914 Vere
1822 1880 1865 1921 si,
1887 1887 1927 1913 ut
1942 1880 2189 1923 domatizatur,
2208 1880 2378 1914 Christus

505 1947 621 1992 aliqua
652 1958 760 1991 opera
790 1946 865 1991 egit
894 1957 1047 1990 quorum
1079 1946 1300 1979 contrarium
1331 1946 1543 1979 imitandum
1574 1947 1621 1980 sit
1647 1947 1832 1992 perfectis,
1864 1948 1943 1992 ejus
1972 1947 2044 1980 vita
2073 1954 2130 1980 est
2157 1960 2176 1980 a
2206 1948 2378 1993 perfectis

506 2020 675 2058 quantum
702 2014 745 2046 ad
771 2013 830 2045 illa
856 2025 964 2058 opera
991 2013 1295 2058 contempnenda,
1324 2013 1368 2055 si,
1393 2020 1432 2046 ut
1454 2013 1572 2047 solum
1598 2014 1820 2060 imperfectis
1846 2014 2051 2060 exemplum
2073 2015 2239 2060 fugiendi
2262 2015 2376 2058 daret,

504 2081 632 2125 fugiit³
640 2107 702 2112 .....
729 2081 820 2113 Sane
847 2080 876 2112 si
905 2080 1108 2125 exemplum
1134 2080 1251 2113 solum
1276 2080 1434 2125 prebens
1461 2081 1683 2126 imperfectis
1710 2093 1837 2114 carnes
1865 2081 2023 2114 comedit
2047 2082 2245 2127 vinumque
2270 2081 2375 2124 bibit,

505 2147 595 2179 male
626 2147 812 2191 apostolus
843 2148 1041 2191 perfectum
1074 2146 1292 2192 discipulum
1325 2147 1595 2189 Thimotheum,
1628 2159 1734 2192 quem
1763 2160 1827 2193 pre
1853 2148 1985 2181 ceteris
2011 2148 2203 2194 discipulis
2229 2148 2306 2182 suis
2331 2148 2376 2182 de

505 2214 660 2246 caritatis
682 2214 888 2246 sinceritate
910 2214 1150 2255 commendat,
1173 2214 1297 2247 vinum
1319 2213 1446 2247 bibere
1468 2221 1616 2260 propter
1637 2214 1862 2248 stomachum
1885 2215 2059 2248 suadebat
2065 2242 2129 2248 .....
2156 2215 2324 2261 Amplius
2344 2215 2375 2249 si

505 2280 671 2313 Christus
693 2280 833 2313 loculos
860 2280 983 2313 habuit
1010 2281 1046 2313 in
1075 2280 1277 2326 exemplum
1307 2293 1345 2313 ac
1372 2281 1520 2314 sormam
1548 2282 1848 2326 imperfectionis,
1877 2289 2047 2315 statutum
2069 2282 2309 2327 apostolicum
2330 2282 2375 2316 de

504 2347 775 2391 imperfectione
806 2354 960 2388 creatur,
992 2347 1053 2392 qui
1084 2347 1219 2380 sanctis
1249 2347 1385 2381 Christi
1416 2348 1586 2393 perfectis
1617 2348 1794 2382 militibus
1824 2349 1861 2381 in
1892 2349 2031 2395 regulis
2061 2349 2265 2382 communia
2292 2361 2375 2382 esse

504 2413 622 2445 onmia
643 2420 856 2454 statuerunt,
880 2420 918 2446 ut
938 2426 1003 2446 nec
1024 2414 1120 2446 inter
1141 2426 1204 2447 eos
1226 2426 1340 2460 egens
1362 2414 1493 2460 aliquis
1520 2415 1758 2448 inveniretur.
1786 2416 2030 2449 Precedentes
2056 2402 2161 2449 etiam
2183 2415 2375 2461 pontifices

505 2486 717 2524 arguuntur,
740 2480 800 2524 qui
823 2480 1079 2524 possessiones
1099 2481 1136 2513 in
1158 2481 1312 2514 ecclesia
1338 2489 1569 2527 receperunt,
1597 2489 1631 2515 et
1655 2482 1723 2515 hoc
1749 2482 1885 2528 ubique
1912 2482 2047 2516 debere
2072 2482 2151 2515 fieri
2173 2482 2373 2516 secundum

506 2545 682 2577 dictamen
711 2546 947 2590 apostolicum
979 2547 1015 2579 in
1046 2547 1199 2580 ecclesia
1231 2555 1446 2581 statuerunt.
1478 2550 1584 2582 Nutat
1614 2549 1887 2583 fundamentum
1922 2549 2090 2591 ecclesie,
2123 2549 2153 2582 si
2183 2548 2371 2594 apostolis,

506 2611 725 2652 martiribus,
749 2611 901 2656 aliisque
923 2613 1056 2646 sanctis
1077 2621 1182 2658 atque
1204 2614 1439 2659 pontificibus
1461 2627 1534 2648 non
1555 2616 1716 2649 creditur
1738 2616 1782 2649 de
1808 2616 2014 2658 sanctitate;
2042 2627 2132 2661 apex
2155 2615 2374 2660 pontificalis

505 2676 658 2718 vilescit,
681 2677 710 2709 si
732 2684 879 2722 propter
900 2679 1059 2723 predicta
1086 2681 1256 2714 sanctitas
1283 2688 1407 2726 pereat
1431 2682 1674 2716 sacerdotum.
1702 2684 1746 2716 Et
1770 2683 1801 2716 si
1827 2694 1960 2716 nomen
1984 2682 2129 2716 vilescit
2147 2681 2372 2727 pontificum,

507 2743 600 2775 sicut
629 2743 676 2775 ait
710 2744 884 2777 Damasus
919 2757 1021 2790 papa,
1053 2747 1171 2779 omnis
1202 2754 1316 2781 status
1351 2748 1507 2782 ecclesie
1541 2749 1786 2794 perturbatur.
1824 2749 1966 2783 Subditi
2000 2749 2104 2782 etiam
2140 2749 2374 2794 preferuntur

507 2809 666 2854 prelatis,
696 2810 726 2842 si
754 2817 900 2854 propter
927 2811 1105 2844 bonorum
1135 2814 1290 2847 ecclesie
1317 2815 1666 2849 administrationem
1698 2817 1754 2850 via
1784 2816 1974 2849 deseratur
2003 2815 2250 2861 perfectionis.
2282 2815 2373 2858 Quia

506 2876 601 2908 enim
632 2882 788 2908 sanctam
819 2876 1007 2910 ecclesiam
1037 2879 1074 2910 in
1103 2880 1365 2925 temporalibus
1393 2882 1525 2915 florere
1553 2882 1704 2916 heretici
1730 2883 1867 2924 vident,
1897 2895 1973 2916 eam
2004 2883 2199 2928 projectam
2228 2894 2302 2915 non
2329 2881 2372 2915 ab

504 2941 649 2974 homine
679 2942 744 2975 sed
771 2955 789 2974 a
819 2943 894 2975 Deo
922 2943 1113 2977 credentes
1141 2958 1236 2979 nunc
1265 2947 1488 2981 derident....
1519 2951 1591 2982 Hec
1626 2949 1786 2983 breviter
1813 2949 1916 2995 tetigi
1947 2949 1992 2982 de
2019 2948 2091 2982 hiis
2123 2948 2311 2981 erroribus
2337 2955 2371 2982 ct
