2580 3528
280 424 379 464 1256]
620 432 663 455 ΑΒ
697 432 803 454 anno
837 431 914 454 mcc
948 431 1082 460 usous
1116 431 1165 453 ΑΙ)
1201 431 1432 453 Pmmppuu
1468 431 1509 453 iv
1543 432 1633 454 asc.
1671 432 1809 454 rame.
2086 423 2150 457 331

277 566 391 605 288.
412 575 581 603 Alexander
599 576 644 602 IV
665 575 837 602 condemnat
855 574 983 602 libellum
1009 573 1153 601 Guillelmi
1171 573 1208 600 de
1228 575 1255 600 S.
1283 574 1386 600 Amore
1408 574 1454 600 cui
1479 573 1580 599 titulus
1601 583 1609 599 :
1633 583 1643 599 ι
1674 575 1825 600 Tractatus
1847 574 1937 600 brevis
1957 574 1992 601 de
2014 575 2153 611 periculis

365 625 580 652 novissimorum
596 628 760 662 temporum.
779 633 792 649 n

1467 681 1542 711 1256,
1557 666 1675 708 octobris
1687 682 1712 711 6.
1728 681 1862 714 Anagniae.

365 771 572 805 Alexander
602 770 799 816 episcopus
828 781 958 804 servus
985 781 1175 804 servorum
1211 770 1277 803 Dei
1311 769 1356 803 ad
1390 775 1600 815 perpetuam
1631 769 1684 802 rei
1713 769 2152 818 menioriam.}R01nantis

276 837 443 872 Pontifex
469 837 514 871 de
543 837 676 871 summi
705 836 931 883 apostolatus
958 836 1106 882 specula
1134 836 1223 870 Urbi
1252 842 1288 870 et
1313 835 1404 870 Orbi
1431 835 1553 869 debita
1587 835 1763 869 servitute
1796 836 2027 881 prospiciens
2054 836 2153 869 curis

276 910 474 950 occupatur
493 904 710 945 innumeris,
732 910 768 938 et
786 902 1072 949 cogitationibus
1094 903 1233 948 rapitur
1252 902 1422 942 infinitis;
1446 902 1529 948 quia
1550 902 1770 936 eminentior
1789 902 1922 936 ceteris
1943 902 2052 936 sedes
2072 903 2152 948 ejus

276 970 546 1005 sollicitudines
573 970 645 1004 sibi
670 969 965 1004 vehementiores
992 969 1206 1010 accumulat,
1234 976 1270 1002 et
1294 969 1412 1015 ipsius
1446 969 1641 1002 auctoritas
1672 969 1796 1015 potior
1829 969 2084 1002 meditationes
2119 969 2151 1002 ei

277 1036 491 1083 multiplicat
511 1036 740 1087 ‘ampliores3
773 1048 845 1082 quo
877 1036 974 1070 enim
1007 1036 1116 1070 altius
1146 1036 1320 1082 presidet,
1356 1047 1400 1069 eo
1434 1035 1583 1081 longius
1610 1035 1792 1081 latiusque
1821 1035 2081 1081 circumspicit,
2117 1042 2152 1069 et

276 1110 411 1150 quanto
438 1103 522 1149 plus
549 1110 670 1149 potest
696 1102 829 1144 officio,
860 1109 958 1136 tanto
985 1103 1134 1148 majoris
1160 1102 1348 1148 vigilantie
1373 1101 1444 1135 sibi
1469 1102 1610 1135 sarcina
1636 1101 1869 1136 incumbente
1899 1102 1982 1148 plus
2010 1109 2150 1148 pensat,

276 1170 447 1216 quoniam
468 1169 620 1204 maxime
641 1170 809 1215 dignitati
830 1169 1019 1215 potissima
1038 1169 1248 1202 sollicitudo
1269 1169 1430 1210 coheret,
1451 1175 1487 1202 et
1505 1169 1669 1202 altiorem
1691 1168 1867 1203 honorem
1888 1181 1982 1203 onus
2003 1169 2152 1215 gravius

277 1237 480 1278 comitatur,
503 1248 662 1282 curaque
686 1236 872 1282 profusior
891 1235 1163 1269 ardentioribus
1182 1235 1340 1269 stimulis
1356 1242 1513 1268 mentem
1535 1242 1654 1281 urget.
1672 1235 1778 1269 Unde
1794 1247 1874 1268 cum
1891 1235 1973 1269 aliis
1990 1235 2150 1281 plebium

277 1303 439 1337 fidelium
474 1301 697 1349 pastoribus,
727 1301 862 1348 quibus
895 1313 986 1347 grex
1019 1301 1226 1335 dominicus
1260 1301 1526 1347 particulariter
1553 1309 1609 1335 est
1633 1302 1865 1343 commissus,
1894 1302 2080 1336 immineat
2106 1303 2152 1336 de

277 1381 424 1404 suarum
445 1369 682 1415 ecclesiarum
703 1368 898 1402 eminentia
922 1367 1118 1413 vigilanter
1136 1368 1181 1401 ad
1201 1379 1286 1402 suas
1312 1379 1400 1401 oves
1425 1368 1626 1410 attendere,
1647 1368 1825 1402 incumbit
1844 1369 1969 1414 utique
1990 1370 2152 1403 Romano

276 1435 428 1483 presuli,
445 1436 504 1469 cui
525 1442 582 1470 est
601 1447 691 1482 grex
709 1435 788 1481 ipse
809 1434 1032 1481 generaliter
1051 1434 1225 1476 creditus,
1249 1435 1294 1468 de
1315 1434 1463 1468 sublimi
1484 1434 1719 1468 ecclesiarum
1737 1435 1886 1477 vertice,
1904 1435 1992 1468 sede
2012 1435 2153 1470 scilicet

276 1502 489 1550 apostolica,
517 1502 738 1549 propensius
765 1501 809 1535 ad
835 1501 951 1543 illum,
974 1508 1010 1535 et
1029 1501 1225 1535 instantius
1250 1501 1401 1542 intueri,
1429 1501 1512 1547 quia
1537 1513 1618 1534 cum
1644 1501 1695 1534 hii
1720 1502 1798 1535 suis
1823 1501 1984 1535 limitatis
2006 1502 2152 1548 populis

276 1570 430 1616 presint,
461 1568 599 1615 singuli
626 1568 773 1614 quidem
806 1568 978 1614 singulis,
1007 1567 1065 1602 hie
1095 1568 1175 1602 sine
1205 1568 1440 1602 distinctione
1475 1567 1636 1614 prelatus
1670 1575 1726 1602 est
1760 1569 1921 1614 pontifex
1955 1569 2152 1610 universis,

276 1636 459 1671 dominice
484 1636 631 1682 quidem
656 1635 763 1670 vinee
788 1641 913 1669 custos
938 1634 1122 1681 generalis
1148 1641 1184 1668 et
1207 1635 1338 1676 cultor,
1365 1641 1402 1668 et
1427 1635 1538 1668 totius
1566 1634 1673 1669 ovilis
1700 1634 1868 1668 catholici
1894 1642 2152 1681 pastorumque

276 1703 438 1738 omnium
454 1714 621 1737 summus
642 1709 777 1748 pastor.
797 1701 1035 1736 Incumbente
1051 1702 1172 1748 itaque
1189 1701 1260 1736 sibi
1276 1701 1440 1748 generali
1457 1701 1706 1736 sollicitudine
1722 1714 1834 1748 super
1849 1714 1990 1743 omnes,
2012 1714 2092 1735 cum
2110 1714 2153 1735 ex

276 1769 345 1804 hoc
371 1781 438 1804 sue
458 1769 591 1803 mentis
612 1769 782 1803 intuitum
806 1780 871 1815 per
892 1775 1020 1802 cuncta
1041 1768 1248 1802 diffundere
1269 1775 1449 1811 teneatur,
1471 1775 1594 1815 stupet
1613 1769 1783 1802 nimirum
1806 1769 1924 1814 ipsius
1945 1769 2100 1811 animus,
2119 1775 2155 1802 et

276 1836 346 1871 sub
363 1843 432 1870 tam
453 1836 576 1882 gravis
596 1842 633 1870 et
647 1835 807 1870 difficilis
827 1847 914 1869 cure
935 1835 1099 1882 pondere
1111 1829 1449 1880 'contremisibfsiQ
1468 1835 1566 1882 quod
1582 1842 1709 1881 posset
1728 1836 1896 1874 sufferre,
1914 1842 1953 1869 ut
1968 1836 2152 1877 convenit,

275 1903 332 1938 vis
360 1909 487 1937 nature
513 1902 666 1937 occidue
693 1902 752 1936 vix
779 1902 942 1936 confidit.
968 1902 1026 1936 Ad
1051 1914 1133 1936 eum
1159 1914 1315 1948 namque
1339 1903 1486 1948 negotia
1513 1902 1676 1948 undique
1703 1902 1906 1944 confluunt,
1936 1902 2155 1948 perveniunt

275 1969 374 2012 lites,
395 1969 505 2003 dubia
530 1969 758 2011 deseruntur,
780 1975 816 2003 et
836 1969 1066 2003 destinantur
1090 1969 1271 2015 implacita
1292 1975 1328 2003 et
1348 1969 1537 2015 perplexa3
1565 1981 1631 2002 nec
1657 1981 1814 2015 unquam
1836 1969 1965 2002 horum
1993 1969 2153 2003 influens

277 2039 422 2072 torrens
449 2043 580 2079 cessat,
607 2047 674 2070 nec
701 2036 810 2082 hujus
837 2036 899 2070 alti
928 2035 1048 2082 pelagi
1074 2036 1192 2070 valide
1217 2037 1423 2082 infesteque
1451 2036 1612 2082 procelle
1642 2037 1857 2082 quiescunt3
1891 2036 1955 2070 sed
1983 2036 2055 2070 hiis
2082 2048 2152 2081 que

277 2102 469 2136 imminent
496 2114 592 2136 nunc
621 2102 815 2149 expeditis,
843 2115 926 2136 mox
952 2102 1020 2136 alia
1047 2102 1312 2144 subsecuntur3
1339 2115 1406 2136 nec
1441 2110 1493 2136 tot
1525 2103 1761 2149 implexarum
1797 2103 2029 2148 questionum
2065 2102 2151 2136 nodi

278 2168 466 2203 decisione
490 2168 690 2215 apostolica
715 2169 808 2203 solvi
834 2176 1001 2215 possunt,
1024 2169 1112 2215 quin
1138 2176 1174 2203 et
1197 2169 1266 2203 alie
1291 2169 1430 2203 irretite
1455 2176 1491 2203 et
1516 2169 1656 2203 nodose
1677 2170 1950 2215 superveniant,
1972 2169 2152 2203 delibera-

278 2235 377 2269 tione
398 2241 535 2269 matura
555 2241 592 2268 et
610 2230 777 2270 consulta
803 2235 1020 2269 diffinitione
1045 2236 1235 2270 solvende.
1258 2237 1371 2270 Immo
1393 2248 1436 2270 ex
1456 2248 1528 2282 quo
1550 2236 1595 2270 de
1615 2236 1849 2277 instantibus,
1872 2236 2095 2277 difficilibus,
2117 2242 2151 2269 et

277 2300 447 2336 obscuris
474 2300 671 2335 dubietatis
697 2301 890 2347 caliginem
918 2301 1032 2336 verbo
1059 2314 1125 2336 sue
1155 2302 1412 2336 declarationis
1443 2303 1630 2344 amoverit,
1660 2303 1777 2336 statim
1811 2314 1903 2335 nova
1931 2309 1966 2335 et
1993 2302 2150 2335 recentia

277 2366 486 2402 turbulenta
506 2368 684 2414 ingruunt
706 2367 907 2414 apostolico
933 2367 1168 2402 dilucidando
1193 2368 1340 2402 oraculo
1361 2375 1397 2402 et
1416 2368 1599 2414 ambiguis
1619 2381 1658 2402 ac
1680 2369 1830 2402 incertis
1851 2368 2034 2402 mentibus
2054 2368 2150 2402 clare

277 2434 512 2469 dissertionis
541 2433 679 2467 lumine
705 2433 920 2468 serenanda.
947 2435 1100 2480 Propter
1124 2435 1222 2480 quod
1248 2435 1345 2468 inest
1369 2436 1530 2469 Romano
1550 2435 1702 2468 antistiti
1723 2435 1932 2469 sollicitudo
1957 2436 2038 2468 sine
2061 2435 2150 2477 otio,

277 2499 381 2535 labor
406 2500 486 2534 sine
515 2500 651 2546 quiete,
677 2500 866 2546 occupatio
892 2500 972 2534 sine
996 2501 1196 2542 vacatione,
1222 2501 1433 2535 exercitium
1460 2501 1540 2535 sine
1565 2501 1774 2547 tranquillo,
1802 2502 1934 2547 ingens
1961 2508 1997 2535 et
2023 2501 2149 2536 sedula

277 2566 462 2601 meditatio
490 2573 527 2601 et
554 2566 678 2613 vigilia
708 2567 788 2601 sine
818 2579 985 2613 sompno.
1017 2568 1090 2601 Nec
1116 2567 1161 2601 ad
1186 2567 1369 2601 modicum
1397 2568 1501 2602 etiam
1533 2579 1597 2602 sua
1625 2568 1805 2602 cotidiana
1839 2569 2148 2602 intermissionem

276 2632 385 2668 habet
403 2633 586 2675 instantia,
608 2645 679 2679 que
704 2645 771 2667 nec
797 2634 975 2668 omittitur
999 2634 1121 2680 aliquo
1147 2641 1322 2680 tempore,
1345 2646 1412 2668 nec
1436 2634 1584 2680 aliquod
1610 2635 1687 2681 ipsa
1712 2641 1856 2681 tempus
1877 2635 2022 2677 omittit,
2043 2643 2151 2681 urget

275 2700 464 2740 continue;
492 2700 576 2746 quia
600 2700 786 2746 cogitandi
816 2701 963 2734 materia
995 2712 1141 2747 semper
1171 2701 1286 2743 adest,
1314 2713 1380 2734 nec
1410 2713 1586 2735 successu
1610 2702 1786 2748 temporis
1812 2701 1959 2743 desinit,
1981 2702 2046 2736 sed
2067 2714 2147 2736 cum

274 2765 375 2800 illius
401 2766 638 2801 diuturnitate
668 2767 854 2813 perdurat,
882 2767 966 2814 quia
994 2779 1060 2801 nec
1090 2767 1248 2801 decursu
1277 2774 1480 2814 temporum
1509 2768 1684 2802 deficiunt
1712 2769 1872 2815 negotia,
1902 2769 1967 2803 sed
2002 2769 2149 2803 assidue

275 2831 350 2867 inis
373 2832 658 2868 succedentibus
683 2841 936 2868 renascuntur.
963 2835 1049 2868 Nam
1076 2841 1112 2868 et
1135 2833 1252 2868 hostis
1277 2835 1448 2880 antiquus
1472 2841 1625 2881 argutus
1654 2835 1801 2881 quidem
1829 2836 2021 2870 insidiator
2049 2836 2149 2869 calli-

275 2898 419 2945 dusque
447 2899 622 2946 deceptor
645 2900 844 2934 animarum
870 2900 1098 2935 vehementis
1123 2907 1159 2935 et
1183 2901 1345 2935 ardentis
1370 2901 1631 2935 sollicitudinis
1656 2914 1799 2936 causam
1826 2902 1966 2948 prebet,
1994 2902 2148 2936 humane

274 2965 411 3012 quippe
436 2966 535 3012 pacis
561 2966 718 3008 emulus,
744 2967 902 3001 fraterne
927 2967 1075 3002 invidus
1100 2968 1274 3010 caritatis,
1299 2968 1520 3002 divisionum
1546 2975 1658 3011 actor,
1680 2969 1878 3015 dissipator
1902 2969 2091 3010 unionum,
2114 2976 2149 3003 et
