2580 3528
492 417 555 449 512
1071 419 1387 444 CHARTULARIUM
1422 416 1611 439 uxivssns.
1648 415 1776 437 rAnts.
2266 404 2365 446 [1274

911 511 946 533 De
961 512 1163 541 procuratorum
1178 507 1329 539 provisione
1345 505 1462 529 facienda
1479 504 1548 527 circa
1565 505 1660 527 festum
1675 502 1745 526 beati
1760 502 1947 526 Bartholomei.

585 584 641 617 Illi
667 595 752 617 vero
777 583 821 615 de
847 583 938 614 sesto
965 581 1059 613 beati
1086 578 1330 612 Bartholomei
1358 582 1527 609 tenentur
1552 574 1746 620 providere
1771 574 1816 607 de
1841 574 1954 620 lignis
1979 574 2051 607 nisi
2075 573 2119 607 ab
2148 573 2229 607 aliis
2258 572 2368 606 fuerit

497 651 682 698 provisum
713 657 748 683 et.
777 650 821 682 de
850 654 991 693 agresta
1022 646 1184 679 facienda
1215 644 1286 677 nisi
1312 641 1639 688 predecessoribus
1665 641 1743 674 suis
1767 641 1995 674 occurrerint
2022 641 2198 682 facienda,
2225 646 2261 673 et
2285 652 2367 686 pre-

497 719 602 764 cipue
631 718 668 750 in
697 715 890 750 vindemiis
926 715 969 746 de
1000 713 1164 752 salinato,
1196 717 1319 756 rapeto
1354 716 1388 742 et
1422 709 1503 741 aliis
1532 708 1627 741 vinis
1664 708 1866 741 secundum
1896 707 2175 753 possibilitatem
2212 707 2366 753 pecunie

497 792 533 819 et
560 785 640 818 aliis
657 795 726 829 que
757 782 982 815 occurrerint
1005 779 1179 812 facienda.

956 878 991 901 Dr
1006 877 1157 908 provisione
1171 883 1315 907 parvorum
1330 877 1532 906 procuratorum
1549 872 1715 896 existentium
1728 872 1798 896 circa
1812 873 1913 896 Natale.

587 953 642 985 Illi
673 963 758 985 vero
790 951 833 982 de
865 949 977 982 Natali
1008 954 1178 980 tenentur
1207 946 1401 991 providere
1432 956 1497 990 pro
1528 944 1814 989 Quadragesima
1845 944 1889 976 de
1919 943 2024 989 pisis,
2054 942 2255 982 halecibus,
2285 953 2368 988 spe-

496 1019 620 1053 ciebus
651 1025 686 1050 et
714 1018 794 1050 aliis
825 1015 1023 1049 secundum
1056 1013 1154 1059 quod
1184 1020 1326 1058 tempus
1356 1012 1530 1057 requiret.

860 1114 895 1136 De
910 1113 1018 1135 collecta
1034 1120 1082 1143 pro
1098 1110 1282 1134 communibus
1298 1110 1419 1141 expensis
1435 1109 1618 1141 persolvendis
1634 1113 1751 1141 tempore
1766 1108 1854 1132 debito
1870 1108 1998 1132 facienda.

585 1188 672 1220 ltem
708 1186 816 1218 iidem
855 1190 1024 1217 tenentur
1058 1183 1175 1215 facere
1213 1181 1414 1215 secundum
1450 1181 1595 1214 modum
1637 1187 1853 1214 consuetum
1889 1179 2078 1212 collectam
2115 1179 2160 1212 de
2196 1178 2368 1224 expensis

495 1248 760 1293 communibus,
794 1251 933 1284 scilicet
962 1250 1073 1295 lignis
1104 1261 1170 1294 pro
1200 1248 1292 1289 aula,
1321 1248 1477 1281 servicio
1507 1247 1737 1288 famulorum,
1770 1247 1924 1292 mappis,
1954 1246 2194 1291 manutergiis
2223 1252 2260 1278 et
2287 1245 2368 1278 aliis

498 1319 705 1365 hujusmodi
736 1318 885 1359 vocatis,
915 1323 1069 1362 quatuor
1097 1315 1155 1349 vel
1187 1315 1348 1360 quinque
1379 1315 1490 1348 sociis
1521 1311 1692 1347 discretis
1722 1325 1847 1359 parum
1878 1320 1962 1359 post
1989 1312 2126 1354 Natale,
2150 1319 2190 1345 ut
2217 1311 2369 1346 collecta

496 1387 703 1432 perintegre
733 1385 858 1418 saltem
897 1390 977 1416 ante
1015 1382 1224 1415 brandones
1260 1382 1434 1415 solvatur.
1475 1381 1602 1414 Socios
1639 1388 1756 1414 autem
1788 1392 1853 1426 pro
1890 1392 1984 1413 anno
2021 1379 2084 1412 illo
2119 1385 2302 1412 morantes
2331 1378 2368 1412 in

497 1454 602 1486 domo
626 1451 913 1498 presencialiter,
939 1450 996 1483 vel
1018 1449 1189 1482 absentes
1210 1449 1271 1494 qui
1293 1461 1359 1494 pro
1381 1460 1420 1482 se
1441 1448 1576 1481 habent
1600 1448 1637 1480 in
1658 1448 1766 1480 domo
1787 1446 2067 1492 respondentes,
2095 1446 2213 1479 solum
2234 1451 2371 1491 ponant

495 1520 539 1553 ad
560 1519 758 1553 collectam.
788 1518 823 1551 Si
845 1524 962 1550 autem
984 1517 1087 1558 alios,
1120 1517 1182 1561 qui
1208 1515 1379 1549 absentes
1404 1515 1541 1548 fuerint
1566 1527 1630 1560 per
1654 1521 1767 1548 totum
1789 1526 1937 1555 annum,
1968 1514 2012 1547 ad
2042 1513 2229 1546 collectam
2251 1512 2369 1558 aliqua

495 1588 539 1620 de
570 1598 676 1619 causa
707 1586 890 1630 deponere
920 1584 1115 1625 voluerint,
1154 1590 1190 1616 et
1225 1583 1255 1616 si
1294 1583 1338 1616 de
1373 1582 1481 1615 bonis
1511 1582 1589 1615 suis
1620 1582 1656 1614 in
1687 1582 1795 1614 domo
1825 1581 2030 1622 habuerint,
2068 1580 2136 1613 hoc
2166 1580 2275 1613 modo
2305 1591 2369 1613 eos

496 1660 631 1699 ponant
667 1652 764 1697 quod
800 1651 868 1684 hoc
905 1652 951 1684 sit
986 1651 1078 1684 ultra
1116 1662 1292 1683 summam
1330 1650 1367 1682 in
1404 1649 1555 1682 collecta
1598 1648 1817 1694 ponendam,
1857 1654 1897 1681 ut
1934 1659 2079 1692 semper
2117 1647 2196 1680 sine
2235 1645 2370 1679 debitis

497 1720 648 1765 pecunia
679 1719 842 1752 societati
879 1718 1045 1763 deputata
1082 1718 1119 1749 in
1156 1717 1335 1762 compotis
1373 1716 1675 1762 procuracionum
1711 1722 1783 1748 tota
1818 1714 1959 1760 integra
1994 1721 2063 1747 tam
2101 1714 2138 1746 in
2175 1713 2370 1746 denariatis

496 1799 599 1831 quam
631 1786 667 1818 in
698 1785 850 1831 pecunia
888 1785 982 1818 sicca
1020 1790 1215 1825 remaneat,
1253 1796 1298 1816 ne
1329 1783 1537 1828 indigencia
1567 1782 1721 1828 pecunie
1758 1788 1793 1815 et
1822 1781 2027 1814 debitorum
2059 1781 2204 1814 racione
2233 1780 2370 1814 utilitas
2401 1765 2412 1791 '³

496 1853 680 1886 societatis
719 1852 934 1885 retardetur.
975 1853 1056 1884 Non
1097 1851 1283 1884 solventes
1321 1857 1439 1883 autem
1479 1849 1667 1882 collectam
1705 1848 1860 1882 termino
1897 1854 2029 1881 statuto
2068 1847 2289 1880 tenebuntur
2326 1846 2370 1880 ad

498 1920 684 1952 emendam
716 1925 938 1959 consuetam,
971 1930 1077 1963 quam
1108 1918 1320 1951 estimamus
1350 1917 1396 1962 xij
1429 1916 1661 1950 denariorum
1687 1927 1753 1961 pro
1779 1915 1922 1948 defectu
1945 1914 2061 1960 prime
2086 1914 2171 1956 diei,
2201 1920 2237 1947 et
2260 1913 2370 1947 unius
2407 1906 2412 1911 ’

497 1987 635 2019 denarii
666 1998 730 2031 pro
762 1986 904 2019 defectu
935 1985 1132 2030 cujuslibet
1161 1985 1234 2017 diei
1265 1983 1538 2029 subsequentis.

848 2084 883 2106 De
898 2083 955 2114 lege
971 2083 1128 2106 emendandi
1142 2085 1168 2106 et
1183 2082 1306 2106 emendas
1321 2081 1489 2113 persolvendi
1505 2081 1596 2104 eadem
1610 2084 1665 2104 tam
1680 2080 1782 2104 absenti
1798 2088 1878 2112 quam
1891 2079 2017 2111 presenti.

587 2155 692 2197 Quod
723 2161 839 2187 autem
872 2154 1097 2199 prediximus
1134 2154 1178 2186 de
1216 2153 1381 2186 emendis
1415 2164 1488 2185 non
1526 2151 1751 2185 solvencium
1786 2157 1855 2184 tam
1893 2151 2034 2184 rotulos
2065 2162 2170 2195 quam
2200 2149 2372 2183 collectas

503 2228 537 2254 et
575 2221 693 2254 onmia
733 2221 799 2254 alia
839 2221 958 2254 debita
998 2222 1034 2253 in
1074 2219 1208 2265 quibus
1248 2220 1339 2253 socii
1378 2218 1615 2264 particulares
1654 2217 1876 2251 tenebuntur
1915 2217 2092 2259 societati,
2131 2216 2372 2262 intelligimus

499 2288 623 2320 eadem
660 2287 741 2333 lege
779 2288 893 2320 teneri
928 2294 997 2320 tam
1035 2287 1206 2320 absentes
1243 2299 1348 2331 quam
1380 2292 1585 2331 presentes,
1621 2286 1675 2318 et⁶
1711 2285 1780 2318 hoc
1807 2291 1847 2317 ut
1876 2285 1949 2317 sint
1981 2291 2171 2329 antequam
2203 2283 2374 2317 recedant

497 2354 643 2387 solliciti
677 2354 875 2399 inquirere,
907 2354 950 2387 ad
982 2366 1052 2399 que
1083 2360 1265 2394 tenentur,
1298 2360 1334 2386 et
1363 2353 1507 2386 solvere
1537 2352 1595 2385 vel
1627 2351 1752 2385 saltem
1785 2351 1927 2397 aliquos
1958 2351 2080 2384 socios
2110 2363 2176 2396 pro
2206 2362 2246 2383 se
2268 2349 2375 2383 relin-

500 2433 611 2462 quere
643 2421 703 2466 qui
735 2433 799 2465 pro
830 2421 883 2453 eis
914 2421 1161 2466 respondeant
1190 2427 1225 2453 et
1255 2420 1475 2453 satisfaciant
1504 2419 1551 2452 ita
1582 2419 1779 2465 diligenter
1809 2419 1903 2452 sicut
1931 2430 1997 2463 pro
2027 2430 2067 2451 se
2096 2417 2223 2463 ipsis'.

576 2519 689 2549 Explicit
703 2527 765 2549 pars
781 2519 860 2542 rotuli
876 2519 998 2542 secunda.
1017 2519 1112 2550 Incipit
1125 2527 1189 2550 pars
1205 2518 1285 2542 rotuli
1300 2518 1377 2541 tertia
1392 2521 1417 2541 et
1432 2518 1533 2542 ultima.
1550 2518 1585 2541 De
1601 2517 1687 2541 officio
1699 2517 1831 2549 janitoris.
1849 2517 1881 2540 Et
1895 2516 1982 2548 primo
1997 2516 2029 2539 de
2043 2515 2099 2547 ejus
2114 2515 2208 2538 curiali
2222 2514 2300 2538 modo

1163 2563 1350 2594 respondendi,
1368 2563 1479 2586 vocandi
1494 2563 1535 2586 vel
1550 2562 1712 2594 requirendi.

594 2632 687 2664 Ista⁸
726 2639 821 2674 sunt,
860 2646 929 2677 que
968 2641 1110 2666 tenetur
1136 2635 1273 2679 janitor
1306 2635 1436 2667 facere.
1475 2634 1595 2666 Primo
1630 2639 1775 2666 tenetur
1811 2631 1962 2665 cuilibet
1994 2631 2155 2665 venienti
2191 2629 2375 2663 curialiter

509 2698 744 2742 respondere,
783 2706 818 2731 et
853 2700 883 2732 si
920 2700 981 2732 ille
1018 2700 1173 2745 aliquem
1211 2701 1349 2733 socium
1389 2701 1432 2733 de
1471 2701 1578 2734 domo
1617 2699 1781 2746 pecierit,
1819 2698 1920 2731 illum
1958 2709 2112 2743 querere
2149 2696 2207 2730 vel
2246 2708 2374 2730 vocare

508 2771 662 2805 tenetur⁷
694 2765 763 2797 nisi
794 2766 902 2798 suerit
937 2766 1067 2810 aliquis
1105 2767 1269 2808 scolaris,
1309 2779 1373 2812 pro
1411 2780 1482 2812 quo
1521 2767 1591 2800 sibi
1628 2766 1835 2812 specialiter
1871 2764 2002 2810 aliquis
2039 2764 2162 2797 socius
2192 2763 2236 2796 de
2266 2763 2374 2796 domo

508 2831 722 2875 preceperit,
755 2837 793 2863 ut
822 2831 866 2863 ad
897 2833 975 2875 ejus
1005 2844 1180 2865 cameram
1211 2833 1366 2866 liberum
1398 2834 1515 2879 possit
1544 2833 1677 2866 habere
1708 2843 1909 2866 accessum.
