2580 3528
287 403 384 445 1256]
622 413 670 435 AB
703 412 812 434 Anno
846 411 925 435 nce
959 411 1091 440 usqua
1126 411 1175 432 An
1210 410 1440 433 PHlLtPt‘UM
1476 411 1516 432 iv
1551 411 1639 433 nso.
1676 411 1813 433 rame.
2090 404 2156 436 345

284 483 377 527 (nam
411 489 447 516 et
480 482 671 522 Dominus,
707 480 934 515 ministrante
968 492 1008 513 ac
1043 486 1216 526 operante
1251 479 1402 520 Martha,
1439 479 1551 512 Marie
1585 479 1816 521 audientiam,
1853 482 2085 515 attentionem
2122 489 2154 515 et

284 548 444 583 studium
465 548 559 582 circa
579 547 730 582 verbum
759 547 876 593 ipsius
901 547 1074 592 precipue
1101 545 1390 589 commendavit),
1418 557 1483 590 per
1507 545 1606 590 quod
1631 545 1770 590 liquido
1797 552 1905 591 patet,
1927 547 2023 591 quod
2046 548 2153 580 iidem

282 616 413 650 fratres
437 615 483 648 ad
506 614 728 660 operandum
755 614 834 647 suis
860 613 1026 647 manibus
1050 624 1125 646 non
1154 618 1324 646 tenentur
1346 624 1353 645 x
1377 611 1577 657 quinimmo
1606 612 1637 644 si
1665 611 1736 645 hiis
1765 612 1986 645 intermissis
2016 613 2156 647 labora-

283 688 365 716 rent
397 681 578 722 manibus,
610 681 750 727 potiora
782 680 908 725 utique
946 692 986 713 ac
1025 679 1169 713 utiliora
1208 679 1243 712 in
1288 679 1427 712 minora
1461 678 1655 724 minusque
1690 678 1790 712 utilia
1825 691 1933 724 opera
1969 691 2041 712 non
2077 680 2155 713 sine

282 748 480 782 animarum
506 747 700 793 dispendio
725 753 1006 787 commutarent3
1040 746 1316 779 considerantes
1341 745 1461 782 etiam,
1488 745 1585 790 quod
1611 745 1839 790 reliquerunt
1863 746 1982 778 onmia
2009 753 2156 791 propter

284 816 412 856 Deum,
453 814 559 848 exilia
596 814 669 847 vite
708 813 871 847 subsidia
911 812 1106 846 salubriter
1140 812 1402 853 mendicantes,
1438 811 1698 856 Christumque
1733 823 1927 857 pauperem
1970 812 2156 846 imitentur

283 881 543 928 perfectionem
571 880 816 926 evangelicam
843 879 1095 926 amplexando,
1123 891 1166 912 ex
1192 891 1264 924 quo
1292 878 1481 912 evidenter
1506 884 1667 924 apparet,
1698 878 1795 923 quod
1825 878 1862 911 in
1892 885 1985 912 statu
2015 878 2156 912 salvan-

283 948 412 982 dorum
447 948 615 988 existant,
655 953 691 980 et
728 958 794 992 per
831 958 896 980 sue
935 945 1127 992 religionis
1164 945 1444 986 observantiam,
1481 956 1551 990 que
1586 944 1731 989 quidem
1767 945 1885 990 ipsius
1920 945 2155 990 perfectionis

283 1013 494 1060 evangelice
514 1020 613 1047 tenet
631 1014 795 1054 formam,
818 1019 942 1046 eterna
963 1012 1099 1058 premia
1120 1018 1395 1057 promerentur;
1424 1017 1620 1056 pensantes
1641 1011 1804 1056 insuper,
1827 1011 1925 1056 quod
1946 1011 1990 1044 de
2011 1011 2154 1045 licentia

281 1080 340 1115 vel
359 1080 619 1115 commissione
644 1086 704 1113 aut
728 1079 968 1113 concessione
995 1078 1145 1112 Romani
1171 1077 1354 1124 pontificis
1380 1089 1446 1111 seu
1470 1077 1673 1124 legatorum
1699 1078 1779 1123 ejus
1803 1077 1861 1111 vel
1887 1078 2153 1111 ordinariorum

282 1148 446 1192 locorum
476 1147 574 1180 licite
602 1147 744 1192 possint
772 1146 959 1192 predicare
980 1145 1126 1191 populis
1153 1151 1188 1178 et
1213 1144 1467 1178 consessiones
1494 1144 1620 1177 audire
1648 1156 1687 1177 ac
1716 1144 1934 1189 penitentias
1962 1144 2154 1191 injungere

283 1214 510 1248 salutares⁸t
533 1220 657 1246 contra
685 1224 825 1253 omnes,
852 1212 914 1257 qui
942 1211 1118 1245 adversus
1146 1211 1330 1256 predictos
1360 1211 1490 1243 fratres
1517 1210 1626 1243 stulte
1652 1210 1689 1243 in
1717 1210 1763 1243 iis
1788 1217 1824 1243 et
1848 1211 2050 1255 improvide
2071 1218 2155 1244 sunt

282 1280 408 1322 locuti,
429 1279 622 1313 efficaciter
649 1279 797 1324 procedi
820 1278 1091 1311 mandavimus‘
1118 1288 1321 1323 gravesque
1342 1277 1433 1322 ipsis
1454 1288 1565 1322 penas
1587 1276 1717 1322 infligi,
1740 1277 1810 1310 nisi
1832 1289 1897 1322 per
1917 1277 2154 1311 sufficientem

282 1346 565 1381 satisfactionem
587 1344 658 1379 sihi
679 1345 850 1378 duxerint
868 1344 1038 1377 celeriter
1057 1342 1337 1376 consulendum.
1366 1342 1544 1375 Libellum
1570 1343 1676 1375 etiam
1697 1343 1888 1388 quemdam
1909 1343 2013 1376 valde
2035 1345 2156 1389 perni-

281 1413 421 1447 ciosum
449 1419 485 1446 et
510 1411 762 1445 detestabilem
790 1417 926 1444 temere
953 1410 998 1443 de
1028 1421 1123 1443 novo
1150 1409 1392 1454 compositum
1417 1415 1501 1454 post
1525 1408 1666 1454 plenam
1695 1409 1812 1454 ipsius
1840 1410 2154 1452 examinationem,

281 1479 366 1526 quia
394 1479 432 1512 in
461 1490 505 1512 eo
532 1478 686 1524 quedam
713 1484 838 1510 contra
865 1476 1112 1510 auctoritatem
1142 1475 1293 1509 Romani
1320 1474 1503 1520 pontificis
1531 1482 1566 1508 et
1592 1475 1894 1520 coepiscoporum
1925 1488 2089 1518 suorum,
2121 1484 2157 1510 et

281 1545 400 1591 aliqua
429 1551 555 1579 contra
589 1543 782 1578 salutarem
817 1554 1016 1589 pauperum
1050 1554 1115 1575 seu
1151 1541 1433 1575 mendicantium
1468 1540 1726 1587 religiosorum
1763 1548 1907 1582 statum,
1943 1542 2038 1575 sicut
2071 1549 2156 1576 sunt

280 1612 410 1646 fratres
440 1611 582 1658 prefati,
613 1622 652 1644 ac
681 1610 749 1644 alia
779 1609 880 1656 plura
912 1609 1046 1643 nefaria
1079 1615 1116 1642 et
1145 1619 1318 1654 perversa
1347 1607 1537 1640 manifeste
1566 1607 1811 1653 comperimus
1840 1608 2041 1649 contineri;
2073 1621 2153 1642 cum

280 1678 387 1713 etiam
429 1678 552 1724 gravis
595 1676 756 1711 scandali
797 1674 1030 1710 seminarium
1071 1682 1107 1709 et
1146 1675 1295 1708 materia
1333 1674 1445 1707 multe
1486 1673 1705 1707 turbationis
1744 1674 1917 1707 existeret
1947 1686 1954 1707 :
1987 1681 2153 1720 tanquam

280 1731 459 1791 iniquum,
488 1744 684 1778 scelestum
715 1750 750 1777 et
779 1742 1020 1777 execrabilem
1047 1742 1092 1775 de
1118 1742 1267 1775 fratrum
1295 1747 1504 1774 nostrorum
1533 1740 1689 1774 consilio
1716 1741 1928 1774 auctoritate
1957 1741 2154 1786 apostolica

280 1810 551 1858 reprobandum
577 1810 748 1844 duximus
773 1816 809 1844 et
833 1810 870 1843 in
895 1815 1109 1855 perpetuum
1139 1807 1495 1853 condempnandum,
1526 1807 1874 1840 excommunicando
1899 1814 2064 1850 cunctos,
2093 1809 2153 1854 qui

279 1877 445 1912 libellum
473 1878 592 1924 ipsum
613 1876 819 1919 habuerint,
845 1876 917 1910 nisi
942 1888 1024 1926 eum
1050 1875 1142 1908 infra
1167 1881 1248 1908 octo
1275 1874 1368 1916 dies,
1395 1886 1439 1907 ex
1463 1885 1535 1919 quo
1560 1873 1771 1919 hujusmodi
1797 1881 1955 1907 nostram
1982 1874 2155 1920 reproha-

280 1944 416 1979 tionem
437 1950 474 1978 et
496 1943 860 1990 condempnationem
887 1942 1072 1984 sciverint,
1102 1941 1309 1975 curaverint
1333 1941 1479 1986 penitus
1508 1939 1668 1973 abolere.
1697 1940 1857 1986 Ideoque
1881 1941 2152 1975 universitatem

279 2017 452 2053 vestram,
481 2022 587 2056 quam
616 2010 806 2044 affectione
836 2015 985 2055 paterna
1013 2008 1283 2054 prosequimur,
1318 2007 1540 2053 requirimus
1574 2013 1610 2040 et
1642 2005 1828 2040 hortamur
1857 2019 1923 2053 per
1956 2007 2153 2053 apostolica

280 2075 387 2124 vobis
411 2077 545 2122 scripta
573 2076 785 2110 mandantes
810 2075 981 2122 quatinus
1007 2075 1101 2109 sicut
1126 2074 1195 2108 viri
1221 2073 1421 2120 prudentes
1448 2073 1651 2119 cogitantes
1677 2073 1847 2115 discrete,
1874 2074 1972 2119 quod
1994 2075 2094 2120 juste
2114 2087 2153 2108 ac

281 2142 392 2189 digne
418 2143 666 2189 processimus
691 2143 728 2176 in
753 2142 958 2189 premissis,
985 2148 1020 2175 et
1046 2141 1145 2187 quod
1169 2147 1325 2175 vestram
1351 2140 1389 2173 in
1413 2139 1482 2173 hoc
1503 2139 1691 2173 utilitatem
1719 2140 1857 2185 operati
1885 2152 2011 2174 sumus
2032 2141 2153 2187 depri-

280 2208 414 2242 mendo
448 2209 705 2243 Universitatis
745 2209 910 2254 ejusdem
944 2215 1014 2242 tam
1050 2208 1179 2241 noxios
1213 2206 1432 2247 turbatores,
1472 2218 1512 2239 ac
1547 2205 1677 2239 exinde
1712 2206 1846 2251 pariter
1879 2207 2152 2252 congaudentes

279 2275 452 2309 virtutum
481 2280 517 2309 et
543 2275 695 2309 scientie
723 2275 844 2309 studio
870 2274 1119 2320 principaliter
1145 2273 1354 2315 intendatis,
1383 2279 1526 2306 vestros
1551 2272 1595 2305 ad
1622 2271 1690 2305 hoc
1720 2272 1870 2305 affectus
1897 2280 2152 2307 convertentes

281 2340 440 2375 totaliter
463 2347 499 2375 et
523 2341 721 2383 firmantes,
747 2353 766 2375 a
791 2340 1091 2382 detractionibus,
1118 2339 1416 2374 oblocutionibus
1442 2345 1478 2372 et
1501 2337 1642 2371 dolosis
1668 2338 1969 2383 persuasionibus
1989 2351 2096 2373 aures
2117 2347 2152 2374 et

279 2408 421 2442 animos
454 2407 665 2449 avertendo,
700 2414 736 2441 et
769 2406 937 2441 evitando
971 2418 1011 2441 ac
1045 2405 1258 2452 repellendo
1292 2405 1441 2451 longius
1475 2404 1672 2438 seditiosos
1707 2410 1742 2437 et
1776 2404 2003 2449 perniciosos
2037 2406 2150 2448 viros,

280 2473 415 2520 quibus
440 2485 606 2508 amenum
634 2480 670 2508 et
696 2473 911 2507 deliciosum
939 2484 1023 2507 esse
1047 2472 1191 2507 videtur
1216 2471 1427 2506 adinvenire
1453 2470 1706 2504 dissensiones
1732 2477 1768 2504 et
1793 2470 1996 2506 discordias
2021 2485 2152 2518 procu-

279 2551 371 2574 rare.
393 2540 445 2574 Ac
466 2540 696 2586 supradictos
720 2540 850 2574 fratres
876 2546 1041 2586 tanquam
1067 2545 1235 2584 acceptos
1256 2537 1392 2572 Christi
1414 2537 1601 2570 ministros
1629 2543 1664 2570 et
1684 2536 1950 2571 intercessores
1970 2538 2014 2572 ad
2035 2540 2148 2573 Deum

280 2618 345 2653 pro
376 2606 512 2653 populo
541 2606 706 2641 efficaces
735 2606 911 2640 habentes
940 2605 1113 2640 attentius
1141 2604 1414 2638 commendatos
1444 2602 1556 2636 nullis
1585 2614 1649 2636 cos
1678 2603 1817 2637 vexetis
1846 2610 1905 2638 aut
1940 2605 2150 2651 inquietetis

278 2672 470 2715 molestiis,
499 2673 565 2707 sed
596 2685 661 2719 pro
695 2673 816 2707 divina
849 2679 884 2707 et
916 2678 1038 2706 nostra
1073 2671 1276 2706 reverentia
1306 2681 1445 2716 sueque
1479 2681 1581 2703 sacre
1610 2668 1802 2715 religionis
1831 2670 1962 2705 intuitu
1995 2672 2149 2707 fraterna

278 2738 380 2785 ipsos
399 2740 672 2786 prosequamini
693 2739 852 2782 caritate,
880 2751 919 2773 ac
944 2739 1015 2785 piis
1038 2745 1159 2773 vestre
1186 2736 1441 2771 benevolentie
1467 2735 1652 2782 sum-agiis
1672 2736 1837 2777 foveatis,
1861 2737 1943 2782 quia
1964 2750 2007 2772 ex
2027 2738 2095 2773 hoc
2116 2747 2150 2773 et

280 2805 535 2840 retributorem
571 2805 751 2840 bonorum
786 2806 947 2840 omnium
982 2805 1145 2839 reddetis
1178 2803 1284 2838 vobis
1317 2803 1434 2850 magis
1468 2802 1679 2848 propitium,
1718 2809 1755 2836 et
1792 2803 1949 2837 savorem
1985 2812 2147 2839 nostrum

279 2870 424 2918 plenius
450 2873 660 2919 acquiretis.
688 2872 745 2907 Ad
771 2872 837 2906 hec
865 2872 948 2919 quia
975 2872 1135 2906 studium
1166 2871 1203 2905 in
1232 2870 1376 2905 civitate
1406 2868 1566 2915 predicta
1594 2868 1747 2902 faciente
1777 2870 1932 2904 Domino
1963 2873 2149 2917 prosperis

279 2948 425 2984 semper
444 2939 604 2973 excrevit
621 2939 827 2986 augmentis
848 2945 884 2973 et
903 2939 1061 2985 optimos
1086 2937 1257 2984 produxit
1281 2937 1445 2978 effectus,
1471 2934 1568 2969 unde
1595 2934 1802 2969 nullatenus
1823 2937 2010 2982 expediret
2031 2938 2146 2983 ipsum

403 2996 500 3022 onan.
523 2996 600 3022 Univ-
619 2996 714 3022 Paris.
732 2997 752 3021 Ι.
1995 2996 2024 3018 lali
