2580 3528
216 409 322 450 12841
562 418 609 441 ΑΒ
642 418 749 440 anno
783 417 861 441 uec
895 418 1028 447 tisoni:
1062 418 1112 440 An
1147 418 1375 441 PHILIPPL’M
1410 419 1450 441 1v
1485 420 1573 442 nso.
1611 421 1747 444 rimae.
2025 414 2091 446 615

213 493 369 526 tationes
407 491 520 526 multe
558 491 852 538 perturbationes
890 492 1111 537 proveniunt
1148 492 1185 525 in
1225 492 1347 526 studio
1386 493 1598 535 parisiensi,
1634 494 1789 527 dicimus
1829 496 1926 540 quod
1965 497 2089 530 artiste

213 575 288 597 non
307 563 473 596 nituntur
493 562 538 596 ad
557 562 646 605 hoc3
674 574 742 596 nec
770 569 920 608 propter
946 574 1073 596 eorum
1098 563 1434 609 interpretationem
1462 564 1756 609 perturbationes
1784 567 2002 610 proveniunt
2022 580 2089 601 nec

213 635 461 676 provenerunt
487 629 525 662 in
552 629 688 663 studio.
718 629 790 662 Sed
817 629 896 675 ipse
924 629 1183 675 interpretatur
1206 641 1260 671 ea,
1285 629 1380 663 sicut
1405 629 1624 663 declaratum
1654 637 1709 664 est
1734 632 1922 676 superius;
1950 644 1992 665 ex
2019 645 2087 678 qua

213 708 278 730 sua
294 696 594 742 interpretatione
614 702 787 742 poterunt
802 696 997 741 provenire
1017 708 1083 742 per
1099 696 1300 742 predictum
1323 695 1578 730 cancellarium
1596 697 1890 742 perturbationes
1911 699 1948 731 in
1969 700 2090 732 studio

213 762 424 804 Parisiensi,
451 763 523 796 nisi
548 763 662 804 Deus,
685 762 847 795 omnium
870 762 1083 808 dispositor,
1108 769 1144 796 et
1167 774 1248 804 vos,
1274 769 1376 808 pater
1400 770 1536 805 sancte,
1561 764 1623 809 qui
1649 763 1768 797 locum
1793 765 1872 809 ejus
1896 766 2028 798 tenetis
2054 766 2089 798 in

213 829 335 871 terris,
356 828 527 862 celeriter
547 840 659 875 super
678 828 748 862 hoc
769 829 813 862 ad
834 828 1025 862 utilitatem
1047 829 1159 862 studii
1179 828 1421 862 adhibueritis
1442 829 1656 863 remedium.

303 895 394 930 Cum
426 895 515 929 dicit
542 895 639 929 idem
670 895 910 929 cancellarius
939 902 1065 941 postea
1099 895 1206 941 quod,
1234 895 1359 929 artiste
1395 903 1633 930 cessaverunt
1661 903 1785 931 contra
1820 897 2023 944 privilegia,
2054 905 2093 932 ut

213 962 368 1008 imponit
387 962 454 1004 eis,
477 973 550 995 non
571 962 695 996 recolo
715 962 814 1007 quod
834 962 959 996 artiste
979 962 1204 996 cessaverint
1222 963 1259 995 in
1279 961 1402 1008 aliquo
1422 974 1522 1004 casu,
1539 963 1751 1009 accipiendo
1772 971 2026 1009 argumentum
2047 966 2090 998 ad

212 1028 282 1062 hoc
311 1028 516 1062 faciendum
547 1040 591 1062 ex
620 1028 835 1074 privilegi0;
866 1028 960 1062 bene
991 1035 1110 1062 tamen
1140 1028 1263 1063 recolo
1294 1029 1393 1074 quod
1421 1035 1494 1063 tota
1522 1030 1750 1064 Universitas
1781 1032 1938 1065 cessavit
1965 1044 1983 1065 a
2014 1033 2092 1066 suis

212 1094 448 1137 lectionibus,
471 1107 545 1128 non
573 1101 630 1129 est
656 1095 732 1137 diu,
753 1107 820 1141 pro
845 1095 977 1141 injuria
998 1095 1095 1129 illata
1115 1095 1194 1129 viro
1216 1095 1388 1138 discreto,
1411 1096 1447 1129 in
1468 1097 1746 1130 conversatione
1771 1097 1941 1140 honesto,
1963 1099 2000 1131 in
2020 1099 2091 1133 vita

212 1161 399 1204 laudabili,
421 1167 458 1195 et
477 1161 514 1194 in
534 1161 686 1195 scientia
707 1162 881 1195 eminenti
891 1163 923 1204 ¹⁷,
946 1161 1117 1196 videlicet
1138 1162 1312 1208 magistro
1336 1163 1496 1208 Hugoni,
1523 1163 1560 1196 in
1588 1163 1767 1197 medicina
1798 1165 1961 1210 regenti;
1984 1177 2088 1210 quam

213 1228 382 1274 injuriam
411 1227 615 1262 intulerunt
641 1227 712 1262 sibi
743 1228 876 1274 vigiles
906 1229 1134 1262 parisienses
1154 1229 1234 1262 sine
1259 1229 1413 1271 ratione,
1434 1229 1552 1274 primo
1582 1231 1662 1275 ejus
1683 1230 1841 1264 hostium
1872 1232 2089 1277 frangendo,

212 1294 333 1340 ipsum
354 1294 450 1328 circa
471 1293 604 1327 lectum
626 1306 732 1327 suum
754 1294 791 1327 in
819 1294 965 1328 camisia
991 1301 1026 1328 et
1052 1294 1172 1328 bracis
1202 1295 1311 1328 nudis
1338 1295 1454 1340 capite
1485 1302 1520 1329 et
1547 1296 1702 1341 pedibus
1728 1297 1956 1340 existentem,
1982 1310 2088 1332 manu

211 1360 370 1394 violenta
393 1360 591 1406 capiendo;
615 1367 699 1406 post
723 1367 921 1406 capturam,
948 1361 1034 1394 licet
1057 1372 1097 1394 se
1121 1373 1195 1394 non
1221 1368 1374 1406 poneret
1397 1362 1441 1394 ad
1462 1348 1662 1404 del'ensam,
1692 1364 1852 1409 graviter
1882 1371 1916 1398 et
1946 1365 2021 1398 sere
2046 1365 2090 1399 ad

213 1433 366 1461 mortem
387 1437 431 1460 ex
450 1427 524 1460 ictu
544 1426 733 1472 cujusdam
754 1426 855 1461 clave
874 1427 911 1460 in
931 1427 1047 1472 capite
1068 1427 1314 1469 vulnerando,
1337 1435 1419 1473 post
1438 1428 1572 1462 vulnus
1593 1429 1711 1474 ipsum
1728 1430 1907 1464 violenter
1927 1432 1971 1464 ad
1992 1432 2091 1477 pavi-

214 1500 375 1527 mentum
395 1493 465 1528 vici
486 1492 678 1535 trahendo,
699 1493 818 1539 ipsum
847 1493 983 1527 ibidem
1011 1493 1081 1527 sub
1108 1493 1265 1539 pedibus
1294 1505 1470 1539 equorum
1499 1506 1648 1528 suorum
1675 1496 1860 1538 calcando,
1884 1497 2090 1543 ipsumque,

214 1571 289 1594 non
309 1566 482 1606 percepto
501 1559 655 1594 vulnere
675 1559 719 1593 ab
740 1559 912 1593 omnibus
933 1560 1037 1606 ipsis,
1065 1560 1109 1593 ad
1135 1572 1317 1594 carcerem
1347 1560 1528 1594 ducendo.
1560 1563 1611 1595 Ex
1641 1574 1712 1607 quo
1743 1563 1987 1597 incarceratus
2017 1572 2093 1598 erat

214 1625 452 1672 reputandus,
470 1638 551 1660 cum
573 1638 592 1659 a
612 1626 824 1672 potentibus
845 1626 965 1672 ipsum
985 1626 1202 1660 incarcerari
1222 1626 1403 1660 violenter
1422 1627 1466 1661 ad
1486 1639 1668 1662 carcerem
1690 1629 1897 1663 duceretur.
1915 1631 2091 1676 Percepto

215 1699 336 1726 tamen
364 1691 516 1726 vulnere
545 1704 564 1726 a
593 1692 746 1726 custode
774 1692 942 1739 vigilum,
971 1699 1152 1726 cessatum
1180 1693 1248 1726 suit
1273 1692 1318 1726 ab
1343 1693 1508 1739 ejusdem
1533 1694 1705 1728 ductione
1735 1695 1772 1729 in
1802 1708 1995 1730 carcerem.
2018 1699 2092 1731 Nec

216 1758 445 1792 occasionem
466 1758 673 1792 habuerunt
691 1758 824 1805 vigiles
845 1759 932 1793 dicti
951 1758 1021 1792 hoc
1041 1758 1112 1793 sibi
1133 1759 1302 1801 faciendi,
1325 1760 1397 1793 nisi
1417 1772 1461 1794 ex
1481 1760 1562 1803 hoc,
1585 1762 1683 1806 quod
1703 1774 1807 1807 aqua,
1829 1775 1899 1808 qua
1920 1764 2094 1809 magister

216 1825 404 1871 predictus
423 1824 652 1859 humectabat
671 1825 819 1859 herbam
841 1838 912 1871 que
933 1826 1066 1859 dicitur
1085 1825 1267 1868 basilicot,
1288 1838 1353 1872 per
1372 1838 1436 1860 vas
1456 1833 1629 1869 terreum,
1647 1829 1683 1861 in
1705 1840 1776 1873 quo
1797 1835 1874 1862 erat
1892 1829 2003 1863 herba
2019 1831 2092 1875 jam

217 1891 326 1934 dicta,
356 1891 546 1926 distillavit
574 1903 686 1938 super
711 1892 858 1938 vigiles,
887 1893 1062 1939 magistro
1092 1893 1153 1938 qui
1184 1898 1260 1926 erat
1285 1893 1321 1926 in
1352 1892 1445 1926 bene
1475 1893 1557 1927 altis
1585 1894 1757 1929 fenestris
1783 1895 1851 1929 hoc
1880 1908 1953 1929 non
1981 1897 2094 1942 perci-

218 1958 353 2004 piente.
371 1958 548 1993 Clamavit
566 1959 671 1992 etiam
693 1965 766 1993 tota
786 1959 917 1993 vicinia
938 1958 1114 2005 vigilibus
1135 1971 1174 1992 se
1195 1971 1278 1992 esse
1299 1966 1454 2005 paratam
1476 1960 1521 1993 ad
1542 1959 1815 2006 fidejubendum
1838 1974 1903 2008 pro
1920 1963 2094 2008 magistro

218 2024 288 2059 sub
315 2037 409 2072 pena
433 2024 491 2059 bis
517 2025 615 2059 mille
642 2025 815 2059 librarum
846 2026 1062 2072 parisiensis
1094 2032 1251 2059 monete.
1281 2027 1323 2060 Et
1352 2038 1433 2059 cum
1459 2027 1660 2060 monitione
1682 2029 1858 2074 premissa
1879 2029 1915 2062 in
1938 2031 2095 2064 recentia

218 2091 302 2126 sacti
331 2103 397 2138 per
429 2102 451 2125 v
483 2104 632 2126 menses
666 2098 791 2138 postea
822 2104 934 2138 super
962 2092 1022 2126 illa
1050 2093 1183 2138 injuria
1219 2104 1292 2126 non
1328 2099 1455 2138 posset
1480 2093 1618 2135 haberi,
1647 2094 1831 2140 aliquibus
1861 2095 1906 2129 de
1940 2097 2095 2130 consilio

219 2158 351 2204 regis¹⁸
379 2158 447 2192 hoc
472 2158 771 2205 impedientibus,
794 2159 945 2193 emenda
973 2159 1173 2205 condigna3
1202 2171 1283 2192 cum
1309 2159 1348 2192 in
1367 2159 1553 2194 atrocitate
1579 2160 1678 2194 illius
1703 2161 1836 2206 injurie
1863 2162 2093 2209 privilegium

219 2224 343 2271 regale
371 2225 606 2259 Universitati
636 2226 834 2259 Parisiensi
863 2226 1044 2260 indultum
1074 2226 1224 2260 fractum
1255 2232 1354 2260 esset
1381 2227 1566 2272 (quantum
1595 2227 1640 2260 ad
1667 2227 1752 2269 duo,
1779 2228 1948 2262 videlicet
1976 2230 2095 2274 quoad

219 2291 288 2325 hoc
309 2291 407 2338 quod
432 2291 613 2326 violenter
637 2298 764 2338 captus
783 2292 851 2326 suit
876 2293 1062 2338 magister,
1083 2292 1170 2326 licet
1195 2304 1235 2326 se
1257 2304 1329 2326 non
1355 2299 1509 2338 poneret
1533 2293 1577 2326 ad
1602 2293 1807 2334 defensam3
1830 2294 2030 2329 ducebatur
2050 2296 2093 2330 ad

220 2370 402 2394 carcerem
430 2358 530 2404 regis
558 2364 738 2404 tamquam
760 2359 834 2404 jam
856 2370 922 2404 pro
952 2359 1174 2392 incarcerato
1202 2358 1360 2401 habitus,
1389 2359 1487 2404 quod
1512 2359 1556 2392 de
1583 2372 1812 2405 quocumque
1840 2368 1938 2395 esset
1963 2362 2094 2396 scolari

222 2436 295 2458 non
330 2423 521 2458 debuisset
547 2424 639 2467 fieri,
673 2425 769 2458 sicut
794 2425 831 2458 in
857 2424 1051 2471 privilegio
1079 2425 1178 2471 regis
1209 2425 1429 2465 continetur,
1453 2425 1668 2471 justitiaque
1699 2426 1844 2472 laycalis
1874 2427 1910 2460 in
1943 2428 2095 2474 capitale

222 2490 460 2533 scolarium¹',
491 2497 663 2536 quantum
693 2490 738 2524 ad
767 2490 864 2525 illam
897 2491 1079 2537 injuriam,
1110 2502 1252 2524 manum
1283 2491 1466 2537 apposuit,
1494 2492 1592 2537 quod
1625 2498 1743 2526 tamen
1769 2505 1833 2539 per
1863 2494 2094 2541 privilegium

222 2556 345 2604 regale
372 2556 451 2591 fieri
481 2569 555 2591 non
581 2556 707 2591 debuit
731 2556 911 2601 similiter)
938 2569 946 2590 :
974 2557 1138 2603 magistri
1160 2557 1204 2591 de
1231 2557 1474 2591 Universitate
1499 2558 1666 2592 videntes
1694 2558 1776 2602 hoc,
1803 2572 1930 2607 magna
1956 2561 2096 2595 delibe-

222 2623 362 2658 ratione
382 2623 582 2670 prehabita,
604 2635 690 2658 suas
710 2624 984 2670 suspenderunt
1007 2623 1198 2666 lectiones,
1220 2623 1496 2658 considerantes
1517 2624 1615 2670 quod
1635 2625 1666 2658 si
1688 2637 1760 2659 non
1781 2634 2097 2673 consequerentur

223 2690 428 2733 emendam,
450 2690 681 2737 privilegium
703 2690 827 2737 regale
855 2690 1103 2733 amittebatur;
1125 2697 1161 2724 et
1181 2690 1217 2724 in
1238 2689 1306 2723 hoc
1326 2697 1563 2725 cessaverunt
1587 2691 1624 2725 in
1645 2703 1730 2726 casu
1751 2692 1821 2726 sibi
1848 2694 2028 2739 permisso
2054 2707 2097 2729 ex

224 2756 419 2804 privilegio
439 2757 719 2804 Gregoriano¹⁶,
745 2769 826 2791 cum
848 2757 940 2790 infra
960 2757 1168 2803 quindecim
1190 2756 1282 2799 dies,
1312 2756 1512 2791 monitione
1539 2758 1730 2804 premissa,
1758 2771 1830 2793 non
1854 2767 1953 2794 esset
1978 2760 2096 2795 habita

232 2823 385 2858 emenda
411 2824 595 2871 condigna
624 2824 668 2858 de
696 2824 871 2870 magistro
896 2823 958 2870 qui
982 2835 1047 2869 pro
1074 2823 1294 2857 incarcerato
1323 2823 1546 2869 reputandus
1576 2831 1665 2867 erat,
1698 2825 1793 2859 sieut
1818 2833 1945 2872 patens
1970 2834 2024 2861 est
2054 2839 2097 2861 ex

226 2889 439 2924 recitatione
457 2890 574 2924 forme
594 2890 727 2936 injurie
747 2889 946 2936 prehabita.
971 2890 1200 2923 Manifestum
1221 2896 1277 2924 est
1295 2901 1338 2923 ex
1357 2890 1431 2935 jam
1451 2889 1597 2933 habitis,
1618 2891 1717 2937 quod
1741 2893 1897 2926 cessavit
1917 2899 1987 2927 tota
2012 2893 2099 2927 Uni·

226 2956 396 2999 versitas,
426 2968 499 2991 non
525 2957 663 2991 artiste.
696 2958 768 2991 llec
798 2963 916 2991 tamen
946 2963 1001 2990 est
1031 2956 1178 2999 veritas,
1209 2955 1307 3002 quod
1333 2955 1573 2991 cancellarius
1605 2958 1804 3003 predictus,
1835 2958 1904 2992 sub
1933 2971 2024 3004 pena
2053 2959 2099 2994 ab
