2618 3640
1028 431 1322 454 INTRODUC'I'IO.
2006 434 2118 456 XXXIII

229 508 339 554 (cont.
367 508 413 542 72
429 506 510 552 sol.,
530 507 644 556 21s15
660 506 790 555 cent.).
808 506 925 543 Ambo
942 506 1207 543 membranacei
1223 507 1400 555 pertinent
1416 507 1461 543 ad
1476 507 1615 555 priores
1631 519 1745 544 annos
1762 508 1893 544 saeculi
1916 510 2010 553 XIV,
2036 521 2116 545 cum

229 577 463 615 novissimum
484 578 644 615 habeant
666 578 946 615 instrumentum
967 578 1053 614 anni
1079 577 1210 615 1302⁴.
1228 578 1362 624 Ambo,
1381 579 1448 615 etsi
1467 579 1556 615 alter
1578 591 1620 615 ex
1645 579 1759 616 altero
1781 580 2015 628 transcriptus
2040 592 2118 616 esse

230 650 366 698 nequit,
389 649 435 686 ab
460 662 532 686 uno
553 650 755 698 eodemque
779 650 879 686 sonte
891 650 1104 698 procedunt.
1123 651 1350 686 Documenta
1372 650 1512 698 utrique
1530 650 1740 687 communia
1761 652 1890 688 eodem
1907 651 1980 688 fere
1995 652 2121 688 ordine

230 724 415 769 ponuntur
436 724 471 757 et
494 721 634 769 saepius
651 721 787 758 eisdem
807 721 948 758 mendis
970 724 1117 758 scatent.
1143 721 1341 770 Aliquotics
1365 721 1625 758 documentum
1642 722 1737 770 quod
1762 722 1798 758 in
1821 722 1932 758 altero
1959 722 2057 759 deest
2084 722 2118 758 in

229 792 343 829 altero
358 796 534 829 servatum
551 796 655 829 estet
671 792 745 829 vice
759 804 872 829 versa.
892 793 1002 829 Paulo
1022 792 1130 829 ditior
1152 793 1241 830 Cod.
1262 794 1348 842 Reg.
1375 793 1436 840 qui
1460 793 1553 829 inter
1574 793 1644 829 alia
1667 794 1846 841 quaedam
1870 793 1914 830 de
1936 796 1962 830 F
1964 794 2119 830 acultatc

230 865 453 917 Medicorum
476 867 511 900 et
535 864 775 901 taxationibus
797 864 972 902 libroruin
999 864 1175 913 exscripta
1199 864 1308 907 habet
1331 865 1367 900 in
1391 864 1584 901 Cheltenh.
1614 865 1757 901 omissa.
1784 865 1839 902 Ab
1862 866 2056 913 evangeliis
2082 867 2118 902 S.

229 936 403 973 Johannis
429 937 480 984 (1,
510 939 604 980 1-14)
628 939 664 972 et
687 937 723 973 S.
748 938 866 973 Lucae
889 937 965 983 (11,
993 937 1145 985 27-28),
1171 949 1280 985 super
1302 948 1394 984 quae
1417 948 1566 972 manum
1589 948 1724 985 ponere
1742 938 1904 985 jurantes
1927 937 2118 982 debebant,

230 1007 357 1055 incipit
385 1007 472 1044 cod.
499 1008 614 1044 Chelt.
639 1008 731 1044 sicut
755 1007 916 1044 Chartul.
941 1007 1170 1044 Londinense
1194 1007 1289 1044 infra
1308 1012 1472 1045 notatum
1486 1022 1494 1052 ;
1521 1012 1721 1056 sequuntur
1741 1009 1944 1057 juramenta
1967 1009 2118 1045 diversa.

231 1079 318 1116 Cod.
343 1081 429 1127 Reg.
459 1079 584 1127 incipit
611 1091 693 1116 cum
719 1079 807 1127 ipsis
833 1079 1061 1128 juramentis,
1092 1080 1284 1128 evangeliis
1308 1080 1464 1116 omissis.
1491 1081 1621 1116 Postea
1650 1080 1849 1128 exscriptae
1881 1084 1964 1116 sunt
1994 1080 2121 1117 ordine

231 1150 406 1199 temporis
436 1155 574 1187 servato
609 1151 781 1199 epistolae
812 1163 1036 1187 summorum
1064 1151 1294 1196 Pontificum,
1329 1163 1418 1199 quas
1449 1151 1520 1188 alia
1542 1152 1761 1188 documenta
1788 1152 1888 1189 nullo
1918 1156 2122 1200 temporum

231 1226 397 1271 respectu
419 1222 615 1270 excipiunt.
634 1224 714 1259 Non
730 1223 887 1271 optimus
901 1223 1120 1271 quandoque
1137 1227 1251 1259 textus
1266 1223 1302 1259 in
1320 1223 1395 1259 istis
1416 1223 1592 1260 ambobus
1615 1223 1850 1260 Chartulariis
1867 1227 2024 1260 servatus
2046 1228 2100 1260 cst
2111 1237 2119 1267 ;

230 1294 312 1330 ideo
341 1294 485 1342 quando
515 1294 649 1330 fontem
673 1294 852 1342 puriorem
874 1294 1090 1339 deteximus,
1113 1294 1157 1330 ab
1181 1306 1224 1331 eo
1248 1295 1450 1339 hausimus,
1477 1307 1585 1342 quem
1614 1295 1808 1342 aliquando
1832 1295 1934 1332 nobis
1957 1295 2123 1343 praebuit

231 1377 299 1402 ms.
323 1365 534 1402 Oxoniensis
555 1367 661 1414 Corp.
685 1366 770 1402 Chr.
794 1366 943 1414 collegii
963 1367 1049 1408 283,
1067 1377 1161 1402 saec.
1181 1367 1280 1410 Xlll,
1299 1366 1360 1414 qui
1376 1366 1446 1402 alia
1461 1366 1570 1402 etiam
1590 1366 1724 1403 inedita
1741 1367 1845 1403 nohis
1869 1367 2119 1415 suppeditavit.

232 1436 321 1478 Cod.
342 1438 444 1484 Reg.,
464 1436 493 1472 si
509 1437 750 1473 instrumenta
770 1449 865 1474 saec.
886 1437 972 1473 XIII
991 1438 1220 1485 respicimus,
1238 1437 1408 1474 omnibus
1426 1437 1504 1474 aliis
1523 1438 1758 1474 Chartulariis
1775 1438 1963 1474 fecundior
1979 1442 2045 1474 est.

331 1509 457 1557 Pejora
477 1508 534 1544 his
556 1512 693 1545 exstant
719 1509 941 1545 Chartularia
964 1509 1171 1557 posterioris
1192 1509 1330 1554 aetatis,
1357 1509 1439 1554 etsi,
1464 1510 1562 1557 quod
1583 1510 1628 1545 ad
1652 1521 1707 1545 res
1725 1509 1860 1545 saeculi
1876 1511 1958 1547 XIV
1981 1510 2120 1554 attinet,

232 1579 401 1628 pretiosa.
422 1580 486 1616 His
502 1581 794 1617 annumerandus
824 1581 912 1617 Cod.
937 1581 1082 1618 Archiv.
1107 1581 1350 1618 Universitatis
1371 1580 1470 1629 (Reg.
1495 1581 1570 1627 94),
1592 1581 1819 1625 chartaceus,
1845 1581 1990 1617 alterius
2013 1582 2122 1629 partis

233 1662 328 1688 saec.
355 1653 438 1688 XIV
460 1655 568 1696 (cont.
591 1654 659 1689 126
681 1652 819 1700 paginis
839 1653 877 1688 in
900 1656 938 1688 4⁰
958 1653 1043 1701 maj.
1067 1655 1135 1689 124
1161 1652 1404 1697 documenta),
1428 1653 1490 1700 qui
1511 1652 1687 1700 pertinuit
1703 1653 1749 1689 ad
1769 1654 1848 1689 Nat.
1872 1653 2121 1701 Anglicanam,

232 1726 267 1760 et
289 1722 456 1760 ultimum
477 1723 622 1760 docum.
647 1723 750 1760 offert
773 1723 857 1760 anni
880 1726 986 1761 1355.
1005 1745 1045 1751 —
1076 1726 1169 1760 Tum
1196 1724 1316 1761 Codex
1336 1724 1567 1761 Carnotensis
1595 1726 1680 1769 662,
1709 1724 1826 1761 dictus
1853 1725 2121 1769 Harcuriensis,

230 1798 397 1843 vergente
418 1806 513 1831 saec.
531 1796 614 1832 XIV
630 1795 684 1832 vel
700 1796 896 1843 incipiente
912 1797 976 1833 XV
992 1796 1162 1844 scriptus,
1179 1796 1224 1832 ab
1246 1796 1414 1833 Johanne
1430 1796 1474 1832 ab
1495 1795 1691 1840 Altaribus,
1712 1796 1859 1833 alumno
1881 1797 2120 1840 Harcuriano,

230 1866 267 1902 in
286 1866 469 1911 integrum
489 1867 673 1903 restitutus
694 1879 788 1904 anno
805 1869 913 1913 1698,
932 1867 1135 1904 membran.
1155 1868 1192 1903 in
1213 1871 1250 1904 4⁰
1274 1869 1358 1916 maj.
1383 1871 1495 1916 (cont.
1523 1870 1590 1904 187
1609 1868 1672 1904 fol.
1692 1868 1863 1913 membr.,
1884 1873 1919 1904 et
1944 1871 1986 1905 13
2007 1869 2119 1905 chart.

229 1938 268 1976 in
283 1937 416 1986 quibus
432 1938 573 1987 index),
592 1939 777 1987 quondam
793 1940 957 1976 Nationis
972 1941 1278 1982 Normannomm,
1297 1940 1535 1987 praecedente
1558 1939 1761 1984 fecundior,
1780 1940 1896 1976 multa
1905 1940 1980 1988 jam
1997 1940 2123 1977 Carolo

229 2010 401 2046 Jourdain
421 2009 563 2046 obtulit.
581 2031 628 2038 —
646 2010 754 2047 Liber
774 2011 892 2048 dictus
909 2011 1080 2056 Rectoris,
1106 2011 1172 2047 etsi
1198 2011 1466 2048 Chartularium
1487 2014 1525 2047 ut
1544 2012 1812 2059 praecedentia,
1835 2023 1932 2048 nunc
1957 2012 2124 2048 Londinii

231 2062 317 2116 Brit.
344 2082 434 2117 Mus.
459 2081 572 2118 addit.
604 2083 736 2127 17304,
762 2082 917 2119 membr.
944 2085 1015 2120 220
1041 2083 1102 2119 l'ol.
1130 2084 1246 2131 21s14
1270 2086 1383 2126 cent.,
1412 2085 1482 2119 172
1506 2082 1748 2119 instrumenta
1775 2086 1888 2128 cont.,
1921 2095 2014 2119 saec.
2041 2085 2123 2120 XIV

230 2151 395 2200 inceptus
406 2151 434 2198 ²,
453 2165 525 2201 quo
543 2165 627 2189 usus
642 2157 695 2190 est
711 2154 866 2191 Bulaeus
881 2158 916 2191 et
928 2159 1053 2203 postea
1066 2154 1253 2199 Jourdain,
1272 2154 1380 2191 ditior
1394 2154 1645 2191 anterioribus.
1662 2175 1710 2180 —
1726 2155 1926 2191 Pessimum
1943 2154 2120 2200 omnium,

231 2222 261 2259 si
279 2226 417 2260 textum
440 2224 659 2270 consideres,
687 2226 953 2262 Chartularium
977 2229 1030 2262 est
1054 2226 1332 2263 Vindobonense
1355 2225 1458 2271 (Bibl.
1487 2237 1668 2270 caesarca,
1692 2226 1752 2262 lat.
1780 2229 1887 2266 7219,
1913 2237 2005 2263 saec.
2025 2228 2118 2271 XVl,

232 2294 405 2341 chartac„
425 2295 520 2332 foliis
537 2299 622 2341 209,
640 2301 736 2333 cont.
765 2300 809 2334 79
833 2297 1101 2341 documenta⁵).

331 2367 428 2403 Haec
458 2367 695 2413 Chartularia‚
728 2369 758 2405 si
789 2369 941 2406 Londin.
976 2370 1001 2405 i.
1034 2381 1066 2406 e.
1099 2369 1183 2406 Brit.
1216 2372 1308 2405 Mus.
1340 2369 1508 2417 excipias,
1542 2369 1578 2404 in
1610 2369 1866 2405 enumerandis
1897 2369 2120 2406 documentis

326 2485 348 2510 1.
366 2485 394 2510 Id
411 2486 452 2510 est
463 2486 641 2518 juramentum
656 2486 821 2512 librariorum
835 2487 902 2520 quod
915 2488 1012 2520 legitur
1027 2489 1054 2513 in
1069 2489 1164 2520 Regin.
1181 2489 1202 2513 1⁰
1218 2488 1271 2517 73¹³,
1289 2490 1370 2520 atque
1387 2488 1414 2512 in
1432 2487 1568 2512 Cheltcnh.
1586 2488 1607 2512 f⁰
1626 2488 1670 2512 eob
1687 2487 1740 2518 (scd
1762 2488 1788 2512 in
1801 2489 1849 2513 hoe
1868 2489 1966 2513 omissa
1984 2489 2121 2514 Introduc-

231 2530 309 2561 tione)
328 2538 335 2554 τ
354 2530 429 2555 Anno
450 2530 548 2555 domini
563 2531 662 2557 MCCC
672 2531 706 2563 11,
721 2531 764 2557 die
776 2532 878 2557 veneris
891 2533 954 2558 ante
967 2532 1163 2558 decollationem
1177 2533 1247 2558 beati
1260 2533 1369 2558 Joannis
1381 2532 1500 2565 Baptiste
1515 2535 1631 2564 tempore
1647 2533 1768 2564 magistri
1784 2533 1856 2558 Petri
1876 2533 1907 2558 de
1923 2533 2040 2566 Laignus
2054 2535 2118 2559 Rec-

230 2574 295 2599 toris
316 2574 504 2600 Universitatis
525 2575 683 2607 juraverunt
701 2577 852 2602 stationarii
869 2577 895 2602 in
909 2577 1025 2610 generali
1041 2577 1242 2609 congregatione
1264 2577 1332 2610 apud
1349 2577 1375 2601 S.
1390 2576 1558 2601 Maturinum
1574 2577 1698 2602 articulos
1717 2578 1764 2609 qui
1782 2579 1932 2610 sequuntur
1953 2579 2120 2611 presentibus

230 2618 359 2651 magistro
371 2619 484 2644 Ricardo
499 2620 531 2645 de
546 2621 708 2651 Martiniaeo,
720 2621 800 2646 fratre
813 2621 928 2646 Arnaldo
941 2621 973 2646 de
983 2621 1096 2647 Tholosa
1111 2622 1216 2647 Ordinis
1233 2621 1428 2646 Heremitarum
1444 2621 1533 2646 Sancti
1550 2621 1695 2653 Augustini
1711 2623 1775 2646 tune
1790 2623 1904 2655 tempore
1922 2623 2076 2655 regentibus
2092 2625 2118 2648 in

230 2663 378 2696 Theologia,
393 2667 421 2688 et
435 2665 561 2696 magistro
573 2665 683 2697 Hugone
698 2665 730 2691 de
741 2666 880 2697 Besuucio,
895 2667 1022 2699 magistro
1039 2666 1163 2691 Alemant
1177 2669 1204 2691 ct
1221 2667 1347 2698 magistro
1362 2666 1394 2691 de
1407 2665 1482 2690 Tellu
1496 2666 1648 2691 doctoribus
1661 2666 1825 2691 decretorum
1840 2675 1870 2691 ac
1883 2668 1964 2692 etiam
1979 2668 2119 2700 quamplu-

231 2707 302 2733 ribus
313 2708 374 2733 aliis
386 2708 536 2734 doctoribus
546 2711 572 2734 et
582 2710 717 2742 magistris
732 2712 797 2735 tunc
812 2711 936 2744 temporis
954 2711 1072 2736 Parisius
1086 2711 1239 2743 regentibus
1253 2711 1279 2735 in
1295 2710 1412 2744 qualibet
1426 2710 1571 2735 Facultate.
1588 2721 1600 2733 «ι
1614 2710 1666 2735 Vos
1675 2711 1801 2743 jurabitis
1811 2711 1879 2744 quod
1892 2712 2006 2737 fideliter
2019 2715 2046 2738 et.
2058 2712 2120 2745 legi-

230 2752 294 2777 time
304 2752 437 2778 habebitis
446 2753 526 2778 libros
537 2754 642 2780 venales
657 2755 810 2788 recipiendo,
827 2755 1004 2787 custodiendo,
1017 2756 1167 2789 exponendo
1185 2757 1212 2780 et
1228 2755 1362 2780 vendendo
1377 2755 1489 2786 eosdem,
1510 2759 1558 2780 etc.
1581 2765 1593 2777 >a
1614 2756 1643 2780 V.
1665 2755 1789 2786 Bulaeus,
1805 2756 1851 2785 1v,
1867 2756 1909 2782 37.
1925 2771 1956 2775 —
1972 2757 2034 2782 Cod.
2051 2758 2117 2789 Reg-

230 2798 363 2829 praeterea
383 2796 426 2822 fol.
449 2797 494 2822 66¹³
509 2798 626 2824 tabulam
645 2800 813 2832 originalium
834 2808 902 2826 anno
924 2800 986 2826 1303
1006 2801 1162 2835 coniectam;
1187 2800 1248 2826 eod.
1269 2800 1352 2826 Chelt.
1376 2800 1403 2825 in
1424 2799 1518 2825 ultima
1537 2802 1612 2833 parte
1630 2799 1673 2825 sol.
1698 2800 1729 2825 72
1751 2808 1830 2825 manu
1853 2801 1994 2826 recentiore
2016 2801 2118 2826 litteras

230 2841 346 2874 Philippi
363 2842 433 2873 regis
444 2843 506 2867 anni
524 2843 586 2869 1312
603 2844 716 2876 praebet.

322 2885 346 2910 2.
365 2885 482 2911 codicem
498 2887 638 2921 descripsit
654 2888 842 2920 MARCHEGAY,
861 2890 890 2915 in
908 2891 978 2916 Bibl.
994 2892 1028 2916 de
1043 2891 1146 2917 l'Ecole
1163 2892 1210 2916 des
1229 2891 1352 2919 Chartes,
1374 2889 1440 2914 serie
1458 2890 1481 2919 4,
1501 2891 1522 2914 t.
1539 2889 1559 2920 1,
1583 2897 1608 2922 p.
1630 2889 1683 2914 100.
1704 2889 1819 2915 Iudicem
1838 2890 2071 2915 instrumentorum
2090 2891 2116 2915 in

229 2929 315 2955 codice
329 2931 506 2956 contentorum
523 2932 628 2965 praebet
640 2941 689 2958 ms.
706 2933 775 2959 Bibl.
787 2935 849 2960 Nat.
866 2935 951 2960 Paris.
966 2935 1052 2969 suppl.
1066 2935 1147 2960 franc.
1160 2935 1231 2964 4305,
1250 2936 1270 2960 t.
1286 2935 1307 2965 1,
1323 2942 1348 2967 p.
1365 2934 1409 2959 163
1424 2942 1482 2967 sqq.

323 2974 349 2999 3.
368 2975 434 3001 Viae
447 2975 647 3009 descriptionem
661 2978 757 3004 codicis
771 2979 840 3012 apud
853 2980 1031 3012 LAMBECHJM,
1049 2981 1202 3006 comment.
1215 2981 1249 3005 de
1261 2979 1335 3004 Bibl.
1347 2986 1456 3004 caesar.
1478 2979 1603 3008 Vindob„
1614 2978 1661 3003 lib.
1673 2979 1698 3003 11
1711 2978 1898 3009 (Vindobonae,
1918 2979 1995 3009 1669),
2017 2987 2042 3012 p.
2056 2979 2116 3004 210-

230 3017 286 3049 260,
301 3020 370 3044 etex
384 3019 441 3052 ipso
454 3021 522 3053 apud
535 3021 660 3053 Kouma,
679 3024 819 3050 Analecta
831 3029 1007 3051 monument.
1020 3025 1114 3051 omnis
1130 3025 1193 3050 aevi
1210 3024 1364 3049 Vindobon.
1380 3022 1566 3054 (Vindobonae,
1581 3023 1660 3055 1761),
1675 3023 1695 3049 1.
1706 3022 1753 3047 col.
1770 3023 1883 3048 :307-339.

358 3064 456 3090 Chart.
476 3065 556 3091 Univ.
573 3067 668 3093 Paris.
686 3067 706 3093 1.
1975 3076 1989 3091 e
