2580 3528
218 410 316 452 1280]
556 419 604 442 ΑΒ
636 419 743 442 imno
777 419 855 442 uec
888 418 1023 448 usons
1055 419 1104 441 An
1138 418 1368 441 PfllLlPPUM
1404 419 1443 441 ιν
1477 419 1566 442 nnc.
1603 420 1739 442 russo.
2027 410 2089 444 581

213 535 328 574 496.
348 543 473 572 lacobus
484 543 719 582 archiepiscopus
733 544 912 581 Upsaliensis
925 543 1108 571 studentibus
1117 543 1244 570 Parisiis
1257 553 1294 570 ex
1301 543 1428 570 dioecesi
1442 543 1608 580 Upsaliensi
1617 543 1761 580 quasdam
1771 544 1899 571 decimas
1913 544 2092 581 episcopales

302 594 445 630 assignat.

1420 643 1498 672 1280,
1513 642 1606 675 Aprilis
1618 642 1664 672 ²5,
1681 642 1807 675 Upenliao.

302 717 483 752 Omnibus
502 717 540 751 in
560 716 708 752 Christo
728 716 902 750 fidelibus
923 723 1115 762 presentes
1140 716 1280 750 litteras
1306 717 1528 762 inspecturis
1554 716 1712 750 Jacobus
1740 716 1806 749 Dei
1831 716 1951 762 gracia
1976 716 2093 749 archi-

213 783 410 830 episcopus
437 783 653 830 Upsalensis
679 783 832 818 salutem
861 783 899 817 in
929 783 1085 817 Domino
1108 783 1222 817 Jhesu
1246 783 1406 818 Christo.
1433 783 1609 817 Noverint
1635 783 1797 817 universi
1827 783 1926 828 quod
1953 795 2021 816 nos
2048 783 2092 816 ad

211 849 389 884 honorem
410 851 489 892 Dei,
511 850 667 884 ecclesie
688 850 892 896 profectum
914 856 950 884 et
970 849 1078 884 nobis
1097 849 1143 883 ad
1162 849 1346 883 cumulum
1369 850 1582 883 meritorum
1603 848 1838 884 studentibus
1863 849 2024 883 Parisius
2050 861 2093 883 ex

212 923 312 962 parte
350 916 506 951 ecclesie
545 916 760 963 Upsalensis
801 916 961 951 decimas
997 928 1197 962 pauperum
1238 916 1497 962 provenientes
1537 916 1582 950 de
1621 916 1806 962 provincia
1845 915 2091 962 Lyundereth,

212 983 375 1030 Telgboa
414 983 585 1030 skiplagi,
620 983 785 1017 Riudboa
824 983 995 1029 skiplagi,
1030 982 1224 1017 Acherboa
1263 982 1418 1029 skiplagi
1454 990 1490 1016 et
1523 984 1692 1026 Danarsfia
1727 982 1884 1028 skiplagi
1923 982 2093 1017 duximus

211 1050 466 1097 assignandas.
495 1051 631 1085 Verum
662 1050 745 1096 quia
774 1050 914 1083 decime
944 1049 1156 1095 hujusmodi
1189 1050 1232 1083 ad
1261 1061 1351 1084 usus
1379 1056 1526 1083 nostros
1552 1049 1696 1083 facilius
1722 1049 1848 1095 colligi
1874 1056 2030 1095 possunt
2058 1056 2093 1083 et

212 1116 359 1159 deduci,
379 1128 423 1150 eo
444 1116 543 1162 quod
562 1116 642 1150 loca
662 1116 699 1150 in
720 1115 854 1162 quibus
875 1108 1127 1162 percipiuntur
1147 1115 1359 1162 hujusmodi
1379 1116 1535 1158 decime,
1557 1122 1643 1149 sunt
1671 1116 1761 1149 mari
1786 1116 1904 1162 magis
1929 1115 2091 1162 proxima

212 1190 248 1218 et
275 1183 407 1225 vicina,
438 1183 483 1217 de
512 1183 696 1217 communi
723 1194 907 1217 consensu
937 1182 1087 1228 capituli
1117 1183 1235 1216 nostri
1262 1182 1368 1216 talem
1396 1195 1478 1216 cum
1506 1183 1560 1216 eis
1586 1182 1741 1216 fecimus
1767 1183 2089 1228 permutacionem‚

212 1250 311 1296 quod
335 1262 404 1284 nos
423 1250 468 1283 ad
488 1261 578 1284 usus
598 1256 746 1284 nostros
767 1249 973 1296 recepimus
994 1249 1038 1283 ab
1059 1249 1114 1283 eis
1134 1249 1296 1283 decimas
1316 1256 1547 1291 memoratas,
1569 1249 1786 1295 deputantes
1812 1249 1849 1282 in
1874 1255 2090 1295 perpetuum

212 1316 303 1363 ipsis
331 1328 398 1363 pro
431 1316 539 1351 dictis
569 1316 721 1350 decimis
750 1327 951 1362 pauperum
983 1316 1144 1349 decimas
1174 1315 1403 1362 episcopales
1433 1316 1478 1349 de
1507 1316 1707 1362 provinciis
1736 1317 1855 1362 Tyerp
1885 1322 1920 1349 et
1948 1315 2092 1349 Gestri-

212 1383 339 1418 caland
363 1383 634 1429 provenientes.
657 1383 698 1416 In
719 1383 824 1428 cujus
845 1382 898 1416 rei
919 1388 1131 1428 perpetuam
1152 1382 1358 1416 firmitatem
1379 1388 1572 1428 presentes
1593 1382 1732 1416 litteras
1753 1382 1877 1428 sigillo
1904 1389 2030 1415 nostro
2057 1388 2092 1415 et

211 1449 336 1497 sigillo
364 1449 512 1496 capituli
542 1449 659 1483 nostri
687 1449 793 1494 cujus
822 1460 1007 1483 consensu
1035 1449 1215 1494 premissa
1243 1449 1364 1482 omnia
1394 1455 1471 1482 acta
1500 1449 1649 1482 fuerunt
1674 1449 1827 1482 fecimus
1858 1448 2088 1482 communiri.

211 1517 341 1551 Actum
361 1522 398 1550 et
415 1515 536 1550 datum
558 1515 706 1562 Upsalie
727 1527 822 1549 anno
843 1515 990 1549 Domini
1010 1517 1061 1549 M⁰
1072 1515 1149 1550 CC⁰
1160 1516 1305 1556 LXXX,
1327 1515 1374 1560 vij
1397 1514 1467 1548 kal.
1490 1515 1587 1548 Maii.

307 1613 548 1646 Diplomatarium
571 1614 745 1643 Santonum,
761 1614 802 1638 ed.
829 1613 970 1646 Liljegren,
995 1614 1016 1642 1,
1032 1614 1087 1642 570,
1102 1617 1133 1637 n⁰
1146 1614 1201 1637 699.
1220 1626 1253 1632 -
1266 1612 1415 1645 Collegium
1433 1613 1591 1644 Upseliense
1610 1616 1703 1645 postea
1722 1613 1843 1636 exstabat
1862 1612 1889 1636 in
1909 1613 1996 1641 domo,
2012 1621 2091 1645 quem

211 1667 254 1684 sn.
274 1659 345 1689 12⁸5,
360 1667 451 1683 mense
469 1659 597 1691 Augu-20,
612 1658 740 1690 magister
755 1658 873 1682 Andreas
895 1658 961 1687 And,
977 1657 1147 1690 praepositus
1165 1656 1344 1690 Upsaliensis,
1359 1657 1470 1681 Parisiis
1492 1657 1519 1681 in
1539 1657 1596 1681 vico
1611 1657 1747 1689 Serpentis
1767 1657 1838 1681 ultra
1851 1665 1965 1689 pervum
1984 1661 2091 1689 pontem

205 1711 297 1738 ,μῆρε
319 1703 408 1728 vicum
428 1703 463 1728 sd
485 1703 552 1727 dues
573 1705 665 1735 portes
684 1705 711 1727 et
730 1703 839 1727 domum
858 1702 931 1735 regis
950 1702 985 1727 sd
1003 1710 1094 1727 ensem
1114 1701 1266 1735 acquisivit.
1287 1702 1326 1726 Cf.
1347 1701 1468 1726 chartam
1491 1702 1563 1734 apud
1587 1701 1728 1734 Liljegren,
1750 1702 1767 1726 1.
1789 1710 1822 1730 c..
1838 1706 1868 1726 n⁰
1882 1703 1936 1726 808.
1952 1702 2092 1726 Praeterea

213 1748 406 1782 Poeinpkicld,
423 1747 501 1774 Hem.
526 1747 628 1779 Upsal..
645 1747 677 1776 ΙΙ,
694 1747 748 1771 190.
765 1747 794 1771 ln
809 1747 858 1771 hoc
876 1747 1052 1771 instrumento
1069 1755 1121 1771 non
1136 1746 1243 1779 quidem
1258 1746 1288 1771 fit
1302 1746 1400 1771 mentio
1420 1746 1582 1770 scholarium
1597 1746 1725 1770 dioecesis
1745 1746 1921 1779 Upseliensis,
1938 1746 1984 1770 sed
2003 1749 2091 1770 tamen

212 1793 240 1818 in
254 1793 347 1818 chart·
360 1792 489 1818 soh-nni·
502 1791 578 1816 electi
593 1791 759 1824 Upsnliensis
774 1791 880 1815 condita
893 1800 936 1816 un.
960 1792 1029 1820 1291,
1047 1791 1117 1815 infra
1136 1794 1257 1815 octavum
1276 1790 1403 1820 Paschae,
1426 1790 1524 1814 dicitur
1547 1790 1707 1823 magistrum
1728 1791 1858 1815 Andrenm
1883 1790 1962 1814 istem
1983 1791 2091 1814 domum

213 1846 226 1862 s
240 1837 389 1863 scolaribus
402 1837 436 1861 de
450 1839 541 1861 nostr·
555 1836 698 1869 Upsslensi
711 1836 818 1868 dyocesi
831 1836 858 1860 in
875 1836 1011 1868 praedicto
1026 1835 1114 1860 studio
1131 1835 1294 1867 (Parisiensi)
1310 1835 1480 1867 acquisitioni
1494 1835 1621 1859 bonit-atis
1636 1835 1777 1867 discipline
1791 1838 1818 1859 et
1832 1835 1940 1859 scientie
1956 1835 2091 1860 intendere

211 1882 379 1915 cupientibus
394 1890 406 1905 ι
421 1881 574 1906 contulisse.
589 1881 666 1914 Apud
680 1880 755 1910 olda,
765 1880 807 1905 De
827 1880 1014 1906 Universitate
1028 1879 1191 1905 Parisiemi
1205 1887 1224 1905 a
1238 1879 1336 1904 suecis
1351 1879 1444 1904 medio
1457 1886 1525 1904 aevo
1538 1881 1733 1912 frequentata,
1751 1888 1778 1911 p.
1794 1881 1808 1903 4
1824 1888 1882 1912 sqq.
1900 1880 1929 1903 ln
1946 1879 1996 1903 ista
2011 1880 2090 1904 domo

211 1926 370 1960 degentibus
383 1926 491 1951 eaedem
504 1925 622 1950 decimae
636 1929 666 1950 nt
679 1933 762 1957 supra
777 1925 957 1957 assignantur.
979 1925 1016 1949 De
1035 1924 1126 1951 suecis
1141 1925 1191 1948 hoc
1206 1927 1232 1948 et
1250 1923 1393 1956 posteriori
1408 1926 1526 1956 tempore
1540 1924 1650 1948 Parisiis
1666 1923 1834 1948 studentibus
1850 1924 1909 1948 vide
1924 1924 2090 1953 Annerstedt,

216 1971 320 2004 mala
345 1970 524 1996 Universssm
549 1970 679 1999 historia.
707 1970 727 1998 l,
742 1970 766 1998 6,
787 1977 812 1993 n.
830 1971 860 1999 ³3
879 1970 903 1998 9,
920 1977 946 1994 n.
967 1970 994 1998 2;
1017 1969 1178 2001 Budinszky,
1201 1969 1256 1994 Die
1281 1967 1448 1994 Universum
1467 1968 1554 1994 Paris
1569 1970 1633 1994 und
1651 1969 1696 1994 dic
1714 1969 1854 1993 zvemden
1875 1975 1915 1994 an
1939 1969 2089 1997 der-selben.

212 2024 240 2049 p.
254 2016 301 2041 217
315 2023 374 2048 sqq.

213 2155 329 2194 497.
354 2164 506 2192 Ordinatio
522 2164 650 2202 Capituli
662 2164 808 2200 generalis
827 2164 894 2192 ord.
911 2163 1016 2191 Praed.
1034 2163 1089 2190 sub
1109 2164 1247 2199 magistro
1261 2163 1391 2190 Iohanne
1410 2162 1446 2190 de
1467 2163 1600 2190 Vercellis
1618 2163 1723 2189 Οτοιιίἰ
1741 2162 1880 2189 celebrati
1898 2162 1935 2189 de
1953 2162 2089 2199 disputa-

303 2213 428 2241 tionibus
443 2213 653 2250 magistrorum.

1403 2261 1482 2292 1280,
1496 2261 1571 2288 «lunio
1584 2261 1694 2291 ineunte,
1710 2261 1802 2288 oxonii.

303 2336 516 2371 Inhibemus
543 2349 588 2371 ne
614 2336 772 2371 lectores
796 2337 984 2383 disputent
1010 2336 1055 2370 de
1081 2335 1263 2382 Quolibet,
1284 2335 1355 2370 nisi
1380 2336 1454 2370 sint
1478 2336 1640 2382 magistri
1669 2336 1705 2368 in
1733 2334 1930 2381 theologia,
1952 2334 2023 2368 nisi
2050 2334 2087 2368 in

215 2403 307 2438 locis
327 2403 364 2438 in
384 2403 519 2450 quibus
538 2403 723 2450 generalia
743 2403 863 2437 studia
882 2403 1022 2449 vigent,
1039 2402 1110 2435 nisi
1131 2402 1224 2435 sorte
1245 2413 1289 2435 ex
1308 2414 1415 2436 causa
1436 2401 1554 2447 aliqua
1575 2402 1612 2435 in
1633 2401 1724 2435 locis
1744 2386 1929 2447 aliquibus
1949 2401 2090 2447 specia-

216 2470 313 2504 libus
333 2469 519 2517 prioribus
539 2469 825 2516 provincialibus
845 2469 882 2503 in
903 2469 981 2503 suis
997 2467 1197 2514 provinciis
1217 2467 1315 2502 aliud
1331 2468 1509 2502 videatur.

305 2538 394 2571 ltem
414 2548 606 2571 monemus
626 2537 725 2583 quod
748 2536 906 2570 lectores
931 2542 967 2570 et
991 2534 1154 2581 magistri
1176 2533 1432 2580 questionibus
1453 2534 1672 2581 theologicis
1693 2541 1729 2568 et
1748 2534 1948 2569 moralibus
1973 2534 2088 2581 magis

215 2616 321 2651 quam
341 2603 606 2650 philosophicis
626 2610 663 2637 et
681 2603 839 2637 curiosis
859 2602 1061 2637 intendant.

308 2702 357 2728 Es.
372 2702 446 2727 Rom.
462 2702 546 2735 Cspp.
559 2702 677 2734 general.
692 2701 756 2727 otd.
773 2701 866 2726 Prsed.
881 2714 913 2719 —
927 2700 1052 2730 lutuno,
1070 2697 1151 2725 Thes.
1164 2705 1229 2725 noo.
1241 2700 1350 2729 anecd„
1365 2699 1407 2727 tv,
1423 2699 1493 2728 1801,
1509 2699 1533 2723 n!
1548 2698 1587 2728 11,
1603 2699 1641 2723 12.
