2580 3528
512 418 578 451 606
1099 425 1415 448 οΗΑῐιΤυιΛῐὶιυΜ
1451 424 1642 446 UNIVERS.
1679 423 1810 445 ranls.
2289 415 2390 456 [1284
2420 437 2428 441 .

515 514 593 543 ora;
620 514 710 547 aqua
743 501 872 534 orisicii
899 500 1108 534 eorumdem
1138 500 1369 539 documenta,
1400 497 1560 543 plantule
1590 497 1754 542 virgulti,
1782 496 1947 542 sophiste
1973 492 2388 544 ceteriqueregentium

516 569 718 609 auditores,
750 567 858 601 rivuli
888 573 974 600 sunt
1000 573 1153 611 quatuor
1178 565 1366 598 facultates
1393 576 1398 596 :
1422 564 1642 604 artistarum,
1670 563 1909 606 medicorum,
1936 565 2220 607 canonistarum,
2246 577 2405 598 necnon-

517 635 789 679 tlieologorun13
816 634 930 679 prima
960 645 1110 678 quarum
1139 633 1175 664 in
1206 631 1334 664 ordine
1362 630 1518 663 docendi
1546 636 1581 662 et
1608 629 1823 663 addiscendi
1850 637 1907 664 est
1934 631 2085 665 facultas
2110 632 2330 674 artistarum,
2353 632 2391 665 in

515 703 619 746 cujus
641 700 803 746 partibus
825 701 1043 745 quicumque
1065 698 1288 732 sufficienter
1313 697 1491 738 eruditur,
1513 696 1647 729 habilis
1673 697 1838 730 redditur
1858 704 1898 730 ut
1917 698 2083 743 capacior
2102 698 2150 732 sit
2169 699 2335 732 doctrine
2356 705 2392 732 et

515 768 656 813 saporis
685 767 832 800 aliarum
864 766 1087 805 facultatum,
1115 764 1280 797 eruditus
1306 763 1401 796 enim
1427 763 1464 795 in
1490 762 1730 808 phylosophia
1751 762 1919 806 naturali,
1942 776 1981 797 ea
2003 776 2073 809 que
2094 765 2275 798 medicine
2303 771 2390 798 sunt

514 834 671 867 lucidius
699 832 950 878 apprehendit,
984 844 1064 864 cum
1095 830 1156 863 ubi
1184 837 1241 863 est
1267 830 1444 862 terminus
1474 829 1780 863 considerationis
1817 830 1927 863 unius
1961 831 2124 873 istarum,
2161 831 2209 864 sit
2235 831 2387 865 alterius

514 901 671 945 inceptio
692 911 698 932 :
722 899 889 944 quoniam
921 899 1015 930 sicut
1042 898 1129 930 dicit
1153 896 1409 942 philosophus,
1430 895 1494 928 ubi
1519 896 1599 929 finit
1623 896 1868 929 consideratio
1896 896 2156 943 philosophici,
2184 897 2235 930 ihi
2262 898 2391 944 incipit

513 966 756 1000 consideratio
784 965 926 998 medici.
955 965 1026 997 Ista
1051 964 1276 996 medicorum
1296 963 1447 995 facultas
1468 962 1605 996 nobilis
1631 970 1687 996 est
1711 963 1865 1005 rivulus,
1888 963 1971 1009 quia
1991 976 2072 997 cum
2094 965 2174 1009 ejus
2194 977 2285 1010 aqua
2306 965 2389 1010 quis

513 1039 667 1078 potatur,
689 1031 865 1064 mirabilis
886 1031 985 1071 unio,
1009 1037 1092 1075 puta
1113 1042 1178 1063 sue
1199 1029 1420 1063 intellective
1442 1029 1733 1075 incorruptibilis
1758 1042 1839 1063 cum
1861 1030 2092 1076 corruptibili
2113 1043 2281 1077 corpore,
2302 1043 2390 1065 con-

512 1106 676 1133 servatur
697 1098 845 1139 diutius,
869 1104 955 1143 potu
976 1097 1039 1129 illo
1062 1109 1128 1130 suo
1151 1097 1331 1142 egrotanti
1352 1097 1498 1141 corpori
1520 1096 1758 1130 medicamina
1783 1096 1992 1130 tribuendo.
2015 1098 2068 1130 De
2089 1104 2189 1143 parte
2209 1098 2388 1132 facultatis

509 1167 713 1199 artistarum
752 1177 821 1210 que
859 1164 1024 1197 dialetica
1067 1164 1211 1205 dicitur,
1250 1164 1331 1208 quis
1368 1163 1568 1196 doctrinam
1603 1164 1786 1209 accipiens
1826 1176 1891 1209 per
1920 1164 2128 1209 sophystice
2172 1165 2387 1198 documenta

509 1233 609 1278 vulgi
632 1231 837 1277 deceptoria
858 1231 959 1272 vitat3
983 1243 1048 1275 per
1068 1242 1109 1263 ea
1130 1242 1199 1275 que
1225 1230 1383 1275 topiche,
1406 1230 1558 1275 inquirit
1578 1231 1666 1275 quid
1685 1242 1811 1264 verum
1833 1237 1869 1264 et
1889 1231 1976 1276 quid
1997 1231 2144 1272 salsum3
2167 1231 2262 1264 libro
2290 1232 2386 1264 enim

514 1300 751 1343 leopicorum
780 1297 952 1331 scribitur
982 1297 1080 1342 quod
1111 1297 1290 1339 dialetice,
1314 1309 1394 1330 cum
1425 1297 1472 1330 sit
1497 1297 1707 1342 inquisitiva
1728 1298 1805 1331 veri
1826 1304 1861 1330 et
1880 1297 1975 1339 falsi,
1998 1298 2042 1330 ad
2070 1298 2231 1331 omnium
2251 1298 2387 1332 metho-

508 1367 636 1399 dorum
664 1365 841 1411 principia
868 1365 961 1398 viam
991 1364 1110 1397 habet.
1141 1366 1216 1397 Hoc
1245 1371 1364 1397 autem
1400 1375 1626 1409 cognoscere
1663 1364 1847 1397 credimus
1876 1364 1998 1398 valere
2028 1365 2072 1398 ad
2101 1377 2275 1406 canones,
2304 1377 2385 1398 cum

507 1445 685 1466 canonum
720 1432 870 1465 scientia
904 1431 1032 1464 doceat
1058 1431 1157 1476 quod
1185 1432 1326 1475 justum
1361 1437 1416 1464 est
1451 1431 1488 1463 in
1518 1431 1639 1463 causis
1674 1430 1902 1464 secularibus
1938 1437 1974 1464 et
2002 1431 2274 1465 ecclesiasticis.
2311 1432 2384 1465 Ista

506 1499 656 1532 facultas
681 1505 737 1531 est
763 1498 937 1543 egregius
962 1498 1117 1540 rivulus,
1148 1499 1252 1542 cujus
1282 1497 1406 1543 linpha
1431 1504 1517 1530 sunt
1535 1498 1618 1542 jura
1643 1504 1850 1530 sanctorum
1876 1498 2152 1531 auctoritatibus
2179 1498 2383 1531 informata.

509 1566 673 1599 Facultas
708 1566 811 1598 etiam
848 1565 1052 1598 artistarum
1088 1577 1153 1610 pro
1189 1566 1268 1609 ejus
1303 1564 1431 1597 morali
1458 1571 1558 1609 parte
1593 1564 1630 1597 in
1662 1564 1826 1597 moribus
1856 1576 1930 1597 non
1959 1571 2097 1597 tantum
2126 1565 2287 1607 instruit,
2319 1565 2385 1598 sed

509 1633 670 1666 habituat
689 1632 930 1672 intellectum3
954 1632 1044 1664 dixit
1071 1632 1166 1664 enim
1195 1631 1451 1677 philosophus,
1475 1631 1574 1676 quod
1600 1631 1749 1664 moralis
1770 1631 1920 1664 scientia
1944 1643 2018 1664 non
2045 1638 2099 1664 est
2124 1631 2386 1677 speculationis

509 1700 622 1745 gratia
646 1711 653 1731 ε
676 1711 749 1732 non
771 1699 865 1731 enim
888 1705 941 1731 est
963 1706 1002 1731 ut
1023 1699 1192 1740 sciamus,
1216 1705 1272 1731 set
1292 1705 1330 1731 ut
1351 1698 1438 1731 boni
1459 1698 1599 1731 fiamus.
1624 1699 1685 1731 Set
1706 1705 1879 1743 quantum
1901 1705 1968 1739 est,
1991 1710 2033 1731 ex
2053 1698 2131 1743 ipsa
2153 1698 2387 1744 metaphisica

508 1766 699 1799 instruitur
726 1765 933 1798 intellectus
960 1766 997 1798 in
1022 1765 1220 1799 universali
1248 1765 1459 1810 cognitione
1486 1765 1565 1806 Dei,
1594 1771 1629 1798 et
1654 1764 1852 1809 cujuslibet
1878 1764 2080 1798 substantie
2108 1771 2285 1810 separate.
2316 1766 2386 1799 Per

508 1833 662 1878 primum
690 1833 855 1873 istorum,
878 1832 1020 1865 animus
1049 1831 1208 1865 hominis
1236 1831 1442 1865 habituatur
1466 1832 1503 1864 in
1529 1831 1694 1864 moribus
1720 1843 1786 1865 seu
1812 1831 2022 1873 virtutibus,
2050 1831 2148 1876 quod
2173 1831 2317 1877 proficit
2339 1831 2384 1865 ad

506 1899 727 1944 theologiam
763 1911 833 1944 que
867 1905 1027 1931 meretur
1054 1911 1187 1932 nomen
1222 1899 1412 1944 sapientie,
1443 1899 1612 1943 quoniam
1641 1898 1736 1931 sicut
1768 1905 1869 1931 actus
1899 1898 2063 1943 precedit
2089 1898 2300 1943 potentiam,
2331 1899 2383 1932 sic

507 1978 627 1999 mores
662 1973 697 1998 et
729 1966 882 1999 virtutes
915 1966 971 1999 via
1005 1972 1091 1998 sunt
1123 1965 1167 1998 ad
1201 1965 1427 2010 sapientiam.
1459 1967 1527 1998 Per
1561 1965 1763 1998 secundum
1797 1965 1965 2006 istorum,
1997 1964 2141 1997 ducitur
2174 1964 2383 1998 intellectus

506 2032 665 2065 hominis
692 2033 729 2064 in
759 2032 1004 2077 cognitionem
1027 2032 1094 2064 Dei
1115 2032 1376 2073 universalem3
1399 2032 1436 2064 in
1458 2031 1591 2077 quibus
1613 2031 1758 2065 duobus
1779 2043 1844 2076 per
1864 2031 2100 2076 theologiam,
2122 2031 2217 2064 inter
2242 2038 2382 2065 ceteras

506 2099 693 2132 facultates
719 2110 962 2144 suppremam,
985 2098 1134 2143 speciali
1160 2099 1374 2131 informatur
1398 2099 1524 2131 notitia
1554 2105 1590 2131 et
1609 2097 1746 2131 habitu.
1769 2099 1842 2130 Hec
1864 2097 2049 2143 theologia
2070 2104 2126 2131 est
2145 2098 2286 2132 rivulus
2307 2099 2382 2144 spi-

506 2165 646 2198 ritualis
674 2165 879 2210 ceterisque
912 2177 1145 2210 suppremus,
1167 2166 1272 2210 cujus
1298 2165 1394 2198 unda
1419 2164 1597 2198 inhibitus
1619 2164 1794 2197 obhorret
1813 2165 1911 2206 vitia,
1934 2164 2142 2210 speculatur
2172 2176 2379 2210 supprema,

504 2245 547 2265 ex
567 2232 807 2265 delectatione
828 2231 928 2265 illius
950 2231 1216 2277 speculacionis
1241 2231 1542 2277 cathegorizando
1563 2232 1718 2265 ferventi
1739 2231 1924 2264 desiderio
1949 2231 2101 2265 verbum
2123 2231 2272 2265 Christi.
2291 2233 2380 2265 Pro-

505 2299 625 2332 batum
647 2305 703 2332 est
723 2311 824 2343 ergo,
851 2311 890 2331 ac
917 2298 1022 2331 etiam
1044 2298 1276 2340 declaratum,
1300 2298 1398 2343 quod
1422 2299 1642 2344 quicumque
1668 2298 1705 2331 in
1726 2298 1890 2343 partibus
1915 2298 2094 2332 facultatis
2121 2298 2251 2331 artium
2279 2298 2381 2332 suffi-

504 2366 642 2398 cienter
668 2365 846 2407 eruditur,
874 2365 1006 2398 habilis
1033 2365 1211 2407 redditur,
1240 2372 1280 2398 ut
1305 2365 1470 2410 capacior
1500 2365 1546 2398 sit
1573 2365 1738 2398 doctrine
1765 2371 1800 2398 et
1825 2365 1966 2410 saporis
1987 2364 2136 2397 aliarum
2156 2364 2377 2398 facultatum.

505 2433 576 2465 Iste
601 2433 684 2465 sons
709 2432 746 2464 in
771 2444 858 2477 agro
889 2432 1086 2465 Parisiensi
1117 2432 1295 2465 orificium
1325 2432 1461 2465 faciens
1492 2438 1560 2474 est,
1588 2432 1632 2464 ad
1659 2444 1765 2477 quem
1792 2431 1836 2464 de
1864 2431 2153 2477 Dyaborigenes,
2182 2431 2380 2477 Dyaboris-

506 2505 620 2539 tenes,
648 2499 868 2543 Dyarrifeos,
895 2499 1100 2543 ceterisque
1128 2499 1254 2532 mundi
1281 2498 1487 2532 climatibus
1518 2498 1724 2540 affluentes,
1751 2498 1888 2531 ibidem
1922 2510 2048 2543 aquam
2087 2498 2264 2543 sapientie
2290 2497 2379 2532 hau-

505 2564 617 2605 riunt,
641 2571 676 2597 et
695 2571 805 2606 tanto,
836 2572 936 2610 pater
963 2572 1098 2607 sancte,
1128 2565 1238 2598 debet
1263 2565 1346 2611 plus
1366 2572 1486 2599 vestra
1513 2566 1690 2598 Sanctitas
1712 2565 1800 2598 eniti
1820 2565 1865 2598 ad
1890 2565 1998 2598 istius
2022 2564 2133 2598 sontis
2160 2565 2376 2607 custodiam,

504 2637 636 2675 quanto
662 2631 821 2664 Parisius
846 2631 948 2664 illum
973 2632 1106 2677 aperiri
1126 2632 1242 2666 voluit
1261 2634 1372 2674 Deus,
1396 2645 1461 2678 per
1481 2644 1587 2677 quem
1608 2633 1698 2665 facta
1719 2638 1805 2665 sunt
1825 2631 1957 2673 onmia,
1979 2632 2083 2676 cujus
2103 2631 2223 2664 locum
2244 2631 2376 2665 tenetis

503 2697 540 2729 in
564 2697 688 2737 terris3
721 2704 756 2730 et
783 2704 915 2742 quanto
946 2699 1114 2740 novistis,
1143 2711 1207 2744 per
1233 2699 1433 2732 doctrinam
1462 2698 1513 2731 ibi
1541 2705 1733 2744 sumptam,
1761 2709 1803 2731 os
1828 2704 1990 2731 vestrum
2019 2703 2055 2730 et
2079 2709 2141 2730 ora
2169 2697 2374 2742 regentium

501 2762 637 2794 ibidem
658 2774 697 2795 ac
718 2763 779 2807 qui
801 2771 983 2806 rexerunt,
1000 2765 1109 2798 corda
1129 2765 1270 2810 lapidea
1291 2765 1465 2798 inducere
1482 2765 1526 2798 ad
1542 2765 1718 2800 culturam
1740 2763 1987 2797 ecclesiastice
2009 2763 2215 2808 discipline.
2234 2765 2278 2797 Et
2294 2776 2374 2807 vos,

501 2835 621 2873 patres
647 2830 849 2871 reverendi,
877 2830 957 2863 luce
985 2832 1162 2876 sapientie
1192 2832 1430 2878 refulgentes,
1458 2832 1591 2866 vestris
1617 2830 1907 2877 paternitatibus,
1929 2830 1966 2862 in
1986 2829 2092 2863 vobis
2113 2830 2171 2863 vel
2191 2830 2229 2863 in
2249 2831 2374 2864 amicis

498 2896 644 2937 vestris,
673 2895 716 2928 ab
747 2896 989 2930 Universitate
1015 2898 1211 2932 Parisiensi
1238 2899 1498 2940 administrata,
1527 2898 1679 2932 multum
1710 2897 1853 2930 debetis
1881 2896 1999 2930 eidem
2027 2896 2214 2939 assistere,
2245 2897 2373 2931 defen-

499 2961 612 2994 sando
640 2961 753 3006 ipsam
782 2962 1006 3008 eandemque
1036 2965 1243 3006 nutriendo,
1274 2965 1506 3010 porrigentes
1540 2964 1688 2999 sinistra
1724 2970 1849 2997 contra
1884 2974 1961 2996 eam
2003 2962 2048 2996 de
2084 2969 2206 2997 vestro
2250 2964 2371 2997 medio
