2580 3528
495 363 563 396 376
1078 373 1399 394 cnxn‘rUanicM
1437 373 1627 395 UN1VERS.
1665 373 1794 395 PAms.
2279 364 2382 405 [1258

496 459 578 480 cum
610 446 762 479 studens
797 446 975 491 inceperit
1008 447 1133 479 audire
1170 446 1403 491 theologiam,
1441 453 1643 480 conventus
1678 447 1736 479 cui
1770 446 1978 492 assignatus
2013 447 2080 480 suit
2113 453 2278 480 teneatur
2311 447 2383 480 sibi

500 513 693 558 providere
715 513 759 546 de
781 513 894 558 prima
924 512 1038 546 Biblia
1066 519 1214 545 vacante
1235 512 1292 546 vel
1313 512 1379 545 alia
1408 513 1628 557 competenti
1656 512 1736 546 loco
1759 512 1875 554 illius;
1899 513 1930 545 si
1951 520 2068 546 autem
2097 525 2171 546 non
2196 514 2384 559 contingat

499 580 654 624 aliquam
683 579 835 612 Bibliam
863 586 1046 612 vacantem
1079 591 1161 612 esse
1187 579 1224 611 in
1250 579 1330 624 ipso
1359 586 1555 620 conventu,
1578 578 1836 612 nichilominus
1867 586 2032 613 teneatur
2061 586 2264 614 conventus
2291 575 2383 614 infra

501 646 710 687 triennium,
741 653 930 691 postquam
959 646 1096 691 ceperit
1124 645 1344 690 theologiam
1373 645 1513 686 audire,
1545 645 1589 678 de
1615 645 1732 678 Biblia
1763 646 1970 691 providere,
1997 646 2042 679 de
2072 647 2265 680 sententiis
2295 659 2383 681 vero

502 713 593 746 infra
615 725 725 745 unum
752 725 885 745 annum
907 725 950 745 ex
970 725 1040 757 quo
1071 712 1267 745 accesserit
1292 712 1335 744 ad
1358 712 1517 744 studium
1549 698 1735 757 theologie
1757 724 1822 757 pro
1843 719 2038 746 conventu.
2067 714 2156 746 Item
2182 713 2381 759 predictam

502 780 749 825 provisionem
778 779 931 824 pecunie
963 785 1126 812 teneatur
1157 778 1300 811 solvere
1330 785 1533 811 conventus
1563 778 1654 811 infra
1676 778 1726 822 iiij
1751 790 1880 820 annos,
1902 779 1949 812 ita
1971 780 2069 824 quod
2099 780 2264 825 quolibet
2287 792 2382 814 anno

501 846 618 879 solvat
647 853 806 891 quartam
843 852 977 890 partem
1009 845 1177 890 pecunie,
1209 857 1313 890 quam
1346 844 1535 889 pecuniam
1570 851 1706 889 ponant
1735 845 1772 877 in
1802 844 1920 878 tribus
1950 846 2124 891 predictis
2152 847 2197 880 de
2226 847 2383 880 consilio

503 913 666 958 magistri
702 912 924 945 studentium
956 911 1231 952 parisiensium,
1254 911 1315 956 qui
1343 910 1393 943 ibi
1421 911 1465 943 ad
1496 911 1656 944 studium
1686 911 1823 944 fuerint
1847 911 2040 957 assignati3
2064 913 2125 957 qui
2151 920 2268 946 autem
2296 913 2383 947 alibi

501 979 635 1011 fuerint
664 978 853 1023 assignati,
884 978 1015 1010 saciant
1042 977 1109 1010 hoc
1141 977 1184 1010 de
1215 977 1370 1010 consilio
1403 977 1552 1010 lectoris
1581 984 1617 1010 et
1642 977 1808 1023 magistri
1838 978 2069 1011 studencium
2103 978 2267 1024 ejusdem
2297 979 2381 1014 loci.

503 1045 771 1079 Ordinaverunt
801 1045 906 1077 etiam
934 1044 978 1076 de
1005 1044 1151 1089 scriptis
1180 1043 1357 1076 faciendis
1383 1043 1451 1076 hoc
1482 1044 1603 1086 modo,
1626 1051 1665 1077 ut
1685 1056 1813 1077 omnes
1843 1044 1927 1077 libri
1949 1051 1984 1078 et
2004 1045 2137 1091 scripta
2165 1058 2384 1092 quecunque

502 1113 630 1144 fratres
652 1111 807 1144 habeant
827 1123 845 1143 a
865 1110 1108 1143 conventibus
1137 1110 1215 1143 suis
1241 1109 1537 1155 quibuscunque,
1559 1117 1642 1156 post
1666 1117 1819 1144 mortem
1845 1110 2023 1144 lectorum
2046 1112 2197 1145 redeant
2217 1112 2261 1146 ad
2281 1112 2384 1159 ipsos

501 1185 717 1218 conventus,
747 1190 765 1210 a
786 1177 920 1222 quibus
941 1177 1158 1210 habuerunt.
1187 1178 1275 1210 Item
1298 1177 1559 1211 ordinaverunt
1580 1184 1619 1210 ut
1637 1177 1722 1210 libri
1743 1177 1800 1211 vel
1821 1178 1968 1223 scripta,
1993 1190 2086 1224 quos
2105 1179 2163 1212 vel
2184 1191 2254 1224 que
2274 1180 2386 1213 frater

502 1245 668 1277 habuerit
688 1244 745 1278 vel
766 1244 989 1289 acquisierit,
1017 1244 1167 1276 redeant
1196 1250 1279 1289 post
1307 1243 1445 1276 obitum
1475 1244 1519 1277 ad
1550 1243 1652 1277 illum
1682 1251 1916 1287 conventum,
1938 1257 1956 1278 a
1978 1257 2049 1291 quo
2080 1245 2151 1291 ipsi
2177 1245 2385 1280 habuerunt

503 1311 690 1357 pecuniam
711 1311 770 1344 vel
797 1311 841 1343 de
869 1311 973 1355 cujus
994 1310 1255 1356 predicatione,
1279 1310 1350 1343 nisi
1371 1311 1506 1343 fuerint
1527 1310 1598 1344 sibi
1628 1311 1757 1344 collata
1782 1324 1800 1344 a
1827 1312 2114 1358 consanguineis
2140 1312 2198 1346 vel
2226 1312 2384 1347 afinibus

502 1379 593 1411 infra
614 1378 778 1423 quintum
805 1378 970 1423 gradum.
994 1378 1072 1421 Que
1102 1383 1221 1410 autem
1242 1389 1260 1410 a
1281 1377 1568 1423 consanguineis
1598 1378 1734 1411 fuerint
1763 1378 1842 1411 data
1863 1391 1882 1411 a
1902 1379 2018 1424 gradu
2049 1379 2176 1424 quinto
2195 1379 2254 1413 vel
2275 1391 2385 1426 supra

501 1445 558 1478 vel
584 1457 690 1478 manu
717 1444 862 1489 propria
891 1444 1038 1489 scripta,
1061 1444 1160 1477 illius
1190 1450 1393 1477 conventus
1418 1444 1503 1485 sint,
1522 1444 1584 1477 ubi
1606 1444 1708 1478 finiet
1734 1445 1856 1478 vitam.
1879 1446 2023 1479 Fratres
2049 1458 2136 1479 vero
2166 1446 2329 1480 scribant
2346 1445 2384 1480 in

503 1512 574 1544 fine
596 1511 772 1544 librorum
793 1511 850 1544 vel
871 1510 1075 1556 principiis,
1099 1510 1143 1543 de
1165 1522 1234 1556 qua
1255 1510 1503 1556 predicatione
1533 1511 1669 1544 suerint
1697 1511 1886 1557 acquisita,
1909 1518 1945 1545 et
1965 1511 1996 1545 si
2017 1512 2206 1558 contingat
2226 1512 2383 1558 aliquem

503 1579 662 1619 fratrem,
685 1578 742 1610 cui
769 1577 885 1610 Biblia
906 1577 963 1610 vel
985 1577 1171 1611 Sententie
1193 1577 1273 1610 data
1294 1577 1430 1610 fuerint
1450 1577 1487 1610 in
1508 1584 1690 1611 conventu
1711 1577 1847 1623 aliquo,
1875 1577 1982 1611 alicui
2003 1578 2061 1612 vel
2090 1578 2160 1612 alio
2187 1579 2383 1613 conventui

504 1644 682 1689 assignari
704 1656 769 1689 pro
791 1644 973 1685 studente,
996 1650 1199 1677 conventus
1221 1643 1282 1677 ille
1304 1650 1470 1677 teneatur
1497 1644 1650 1677 Bibliam
1673 1644 1866 1677 restituere
1887 1645 2098 1687 conventui,
2125 1646 2230 1691 cujus
2259 1645 2383 1688 fuerit,

504 1712 595 1744 infra
612 1711 813 1751 biennium,
832 1717 867 1743 et
882 1710 1029 1743 aliunde
1051 1710 1213 1743 studenti
1234 1710 1441 1756 providere,
1464 1710 1522 1744 vel
1543 1723 1608 1756 pro
1629 1711 1746 1744 Biblia
1767 1711 1880 1756 priori
1902 1712 2111 1745 satisfacere
2133 1719 2169 1746 et
2188 1713 2385 1747 conventui

504 1779 608 1822 cujus
643 1784 728 1811 erat.
770 1779 981 1810 Presentem
1019 1784 1137 1810 autem
1178 1777 1444 1810 ordinationem
1483 1777 1652 1811 volumus
1692 1777 1879 1811 observari
1914 1778 1951 1811 in
1984 1778 2068 1820 hiis,
2105 1791 2176 1824 que
2209 1779 2385 1826 deinceps

504 1845 729 1890 contingent,
753 1845 798 1877 ita
821 1851 859 1877 ut
878 1844 994 1889 posita
1016 1850 1271 1877 removeantur
1292 1844 1493 1877 secundum
1515 1856 1662 1878 cursum
1684 1844 1964 1878 consuetudinis
1986 1846 2230 1890 precedentis.

597 1943 659 1966 Cod.
673 1943 762 1966 Tolos.
777 1944 832 1971 1¹90,
850 1943 894 1966 sol.
911 1942 982 1970 ‘292¹2,
999 1942 1179 1974 adhibitisque
1194 1942 1276 1965 codd.
1293 1942 1418 1966 Avenion.
1436 1943 1490 1971 229,
1507 1942 1551 1966 fol.
1568 1942 1624 1971 87¹²,
1642 1943 1729 1966 Tolos.
1746 1943 1802 1971 488,
1818 1942 1971 1974 Burdegal„
1986 1944 2040 1967 780.

599 2028 620 2050 1.
640 2027 677 2050 Ad
693 2027 756 2050 haec
769 2027 828 2050 vid<—
844 2035 925 2058 supra
939 2032 967 2050 n⁰
983 2028 1020 2055 57,
1036 2027 1081 2050 ubi
1096 2030 1181 2050 exstat
1196 2027 1327 2050 ordinatio
1341 2027 1372 2050 de
1385 2027 1461 2050 libris
1478 2027 1643 2059 aliquantum
1658 2027 1792 2050 differens.

505 2216 618 2253 328.
642 2225 778 2251 Facultas
799 2226 905 2251 artium
932 2226 1037 2251 statuit
1061 2229 1092 2251 ut
1118 2225 1252 2261 deinceps
1273 2233 1291 2250 a
1312 2224 1585 2251 determinatoribus
1605 2229 1633 2251 et
1655 2224 1836 2251 baccalareis
1859 2225 2017 2262 inceptui-is
2037 2234 2092 2252 non
2112 2226 2268 2262 capiantur·
2288 2219 2383 2260 vadia,

596 2274 648 2300 sed
659 2275 785 2310 pecunia
799 2278 960 2309 numerata,
978 2283 1028 2300 nec
1044 2274 1101 2310 ipsi
1116 2283 1166 2300 nec
1182 2278 1274 2299 rector
1285 2274 1439 2310 pecuniam
1456 2273 1536 2299 illam
1550 2274 1698 2310 publicam
1713 2273 1849 2300 alienent.

1602 2372 1676 2401 1259,
1692 2380 1781 2398 monae
1796 2372 1926 2401 danum-io,
1942 2372 2097 2407 [Parisiis]

596 2449 669 2480 Nos
698 2447 861 2492 magistri
891 2447 1019 2479 artium
1049 2447 1093 2479 de
1120 2446 1302 2479 communi
1333 2458 1518 2479 consensu
1554 2446 1809 2491 magistrorum
1845 2453 1970 2480 nostre
2004 2446 2184 2480 facultatis
2215 2446 2315 2479 nullo
2344 2458 2387 2480 ex

509 2514 614 2546 uobis
635 2514 904 2546 contradicente
925 2513 1112 2546 anxiantes
1133 2525 1244 2558 super
1266 2519 1380 2546 status
1401 2513 1516 2546 nostri
1538 2512 1629 2558 lapsi
1651 2513 1877 2558 reparatione
1894 2525 1933 2546 ac
1950 2513 2114 2558 ejusdem
2132 2512 2387 2546 immutacione

509 2581 626 2624 quoad
649 2580 822 2624 quosdam
845 2580 1017 2613 articulos
1044 2580 1301 2621 immutandos,
1323 2579 1600 2612 considerantes
1622 2586 1782 2612 nostram
1803 2579 2007 2612 facultatem
2036 2586 2184 2624 propter
2205 2579 2386 2612 defectum

512 2646 662 2690 pecunie
706 2647 914 2690 frequenter
958 2646 1147 2691 subjacere
1191 2646 1378 2691 periculis,
1419 2646 1588 2690 quoniam
1629 2646 1816 2690 penuriam
1864 2646 2075 2690 frequenter
2118 2645 2216 2690 passi
2260 2657 2388 2679 sumus

512 2718 658 2756 propter
696 2712 934 2745 inordinatam
975 2725 1013 2745 ac
1055 2713 1174 2745 minus
1213 2712 1416 2757 expeditam
1457 2719 1732 2757 procuratorum
1777 2719 1986 2745 nostrorum
2023 2724 2062 2745 ac
2102 2712 2387 2744 examinatorum

511 2778 830 2810 determinamru111
862 2779 1098 2820 refusionem,
1132 2791 1275 2811 necnon
1312 2785 1461 2823 propter
1496 2778 1716 2823 superfluam
1747 2778 1901 2823 pecunie
1932 2777 2092 2823 reposite
2127 2778 2387 2823 expansionem

511 2856 548 2876 ac
578 2844 869 2877 distrilmtionem
906 2846 1030 2877 factam
1068 2852 1136 2878 tam
1168 2845 1324 2878 bedellis
1359 2845 1509 2886 nostris,
1540 2857 1644 2889 quam
1680 2844 1760 2877 aliis
1795 2843 2170 2889 supervenientibus:
2197 2844 2389 2878 statuimus

513 2917 549 2943 ut
586 2917 652 2942 tam
690 2917 941 2954 procuratores
976 2911 1104 2952 nostri,
1141 2924 1245 2956 quam
1283 2911 1546 2944 examinatores
1582 2910 1917 2952 determinatorum,
1952 2923 2032 2943 cum
2067 2910 2112 2943 ad
2146 2910 2240 2944 dicta
2274 2910 2390 2944 officia
