2580 3528
218 433 316 475 1284]
554 441 600 463 AB
634 440 741 463 anno
774 439 852 462 uec
886 439 1019 468 usone
1053 439 1102 461 An
1136 438 1366 460 Pmmrruu
1400 438 1440 460 iv
1474 438 1562 460 aas.
1599 438 1735 460 ransc.
2031 428 2096 462 613

216 516 398 551 tiahantur
419 515 558 560 absque
578 526 635 556 eo,
657 514 756 559 quod
782 513 1101 554 determinassem,
1127 518 1163 546 et
1186 512 1233 546 ita
1260 511 1502 553 dimittebant,
1524 511 1622 556 quod
1642 512 1710 544 fuit
1729 512 1899 545 inventus
1919 525 2036 545 annus
2056 513 2093 546 in

214 595 290 629 quo
316 594 382 629 per
411 589 525 616 totum
553 593 628 615 non
658 587 762 614 erant
791 591 835 614 Lx
867 580 1170 614 determinatores
1196 590 1204 612 :
1227 579 1343 612 nostri
1372 578 1539 624 magistri
1569 578 1831 612 subvenientes
1861 578 1945 611 huic
1974 579 2092 624 lapsui

215 649 397 684 facultatis
426 649 690 683 ordinaverunt
714 647 813 693 quod
841 646 965 680 nullus
990 646 1034 680 ad
1059 646 1309 691 magisterium
1330 645 1557 691 reciperetur
1576 645 1647 678 nisi
1669 645 1965 682 determinasset:
1995 645 2092 690 quod

216 717 335 750 facere
362 722 573 762 potuerunt,
600 715 684 760 quia
708 713 907 759 cujuslibet
932 713 1080 758 collegii
1107 719 1163 746 est
1187 723 1297 758 posse
1325 718 1455 745 statuta
1479 712 1598 744 facere
1625 718 1660 744 et
1684 711 1935 745 ordinationes
1960 711 2003 744 ad
2029 723 2094 744 sue

217 782 420 816 honestatis
443 794 483 816 ac
509 781 662 815 honoris
686 780 1016 815 conservationem.
1040 781 1142 821 Item,
1163 779 1327 825 magistri
1354 778 1489 812 habent
1509 778 1554 811 de
1575 778 1842 812 consuetudine
1862 777 2058 823 approbata
2078 790 2095 810 a

217 855 382 895 tempore
411 861 430 882 a
451 861 524 894 quo
551 860 625 882 non
655 854 750 881 extat
778 847 966 888 memoria,
993 846 1092 892 quod
1115 845 1259 891 possint
1283 851 1442 879 statuere
1472 845 1510 878 in
1538 844 1595 878 his
1621 856 1692 889 que
1712 844 1867 878 credunt
1887 856 1970 877 esse
1995 844 2096 877 utilia

217 915 395 957 facultati;
425 915 470 949 ad
497 915 566 949 hoc
587 915 693 948 etiam
719 913 852 947 habent
883 925 994 959 posse
1022 925 1087 958 per
1113 913 1269 946 litteram
1298 912 1436 946 domini
1461 923 1552 957 pape
1579 911 1752 957 Gregorii
1780 911 1877 944 bone
1907 911 2094 952 memorie,

219 970 391 1028 quantum
425 982 469 1016 ad
499 981 597 1016 illam
626 981 826 1015 clausulam
857 992 927 1026 que
955 980 1007 1014 sic
1035 979 1164 1025 incipit
1192 991 1199 1012 :
1224 994 1240 1010 «
1265 980 1436 1013 Ceterum
1464 978 1527 1012 ubi
1554 990 1628 1011 non
1658 985 1715 1011 est
1743 978 1847 1019 ordo,
1873 978 1978 1011 facile
2003 979 2096 1023 repit

218 1049 350 1083 horror
371 1063 388 1080 »
398 1050 431 1090 ¹⁴,
452 1049 490 1082 in
516 1061 585 1094 qua
605 1048 814 1082 continetur
834 1058 1007 1092 expresse
1027 1046 1126 1092 quod
1147 1045 1332 1091 magistris
1352 1045 1566 1079 conceditur
1593 1051 1754 1090 potestas
1782 1045 1939 1078 faciendi
1966 1051 2096 1078 statuta

219 1122 256 1149 et
275 1115 526 1150 ordinationes
547 1115 593 1148 de
613 1114 723 1148 modo
743 1121 779 1147 et
803 1114 891 1147 hora
921 1113 1070 1159 legendi
1097 1119 1133 1146 et
1162 1112 1385 1158 disputandi,
1407 1112 1470 1157 qui
1500 1118 1535 1145 et
1561 1123 1630 1157 qua
1656 1111 1744 1144 hora
1772 1111 1929 1144 debeant
1957 1111 2095 1156 legere,

220 1189 256 1216 et
275 1183 370 1216 circa
390 1182 458 1216 alia
477 1181 589 1216 multa
610 1181 716 1215 datur
741 1181 926 1227 magistris
947 1186 1108 1226 potestas
1137 1179 1330 1213 ordinandi
1351 1185 1387 1212 et
1406 1178 1601 1220 statuendi,
1624 1190 1694 1224 que
1715 1178 1765 1211 ibi
1787 1190 1961 1224 expresse
1982 1178 2098 1211 conti-

220 1255 365 1283 nentur.
407 1250 451 1282 Et
479 1249 532 1282 sic
562 1247 674 1281 nichil
700 1248 867 1281 fecerunt
901 1253 1026 1280 contra
1056 1246 1211 1279 litteram
1247 1245 1386 1279 domini
1415 1257 1506 1291 pape
1542 1245 1705 1291 magistri
1746 1245 1873 1286 nostri,
1916 1257 1996 1278 cum
2033 1256 2097 1290 per

220 1315 375 1350 litteram
406 1315 503 1349 illam
531 1314 753 1348 concedatur
782 1314 836 1347 eis
865 1319 1026 1359 potestas
1063 1313 1314 1346 ordinationes
1348 1319 1384 1346 et
1417 1319 1546 1348 statuta
1581 1311 1751 1352 faciendi,
1790 1311 2094 1357 quemadmodum

219 1382 338 1416 visum
368 1388 435 1415 est.
468 1382 559 1416 Cum
587 1381 675 1414 dicit
707 1387 834 1426 postea
867 1380 964 1413 idem
996 1379 1235 1412 cancellarius
1274 1379 1372 1424 quod
1409 1378 1477 1411 hoe
1507 1385 1563 1411 est
1591 1385 1715 1412 contra
1747 1379 1951 1423 juramenta
1988 1379 2097 1424 magi-

221 1455 395 1490 strorum,
416 1448 453 1481 in
469 1447 551 1489 hoc,
574 1454 676 1493 pater
695 1454 833 1488 sancte,
855 1445 1095 1480 cancellarius
1116 1445 1271 1490 imponit
1291 1445 1490 1490 perjurium
1513 1445 1649 1478 nostris
1670 1445 1871 1490 magistris3
1895 1452 1930 1478 et
1951 1452 2099 1490 propter

219 1514 347 1549 hocin
368 1514 556 1548 emendam
582 1513 692 1559 hujus
712 1520 749 1547 et
767 1513 920 1546 aliorum
947 1524 1012 1558 per
1037 1524 1108 1558 que
1137 1512 1217 1558 ipsc
1244 1512 1392 1545 infamat
1418 1518 1565 1545 nostros
1593 1511 1789 1557 magistros
1818 1511 1913 1556 apud
1943 1506 2107 1545 vestram*

222 1581 452 1616 Sanctitatem
488 1588 523 1615 et
557 1580 727 1614 dominos
761 1579 979 1621 cardinales,
1009 1579 1108 1625 quod
1137 1579 1255 1612 facere
1285 1590 1359 1612 non
1388 1577 1553 1620 deberet,
1584 1585 1667 1623 peto
1698 1579 1735 1611 in
1765 1578 1954 1611 emendam
1990 1578 2098 1623 hujus

221 1649 369 1694 injurie,
401 1659 466 1694 per
499 1647 713 1694 magistrum
747 1646 955 1692 Philippum
989 1645 1034 1679 de
1068 1645 1248 1679 Thoriaco
1286 1645 1528 1678 Parisiensem
1568 1644 1824 1678 cancellarium
1864 1644 2022 1678 facultati
2066 1651 2099 1677 et

221 1715 408 1761 magistris
434 1721 560 1748 nostre
586 1713 765 1748 facultatis
794 1713 967 1759 irrogate,
990 1712 1192 1758 predictum
1214 1712 1427 1757 magistrum
1454 1711 1660 1757 Philippum
1681 1711 1718 1744 in
1739 1711 1838 1744 mille
1865 1711 1995 1745 marcis
2022 1711 2100 1744 auri

222 1781 498 1827 condempnari,
531 1793 612 1814 cum
647 1779 798 1814 facultas
825 1786 861 1813 et
887 1779 1051 1825 magistri
1077 1778 1258 1812 facultatis
1285 1778 1423 1812 vellent
1449 1778 1577 1824 pocius
1606 1778 1651 1811 de
1681 1790 1748 1811 suo
1778 1785 1814 1811 et
1846 1777 1954 1811 bonis
1990 1778 2102 1811 facul-

223 1848 306 1882 tatis
336 1854 472 1882 tantum
494 1847 677 1888 amisisse,
698 1858 803 1893 quam
826 1846 923 1892 quod
945 1845 1107 1892 predicta
1135 1845 1267 1890 injuria
1288 1851 1385 1878 esset
1406 1845 1460 1878 eis
1480 1845 1637 1890 irrogata
1658 1856 1724 1890 per
1743 1844 1945 1890 predictum
1967 1845 2101 1890 magis-

222 1921 316 1948 trum
339 1914 558 1960 Philippum.
579 1914 622 1947 Et
641 1913 724 1959 quia
740 1913 809 1946 hoc
825 1912 937 1946 nichil
954 1919 1051 1946 esset
1071 1912 1108 1945 in
1125 1911 1313 1946 emendam
1335 1918 1431 1945 tante
1452 1911 1597 1956 injurie,
1616 1918 1699 1956 peto
1721 1911 1813 1944 ultra
1833 1910 1915 1953 hoc,
1933 1918 2098 1956 tanquam

222 1980 402 2015 facultatis
432 1987 658 2027 procurator,
681 1980 829 2013 nomine
857 1979 952 2013 dicte
972 1978 1166 2020 facultatis,
1193 1978 1311 2024 ipsum
1339 1978 1541 2024 predictum
1567 1977 1773 2023 Philippum
1799 1978 1897 2011 omni
1925 1978 2100 2023 dignitate

224 2054 260 2082 et
278 2047 458 2082 beneficio
484 2059 555 2093 que
579 2047 689 2081 habet
707 2047 751 2080 ad
772 2058 939 2093 presens,
963 2053 999 2080 et
1019 2045 1209 2080 habiturus
1230 2051 1286 2078 est
1306 2045 1343 2078 in
1362 2051 1562 2091 posterum,
1583 2044 1729 2090 privari.
1747 2045 1838 2079 Cum
1860 2045 1948 2078 dicit
1977 2051 2102 2090 postea

225 2114 321 2148 idem
346 2114 587 2148 cancellarius
615 2114 713 2160 quod
741 2114 779 2147 in
805 2113 951 2147 licentia
979 2113 1190 2158 recipienda
1212 2113 1336 2158 jurant
1361 2111 1544 2145 bacallarii
1566 2111 1663 2157 quod
1685 2111 1798 2144 nichil
1818 2111 1952 2145 facient
1977 2118 2100 2145 contra

224 2180 428 2215 libertatem
458 2181 615 2215 ecclesie
635 2181 867 2219 Parisiensis,
890 2180 984 2214 bene
1008 2180 1132 2221 credo,
1155 2186 1256 2226 pater
1284 2185 1420 2221 sancte,
1443 2179 1540 2224 quod
1562 2178 1641 2224 ipse
1662 2178 1789 2212 nititur
1808 2178 1852 2212 ad
1873 2178 1955 2219 hoc,
1976 2185 2014 2211 ut
2034 2178 2101 2211 hoc

220 2249 467 2293 juramentum
504 2254 541 2281 et
572 2247 683 2281 multa
713 2247 781 2281 alia
808 2247 934 2281 illicita
967 2245 1153 2280 baccllarii
1186 2252 1362 2292 prestent.
1391 2245 1511 2279 Credo
1547 2252 1664 2278 tamen
1699 2245 1796 2290 quod
1826 2244 1895 2290 ipsi
1931 2244 1998 2277 hoc
2028 2256 2101 2277 non

221 2315 364 2360 jurant;
401 2320 437 2347 et
469 2320 619 2359 propter
650 2313 733 2355 hoc,
760 2326 841 2347 cum
876 2313 1116 2347 cancellarius
1150 2324 1223 2346 non
1257 2312 1363 2346 faciat
1388 2311 1456 2345 hoc
1488 2318 1637 2351 tantum,
1675 2311 1740 2344 sed
1775 2317 1810 2344 et
1846 2311 1999 2356 quedam
2035 2310 2102 2344 alia

226 2380 351 2414 illicita
378 2381 471 2424 (nam
503 2379 691 2426 dispensat
717 2379 923 2414 bacellariis
951 2379 996 2413 de
1024 2386 1201 2424 tempore,
1229 2378 1274 2412 de
1300 2385 1407 2420 etate,
1429 2378 1474 2411 de
1502 2377 1624 2418 libris;
1648 2389 1691 2411 ex
1715 2389 1787 2423 quo
1818 2377 1984 2423 sequitur
2004 2377 2102 2423 quod

227 2446 491 2482 insufficientes
519 2453 554 2480 et
580 2458 653 2481 non
680 2446 783 2493 digni
810 2437 988 2480 licentiari
1010 2457 1075 2491 per
1099 2456 1256 2479 crassam
1284 2444 1435 2490 gratiam
1464 2444 1707 2489 expediuntur
1733 2444 1769 2477 iu
1800 2444 1963 2477 examine
1995 2445 2103 2478 Beate

228 2514 356 2556 Marie,
383 2513 478 2548 sicut
500 2513 618 2547 visum
646 2520 703 2547 est
729 2513 893 2559 pluries),
920 2513 1021 2558 juxta
1051 2511 1133 2554 hoc,
1161 2511 1329 2557 supplico
1357 2517 1477 2545 vestre
1508 2510 1706 2551 Sanctitati,
1738 2510 1884 2544 nomine
1923 2510 2102 2545 facultatis

229 2580 392 2627 predicte
417 2586 453 2614 et
479 2580 661 2622 mandato,
687 2586 854 2626 tanquam
884 2585 1097 2626 procurator
1123 2578 1302 2624 ejusdem,
1332 2577 1502 2623 quatinus
1529 2577 1682 2623 cogatis,
1711 2583 1812 2623 pater
1838 2584 1975 2620 sancte,
2007 2578 2105 2611 Pari·

229 2646 388 2681 siensem
418 2646 688 2689 cancellarium,
718 2652 758 2680 ut
778 2647 983 2691 juramenta
1012 2657 1083 2691 que
1112 2644 1297 2678 baccllarii
1327 2650 1498 2678 tenentur
1524 2643 1655 2685 facere,
1683 2644 1833 2690 recipiat
1859 2644 1894 2677 iu
1924 2645 2105 2678 examina-

229 2720 347 2747 torum
378 2713 576 2760 presentia,
597 2719 632 2747 et
651 2713 749 2759 quod
777 2712 869 2746 nulli
889 2712 934 2746 de
956 2718 1133 2758 tempore,
1154 2711 1200 2745 de
1221 2717 1328 2752 etate,
1349 2711 1394 2744 de
1415 2709 1520 2744 libris
1547 2722 1620 2744 non
1649 2710 1782 2744 auditis
1809 2711 2011 2757 dispenset,
2034 2711 2103 2744 nisi

230 2791 296 2826 per
323 2791 544 2814 consensum
572 2780 871 2821 examinatorum,
893 2785 928 2813 et
948 2778 1047 2824 quod
1067 2779 1278 2824 ,juramenta
1308 2776 1432 2811 illicita
1462 2783 1499 2811 et
1523 2789 1541 2811 a
1562 2776 1728 2811 facultate
1759 2789 1831 2811 non
1861 2777 2036 2818 ordinata,
2068 2778 2103 2811 in

230 2852 374 2880 secreto
394 2858 459 2881 seu
481 2846 642 2893 publico,
659 2859 677 2880 a
694 2845 901 2880 bacellariis
921 2844 1154 2879 licentiandis
1180 2856 1253 2879 non
1278 2844 1409 2891 exigat.
1438 2845 1482 2877 Et
1505 2855 1585 2878 cum
1612 2843 1700 2878 dicit
1718 2843 1957 2878 cancellarius
1980 2850 2102 2889 postea

231 2913 329 2959 quod
357 2919 463 2948 tenor
490 2913 610 2948 littere
639 2913 778 2948 domini
808 2925 900 2959 pape
929 2919 985 2946 est
1011 2911 1109 2958 quod
1137 2923 1177 2945 ea
1203 2923 1273 2957 que
1301 2910 1552 2945 conceduntur
1577 2910 1762 2957 magistris
1792 2910 2046 2944 Universitatis
2071 2916 2103 2943 et

229 2978 450 3023 bucellati-iis,
472 2980 526 3015 eis
546 2980 799 3014 conceduntur
819 2979 916 3014 salva
941 2978 1109 3013 libertate
1136 2977 1292 3012 ecclesie
1320 2977 1552 3020 Parisiensis,
1573 2976 1766 3011 occasione
1793 2978 1898 3022 cujus
1926 2976 2105 3022 scripture
