2580 3528
480 402 546 435 656

499 532 529 555 32

502 949 532 971 33

502 1099 531 1121 34

502 1207 532 1228 ³5

503 1357 532 1379 36

502 1508 531 1530 37

503 1615 532 1637 38

503 1766 533 1788 39

503 1872 532 1894 40

502 1983 530 2005 111

505 2383 535 2405 43

506 2494 518 2515 '¹
522 2494 535 2515 [ι

506 2691 536 2714 45

621 527 688 554 1219

622 1353 688 1379 1220

622 1868 686 1894 1221

628 2686 641 2711 1
646 2686 692 2712 222

769 528 925 553 Novembris
941 529 971 552 16

843 958 873 962 —
937 945 966 966 30

779 1094 930 1119 Decembris
946 1095 957 1117 1

843 1215 872 1219 —
937 1201 965 1224 11

776 1353 914 1377 Februarii
929 1354 958 1376 27

816 1504 878 1528 Maii
893 1505 924 1527 29

815 1611 879 1635 Julii
894 1612 924 1634 29

771 1763 921 1787 Decembris
937 1764 967 1786 30

795 1870 915 1894 Januarii
931 1871 944 1893 2

809 1981 907 2013 Aprilis
922 1982 936 2004 2

842 2691 917 2713 —31

1062 408 1383 432 CHARTULARIUM
1419 407 1611 429 UNIVERS.
1648 405 1777 428 PARIS.

1005 528 1135 552 Honorius
1158 528 1195 551 111
1216 527 1325 551 innovat
1346 529 1474 550 statutum
1496 524 1607 549 Concilii
1626 524 1812 548 Lateranensis
1831 525 1866 548 lv
1884 525 1916 548 de
1936 524 2065 557 theologis
2086 532 2135 556 per
2156 523 2277 556 singula·

1035 572 1194 604 metropoles
1209 570 1370 599 statuendis;
1386 568 1517 602 praecipit
1531 572 1560 592 ut
1574 568 1608 592 ab
1623 568 1795 592 ecclesiarum
1809 569 1938 600 praelatis
1953 572 1979 593 et
1992 568 2118 601 capitulis
2130 569 2165 592 ad
2178 568 2279 592 theolo-

1035 617 1109 648 gicae
1130 615 1305 647 professionis
1328 614 1446 639 studium
1470 613 1553 645 aliqui
1572 613 1700 637 docibiles
1723 613 1896 642 destinentur,
1919 613 2040 637 concedit
2059 612 2229 637 studentibus
2250 612 2278 636 in

1034 661 1126 685 eadem
1139 660 1263 684 facultate
1277 667 1325 691 per
1340 659 1455 691 quinque
1470 666 1553 682 annos
1569 659 1670 681 fructus
1684 657 1873 681 beneficiorum
1888 665 2006 682 suorum.
2018 658 2130 682 Innovat
2143 657 2278 681 decretum

1035 705 1144 729 Concilii
1167 703 1339 732 Turonensis,
1358 711 1391 726 ne
1413 702 1550 734 regulares
1570 705 1664 726 exeant
1687 702 1721 725 ad
1742 702 1905 726 audiendum
1923 702 1996 734 leges
2017 702 2060 726 vel
2081 701 2230 734 physicam,
2252 704 2278 726 et

1034 749 1150 773 extendit
1171 749 1238 772 illud
1257 748 1291 771 ad
1311 755 1401 771 omnes
1421 746 1530 770 clericos
1549 749 1709 778 personatus
1729 746 1856 770 babentes
1871 749 1898 770 et
1911 747 1945 770 ad
1963 746 2143 778 presbyteros.
2166 746 2278 778 Insuper

1035 793 1129 817 statuit
1151 801 1183 816 ne
1208 792 1318 816 Parisiis
1343 791 1399 815 sive
1422 790 1449 815 in
1474 790 1581 815 civitate
1601 790 1657 815 sive
1676 791 1737 814 aliis
1759 790 1824 815 locis
1849 790 1943 815 vicinis
1963 790 2105 823 quisquam
2124 790 2218 814 docere
2235 791 2278 815 vel

1035 838 1128 861 audire
1149 837 1192 869 jus
1217 836 1294 860 civile
1313 839 1467 868 praesumat
1485 835 1536 860 sub
1554 843 1640 868 paena
1660 835 1948 863 excommunicationis.
1971 838 1998 859 et
2019 835 2137 860 Parisios
2161 835 2279 859 declarat

1034 883 1132 910 locum,
1148 881 1194 905 ubi
1212 881 1348 912 theologia
1362 880 1457 904 debeat
1471 879 1560 904 doceri
1563 896 2277 905 ............................

1003 943 1135 968 Honorius
1146 944 1184 967 111
1194 943 1348 975 Philippum
1363 942 1551 966 cancellarium
1565 942 1743 966 Parisiensem
1756 945 1867 974 propter
1876 941 1971 974 gravia
1983 942 2114 974 quaedam
2125 944 2278 966 accusatum

1034 992 1060 1012 et
1075 989 1108 1012 ad
1123 996 1199 1011 suam
1213 987 1393 1019 praesentiam
1408 986 1580 1011 constitutum
1595 987 1713 1011 Parisios
1729 986 1850 1015 remittit,
1866 986 1929 1019 quia
1942 987 2032 1010 nullus
2047 989 2187 1011 accusator
2205 994 2279 1010 com-

1034 1033 1125 1064 paruit
1127 1047 2277 1057 .............................................

1004 1095 1135 1118 Honorius
1150 1095 1187 1118 111
1202 1094 1322 1118 concedit
1341 1094 1469 1118 fratribus
1488 1093 1719 1118 Praedicatoribus
1739 1093 1935 1118 Parisiensibus
1953 1097 1983 1117 ut
2001 1093 2028 1117 in
2047 1093 2159 1117 ecclesia
2176 1092 2244 1125 ipsis
2263 1101 2279 1117 a

1034 1139 1172 1170 magistris
1187 1138 1383 1163 Parisiensibus
1399 1140 1524 1162 concessa
1541 1138 1632 1162 divina
1651 1138 1785 1162 celebrare
1799 1138 1905 1170 possint
1907 1155 2277 1163 ...............

1004 1201 1135 1225 Honorius
1151 1202 1188 1225 111
1202 1201 1334 1233 praecipit
1347 1201 1483 1233 prioribus
1495 1201 1521 1225 S.
1535 1201 1655 1232 Dionysii
1669 1204 1695 1224 et
1710 1201 1737 1225 S.
1749 1200 1874 1225 Germani
1888 1200 1921 1224 de
1935 1200 2022 1224 Pratis
2037 1189 2279 1224 Parisiensibus'ac

994 1250 997 1254 '
1035 1246 1193 1271 cancellario
1213 1245 1403 1270 Mediolanensi
1422 1245 1533 1269 Parisiis
1553 1245 1736 1274 commoranti,
1758 1248 1788 1269 ut
1805 1245 1939 1269 novellam
1954 1244 2147 1277 plantationem
2166 1246 2279 1269 fratrum

1034 1291 1251 1315 Praedicatorum
1265 1290 1375 1314 Parisiis
1389 1293 1482 1314 contra
1496 1290 1644 1322 capitulum
1658 1289 1808 1314 Parisiense
1822 1293 1849 1314 et
1862 1290 1929 1313 alios
1943 1292 2095 1321 protegant.
2114 1306 2278 1313 .......

1004 1354 1136 1377 Honorius
1161 1353 1198 1377 111
1220 1353 1314 1376 laudat
1334 1352 1478 1384 magistros
1503 1356 1529 1376 et
1553 1352 1688 1376 scholares
1710 1352 1875 1376 Parisienses
1895 1352 1929 1375 ob
1953 1360 2045 1376 eorum
2068 1351 2192 1376 affectum
2214 1359 2280 1383 erga

1035 1399 1131 1421 fratres
1150 1397 1349 1421 Praedicatores
1365 1397 1475 1421 Parisiis
1490 1397 1518 1420 in
1533 1405 1610 1420 sacra
1624 1397 1724 1429 pagina
1739 1397 1884 1426 studentes,
1901 1396 1992 1428 eisque
2011 1396 2162 1428 praedictos
2182 1397 2278 1420 fratres

1035 1442 1131 1466 iterum
1150 1442 1318 1466 commendat
1324 1457 2278 1467 .....................................

1005 1505 1136 1528 Honorius
1150 1504 1188 1528 111
1203 1505 1370 1528 commendat
1383 1504 1481 1528 Garino
1496 1503 1696 1535 archiepiscopo
1710 1503 1854 1528 Senonensi
1868 1506 1894 1527 et
1908 1503 2050 1528 Guillelmo
2063 1503 2187 1535 episcopo
2202 1502 2279 1527 Pari-

1036 1549 1118 1573 siensi
1136 1550 1231 1572 fratres
1250 1549 1312 1573 Ord.
1330 1548 1470 1576 Minorum,
1486 1551 1564 1580 atque
1579 1548 1617 1571 eis
1633 1548 1791 1580 scrupulum
1808 1548 1840 1572 de
1854 1547 1914 1580 ipso
1929 1547 2028 1572 Ordine
2043 1547 2138 1571 adimit
2139 1563 2278 1571 ......

1005 1611 1136 1635 Honorius
1154 1612 1190 1635 111
1205 1611 1352 1643 capitulum
1369 1610 1519 1635 Parisiense
1533 1610 1658 1634 laudibus
1673 1610 1848 1639 commendat,
1865 1618 1895 1634 eo
1912 1610 1983 1642 quod
1998 1610 2126 1633 fratribus
2141 1609 2279 1634 Praedica-

1035 1656 1138 1680 toribus
1154 1656 1180 1679 in
1195 1656 1299 1688 capella
1318 1655 1345 1680 S.
1360 1655 1454 1679 Jacobi
1469 1655 1553 1679 Paris.
1570 1654 1661 1678 divina
1679 1654 1814 1679 celebrare
1833 1658 1858 1678 et
1877 1654 2043 1678 cimeterium
2061 1654 2159 1678 habere
2177 1653 2279 1686 permi-

1036 1700 1101 1724 serit
1104 1715 2278 1725 ..............................................

1005 1763 1136 1787 Honorius
1151 1764 1188 1787 Ill
1203 1762 1287 1795 priori
1307 1766 1333 1786 et
1347 1762 1474 1786 fratribus
1490 1762 1598 1786 Ordinis
1613 1762 1706 1786 Praed.
1724 1762 1749 1786 S.
1766 1761 1859 1786 Jacobi
1873 1761 1959 1785 Paris.
1978 1762 2088 1785 fratrem
2107 1761 2280 1786 Guillelmum

1035 1808 1210 1835 commendat,
1225 1807 1270 1839 qui
1285 1815 1344 1831 cum
1359 1807 1396 1831 eis
1412 1806 1522 1831 Parisiis
1536 1806 1660 1830 studendi
1672 1814 1754 1830 causa
1765 1805 1887 1830 habitare
1902 1805 1983 1838 elegit
1985 1822 2278 1830 ............

1005 1870 1137 1894 Honorius
1152 1871 1189 1894 111
1205 1871 1300 1894 fratres
1316 1870 1514 1893 Praedicatores
1529 1870 1555 1893 S.
1569 1869 1662 1893 Jacobi
1675 1869 1759 1893 Paris.
1774 1872 1800 1893 et
1813 1869 1922 1893 fratrem
1935 1868 2107 1893 Guillelmum
2120 1867 2279 1892 familiarem

1036 1923 1114 1938 suum
1129 1915 1266 1946 magistris
1282 1918 1308 1938 et
1322 1914 1489 1938 scholaribus
1504 1914 1589 1938 Paris.
1605 1914 1781 1938 commendat.
1802 1928 2278 1939 ...................

1005 1981 1137 2005 Honorius
1153 1982 1190 2005 111
1205 1981 1339 2013 Stephano
1359 1980 1560 2012 archiepiscopo
1575 1979 1760 2005 Cantuariensi
1777 1983 1802 2004 et
1817 1980 1936 2004 Hervaeo
1951 1979 2076 2003 Trecensi
2090 1986 2121 2003 ac
2136 1978 2278 2004 Guillelmo

1036 2026 1190 2050 Lexoviensi
1214 2026 1347 2058 episcopis
1371 2026 1480 2049 mandat
1503 2028 1532 2049 ut
1554 2025 1671 2049 Parisios
1700 2025 1826 2048 accedant
1848 2027 1874 2048 et
1897 2024 2034 2056 inquirant
2057 2031 2138 2056 super
2163 2023 2278 2056 querelis

1036 2071 1155 2103 episcopi
1177 2071 1345 2098 Parisiensis,
1367 2078 1433 2102 quas
1455 2070 1488 2093 ad
1510 2070 1685 2102 apostolicam
1706 2070 1796 2093 sedem
1817 2072 1909 2092 contra
1929 2068 2073 2100 magistros
2097 2071 2123 2092 et
2143 2068 2279 2092 scholares

1036 2115 1199 2139 Parisienses
1214 2115 1317 2143 detulit,
1334 2118 1503 2146 statuuntque
1522 2114 1592 2146 quod
1612 2113 1693 2137 statui
1712 2113 1794 2137 studii
1811 2116 1837 2137 et
1855 2113 1964 2137 utilitati
1984 2112 2148 2137 studentium
2164 2112 2280 2136 viderint

1037 2160 1160 2191 expedire
1181 2174 2277 2184 ...........................................

1006 2226 1171 2251 Universitas
1196 2226 1385 2257 magistrorum
1408 2229 1434 2249 et
1457 2225 1619 2249 scholarium
1640 2225 1794 2254 Parisiens.,
1819 2224 1948 2257 quidquid
1969 2224 2039 2256 juris
2064 2224 2145 2248 habet
2168 2224 2195 2247 in
2220 2224 2278 2248 loco

1038 2271 1063 2294 S.
1090 2271 1182 2294 Jacobi
1205 2279 1295 2294 coram
1317 2270 1428 2294 ecclesia
1451 2270 1478 2293 S.
1501 2269 1637 2301 Stephani,
1662 2269 1739 2293 fratri
1760 2269 1892 2293 Matthaeo
1916 2269 2001 2301 priori
2020 2269 2129 2301 ejusque
2151 2268 2278 2293 fratribus

1037 2315 1144 2339 Ordinis
1160 2316 1255 2339 Praed,
1269 2318 1294 2338 et
1309 2314 1361 2346 ipsi
1377 2314 1470 2338 Ordini
1485 2317 1579 2346 sponte
1594 2322 1624 2337 ac
1640 2314 1722 2338 libere
1737 2315 1840 2338 confert
1858 2317 1884 2338 et
1903 2314 1984 2337 donat
1986 2330 2277 2339 ............

1006 2382 1132 2413 Magister
1145 2382 1279 2405 Johannes
1292 2382 1406 2405 decanus
1421 2381 1446 2405 S.
1464 2381 1582 2409 Quintini
1598 2381 1780 2405 Noviomensis
1794 2380 1922 2404 dioecesis
1937 2380 2018 2404 donat
2032 2380 2159 2404 fratribus
2175 2379 2280 2404 Praedi-

1037 2426 1171 2450 catoribus
1187 2426 1270 2450 Paris.
1288 2426 1417 2458 quidquid
1429 2426 1498 2457 juris
1514 2425 1593 2449 habet
1608 2425 1718 2449 Parisiis
1734 2426 1760 2449 in
1775 2426 1832 2449 loco
1846 2433 1894 2449 suo
1909 2433 1999 2448 coram
2013 2425 2039 2449 S.
2057 2424 2200 2456 Stephano.
2218 2441 2225 2449 .
2245 2441 2252 2448 .
2270 2441 2278 2448 .

1007 2493 1137 2516 Honorius
1153 2493 1188 2516 ΙΙΙ
1204 2492 1314 2521 cantori,
1325 2492 1510 2516 archidiacono
1522 2492 1630 2524 majoris
1645 2492 1771 2516 ecclesiae
1785 2495 1811 2516 et
1825 2492 1923 2515 decano
1939 2492 1964 2515 S.
1978 2491 2103 2516 Germani
2117 2490 2280 2514 Autissiodo-

1038 2538 1122 2563 rensis
1143 2537 1338 2560 Parisiensibus
1358 2537 1467 2560 mandat
1484 2540 1514 2560 ut
1532 2537 1647 2560 Johanni
1667 2537 1765 2560 decano
1786 2537 1811 2560 S.
1834 2536 1962 2565 Quintini,
1982 2536 2027 2568 qui
2047 2537 2143 2560 fratres
2162 2535 2194 2559 de
2214 2535 2278 2559 Ord.

1038 2582 1130 2605 Praed.
1151 2581 1261 2605 Parisiis
1282 2581 1308 2604 in
1327 2581 1407 2605 theol.
1425 2582 1549 2605 facultate
1564 2581 1647 2610 docet,
1668 2581 1787 2604 redditus
1807 2584 1833 2604 et
1846 2581 1945 2604 vicario
1965 2580 2022 2612 ejus
2042 2579 2243 2604 distributiones
2263 2587 2279 2603 a

1038 2626 1153 2657 capitulo
1173 2626 1291 2649 exhiberi
1311 2626 1409 2649 faciant
1411 2640 2276 2650 ..................................

1007 2692 1137 2715 Honorius
1158 2693 1193 2716 ΙΙΙ
1214 2692 1406 2716 archidiaconis
1427 2692 1547 2716 Remensi
1568 2700 1598 2715 ac
1618 2691 1763 2716 Senonensi
1782 2694 1808 2716 et
1826 2700 1896 2724 mag.
1917 2692 1995 2715 Petro
2014 2692 2046 2714 de
2065 2690 2225 2715 Collemedio
2249 2693 2278 2713 ut

1038 2737 1235 2760 exsecutoribus
1256 2736 1357 2765 scribit,
1376 2745 1443 2768 quae
1457 2737 1587 2768 pendente
1602 2737 1647 2760 lite
1665 2736 1733 2760 inter
1748 2736 1919 2760 Guillelmum
1939 2736 2103 2767 episcopum,
2124 2734 2277 2766 Philippum

1037 2781 1223 2804 cancellarium
1239 2784 1264 2804 et
1279 2781 1419 2804 officialem
1439 2781 1524 2805 Paris.
1544 2790 1575 2804 ex
1592 2789 1653 2809 una,
1674 2783 1699 2804 ct
1717 2780 1860 2812 magistros
1880 2783 1906 2804 et
1919 2780 2053 2804 scholares
2075 2788 2107 2803 ex
2124 2779 2177 2802 alia
2191 2782 2275 2810 parte,

1038 2825 1174 2848 observari
1189 2826 1302 2849 debeant
1315 2826 1491 2857 prohibetque
1510 2834 1542 2849 ne
1562 2826 1702 2857 episcopus
1718 2833 1764 2849 nec
1779 2825 1875 2856 aliquis
1894 2825 1962 2848 alius
1977 2824 2033 2856 ejus
2049 2823 2154 2847 nomine
2168 2823 2195 2847 in
2210 2823 2277 2847 Uni-

1037 2869 1190 2893 versitatem
1203 2870 1360 2893 sententiam
1373 2870 1650 2893 excommunicationis
1661 2871 1781 2901 proferre
1793 2869 1887 2901 possit.
1902 2868 2011 2892 Interim
2023 2868 2103 2892 etiam
2116 2876 2180 2891 usus
2194 2867 2276 2899 sigilli

1038 2914 1199 2937 scholarium
1214 2915 1401 2945 suspendatur,
1420 2922 1467 2938 nec
1482 2914 1616 2938 scholares
1630 2914 1774 2937 secundum
1789 2913 1908 2937 nationes
1924 2921 1986 2936 suas
2002 2913 2054 2936 sibi
2069 2920 2229 2944 quemquam
2242 2912 2276 2936 ad

1038 2958 1202 2981 ulciscendas
1222 2958 1333 2990 injurias
1353 2958 1510 2990 praeficiant
1518 2973 2274 2983 ..............................

2338 1803 2369 1827 97

2338 1910 2368 1934 97

2323 2422 2369 2446 100

2323 2622 2366 2646 101

2321 2955 2366 2978 102
