2580 3528
301 421 399 462 1229]
644 431 687 453 ΑΒ
721 431 828 452 Anno
862 430 940 453 nce
975 430 1108 459 asom:
1142 430 1192 452 An
1227 430 1459 452 PHILIPPUM
1495 430 1536 452 1v
1570 430 1659 452 nse..
1697 430 1834 452 fasse.
2115 422 2178 453 125

298 503 488 550 parrochia
521 504 642 538 Sancti
675 503 791 546 Pauli,
825 503 982 537 reddent
1015 503 1171 537 ecclesie
1209 503 1324 537 sancti
1359 503 1459 536 Pauli
1498 503 1592 536 duos
1627 503 1768 536 solidos
1806 503 1910 536 annis
1951 504 2108 548 singulis
2142 505 2178 537 in

298 570 459 604 crastino
479 570 728 616 apostolorum
756 571 853 604 Petri
875 577 910 604 et
929 570 1030 604 Pauli
1056 570 1094 603 in
1113 570 1489 616 recompensationem
1512 570 1608 615 juris
1634 569 1884 615 parrochialis,
1907 570 2004 614 qnod
2030 570 2066 603 in
2088 571 2179 604 locis

297 636 417 671 taliter
435 637 625 683 acquisitis
645 637 819 670 sacerdos
838 637 1046 683 perciperet
1063 636 1122 670 vel
1142 637 1332 682 percipere
1353 643 1492 682 posset,
1515 632 1626 669 sires
1643 637 1679 669 in
1696 643 1789 669 statu
1811 636 1918 669 solito
1936 644 2176 681 permaneret,

296 703 370 737 nisi
389 704 483 737 forte
504 704 541 736 in
561 703 636 737 illis
663 703 836 737 domibus
859 703 1082 737 habitatores
1107 704 1169 749 qui
1190 704 1273 749 jura
1294 703 1481 737 solverent
1501 703 1739 749 parrochialia
1764 709 2005 745 morarentur,
2027 703 2085 736 vel
2106 704 2177 736 nisi

295 770 426 804 fratres
460 777 624 816 tempore
659 770 881 816 procedente
915 782 976 804 eas
1010 770 1047 803 in
1077 782 1163 803 suas
1196 777 1453 804 converterent
1485 770 1660 803 officinas.
1697 770 1788 813 Quia
1818 782 1904 803 vero
1939 782 2012 803 non
2047 777 2101 803 cst
2141 771 2177 803 in

295 835 455 870 hominis
488 843 668 883 potestate
702 837 823 870 omnia
852 837 1006 883 dampna
1041 844 1077 870 et
1114 837 1275 883 pericula
1309 849 1374 883 per
1407 837 1591 883 integrum
1631 837 1839 882 previdere,
1872 848 1942 882 que
1977 848 2020 869 ex
2055 844 2177 870 nostra

295 903 539 938 concessione
570 910 727 950 possunt
761 904 917 937 ecclesie
951 904 1066 937 sancti
1100 904 1201 938 Pauli
1231 904 1396 938 accidere
1427 904 1464 937 in
1492 904 1627 945 futuro⁷
1654 904 1784 937 fratres
1819 903 1864 936 de
1899 903 2028 936 ordine
2062 903 2178 937 Vallis

296 970 497 1004 Scolarium
527 971 565 1004 in
595 983 702 1004 manu
728 977 853 1005 nostra
877 978 1021 1004 centum
1053 971 1291 1017 quadraginta
1320 970 1433 1004 libras
1463 971 1636 1016 parisien.
1672 977 1876 1016 posuerunt
1908 970 1952 1003 ad
1982 970 2176 1003 emendum

294 1037 463 1071 redditus
483 1037 528 1071 ad
548 1050 642 1084 opus
663 1037 882 1084 presbyterii
908 1037 1063 1071 ecclesie
1084 1038 1199 1071 sancti
1220 1037 1335 1079 Pauli,
1357 1044 1394 1071 ut
1415 1049 1481 1083 per
1499 1037 1568 1070 hoc
1588 1037 1635 1070 ob
1657 1037 1755 1070 omni
1776 1037 1933 1082 dampno
1954 1036 2070 1070 valeat
2088 1037 2177 1070 rele-

293 1104 383 1138 vari.
407 1105 482 1138 Hec
506 1111 625 1138 autem
647 1104 811 1138 ordinata
832 1111 918 1138 sunt
936 1117 955 1138 a
976 1104 1084 1138 nobis
1109 1104 1207 1138 salva
1232 1104 1474 1150 subjectione,
1501 1104 1709 1138 obedientia
1734 1110 1769 1137 et
1788 1104 1992 1137 reverentia
2013 1103 2121 1137 nobis
2143 1111 2177 1137 et

295 1170 578 1204 successoribus
604 1171 742 1204 nostris
767 1177 803 1205 et
825 1171 980 1204 ecclesie
1005 1171 1203 1205 Parisiensi
1230 1171 1363 1213 debita,
1391 1183 1496 1216 quam
1523 1171 1653 1204 fratres
1674 1171 1922 1216 promiserunt
1947 1183 1986 1204 se
2010 1170 2118 1204 nobis
2139 1171 2175 1204 in

295 1244 512 1284 perpetuum
534 1238 767 1284 impensuros
788 1238 885 1272 salva
910 1238 967 1271 sni
988 1238 1130 1271 ordinis
1151 1238 1356 1284 disciplina,
1380 1250 1447 1271 nec
1468 1250 1637 1283 umquam
1663 1238 1756 1271 facto
1776 1237 1834 1271 vel
1855 1237 1951 1271 dicto
1973 1249 2038 1283 per
2058 1250 2098 1270 se
2118 1238 2175 1271 vel

295 1315 361 1350 per
380 1303 491 1338 alium
511 1311 828 1346 contraventuros,
852 1305 1111 1338 renunciantes
1137 1311 1309 1350 quantum
1331 1305 1375 1338 ad
1396 1304 1465 1337 hoc
1486 1305 1584 1337 omni
1606 1304 1799 1350 privilegio
1826 1316 1899 1337 non
1920 1304 2038 1337 solum
2063 1305 2176 1350 impe-

294 1377 398 1412 trato,
421 1371 487 1404 sed
508 1370 621 1404 eciam
643 1371 884 1416 impetrando.
914 1372 967 1404 De
992 1371 1063 1404 hiis
1090 1371 1243 1417 insuper
1267 1371 1426 1404 fideliter
1446 1377 1481 1404 et
1505 1370 1778 1404 immutabiliter
1802 1370 2042 1404 observandis
2064 1372 2177 1416 major

293 1437 395 1484 prior
428 1437 546 1471 tocius
582 1437 724 1471 ordinis
758 1437 898 1471 litteras
933 1437 1033 1471 dabit
1066 1437 1190 1484 sigillo
1225 1438 1374 1484 proprio
1408 1438 1654 1483 consignatas.
1682 1439 1723 1470 In
1753 1438 1858 1482 cujus
1888 1438 1940 1470 rei
1966 1438 2175 1471 testimonio

293 1510 490 1550 presentes
511 1504 651 1538 litteras
673 1504 787 1550 sigilli
813 1505 929 1538 nostri
950 1505 1151 1538 munimine
1172 1505 1326 1538 fecimus
1346 1504 1523 1538 roborari.
1546 1505 1675 1537 Actum
1697 1516 1792 1537 anno
1814 1504 1958 1536 Domini
1981 1504 2175 1538 millesimo

292 1571 548 1605 ducentesimo
568 1571 744 1605 vicesimo
761 1583 872 1614 nono,
894 1583 1021 1605 mense
1043 1571 1261 1618 Septembri.

386 1668 523 1700 originale
538 1669 565 1692 in
581 1668 662 1693 Arch.
679 1672 733 1693 nat.
750 1669 833 1694 Paris.
851 1670 878 1694 S.
895 1669 982 1698 101312,
998 1674 1028 1693 n⁰
1042 1672 1064 1693 5.
1081 1669 1160 1694 Deest
1179 1669 1307 1702 sigillum.
1323 1683 1354 1688 —
1368 1670 1467 1698 Valois,
1490 1670 1656 1695 Guillaume
1673 1670 1860 1701 d’Auveryne,
1876 1678 1902 1701 p.
1919 1671 1974 1698 ³39,
1990 1674 2020 1693 n⁰
2035 1670 2072 1693 15.
2089 1670 2177 1694 Mense

290 1712 400 1738 Octobri
414 1713 532 1746 ejusdem
553 1713 616 1737 anni
640 1713 782 1746 episcopus
803 1714 899 1738 iterum
918 1715 1036 1739 declarat
1054 1722 1082 1738 se
1105 1714 1240 1738 licentiam
1260 1715 1365 1738 dedisse
1385 1715 1492 1738 domum
1517 1718 1543 1738 et
1561 1714 1698 1738 ecclesiam
1719 1714 1897 1738 construendi.
1922 1714 2000 1739 Arch.
2021 1718 2074 1739 nat.
2090 1715 2175 1739 Paris.

288 1758 307 1782 l.
326 1766 360 1787 c.,
375 1761 405 1782 ιν)
418 1759 442 1782 9.
458 1758 558 1787 valois,
574 1766 601 1790 p.
619 1759 673 1788 ³42,
689 1762 719 1782 n⁰
733 1759 771 1782 16.

385 1843 407 1867 1.
423 1842 492 1871 Quia
506 1843 617 1867 ecclesia
633 1846 777 1868 conventus
793 1846 896 1868 sacratu
911 1847 969 1868 erat.
983 1847 1089 1868 sanctae
1104 1843 1268 1868 Cuthcrinae.

289 2022 369 2061 69.
394 2033 547 2069 Gregorius
567 2034 614 2060 IX
631 2033 740 2070 agendi
766 2034 879 2060 modum
906 2033 1050 2061 Guillelmi
1073 2035 1202 2072 episcopi
1224 2035 1402 2061 Parisiensis
1429 2043 1498 2070 erga
1527 2035 1744 2061 Universitatem
1765 2036 1961 2062 Paris-[ensem
1980 2036 2172 2072 reprehendit,

378 2090 441 2108 eum
461 2083 490 2109 in
509 2082 691 2110 dissensione
709 2083 831 2110 suborta
851 2084 925 2110 inter
943 2092 1036 2119 regem
1058 2087 1086 2110 et
1105 2084 1234 2119 reginam
1254 2092 1291 2110 ex
1310 2092 1377 2119 una,
1396 2087 1424 2110 et
1442 2084 1597 2119 magistros
1619 2087 1648 2110 et
1668 2083 1816 2111 scholares
1839 2093 1876 2111 ex
1895 2084 1990 2111 altera
2011 2089 2096 2121 parte
2118 2094 2173 2111 non

377 2129 470 2158 solum
485 2140 517 2158 se
532 2131 657 2158 medium
669 2140 778 2168 ponere
793 2141 849 2159 non
864 2133 1014 2168 curaverit,
1031 2132 1084 2159 sed
1103 2133 1192 2159 etiam
1207 2141 1242 2159 ne
1257 2133 1410 2170 pactiones
1430 2132 1468 2159 ab
1483 2136 1607 2169 utraque
1618 2137 1705 2170 parte
1720 2133 1811 2159 initae
1826 2137 2008 2160 servarentur
2023 2134 2173 2160 consiliam

379 2179 521 2208 tribuerit.

1463 2233 1542 2262 1229,
1557 2231 1703 2258 Novembris
1716 2233 1763 2262 23,
1780 2233 1886 2259 Fonteii.

381 2329 404 2337 ..
428 2304 613 2351 Episcopo
635 2305 847 2339 Parisiensi.
868 2305 996 2340 Virum
1017 2306 1218 2340 secundum
1245 2318 1308 2340 cor
1332 2312 1498 2340 nostrum
1519 2306 1707 2340 invenisse
1726 2307 1933 2348 credentes,
1956 2313 1991 2340 et
2011 2307 2172 2340 exultare

288 2382 329 2404 ac
351 2369 455 2404 letari
482 2382 594 2417 posse
615 2371 652 2405 in
673 2378 707 2405 te
728 2378 908 2418 tamquam
930 2385 948 2406 a
969 2372 1079 2406 rectis
1105 2372 1239 2406 dilecto
1261 2385 1372 2418 super
1396 2379 1503 2419 caput
1523 2379 1622 2406 tuum
1644 2385 1746 2406 sacre
1767 2373 1950 2407 unctionis
1977 2373 2173 2407 effudimus

288 2435 424 2479 oleum,
447 2443 486 2471 ut
507 2437 662 2472 nitorem
689 2438 915 2472 conscientie
943 2439 1107 2473 retinens
1132 2439 1169 2472 in
1191 2439 1308 2485 teipso
1330 2439 1517 2473 emitteres
1543 2439 1687 2473 sincere
1710 2439 1753 2473 ad
1779 2439 1965 2485 proximos
1986 2440 2172 2485 opinionis

288 2503 455 2543 odorem,
472 2504 560 2538 etin
578 2511 715 2551 partem
737 2505 998 2539 sollicitudinis
1019 2512 1190 2540 evocatus
1206 2506 1259 2539 sic
1280 2506 1449 2540 traditum
1471 2505 1537 2539 tibi
1557 2506 1799 2539 ministerium
1820 2506 2054 2552 adimpleres,
2073 2507 2170 2553 quod

287 2582 501 2617 a-supremo
527 2578 628 2617 patre
654 2572 808 2606 familias
836 2584 844 2606 z
870 2587 887 2605 «
911 2574 1026 2619 Euge,
1050 2585 1155 2607 serve
1181 2572 1277 2606 bone
1303 2579 1339 2606 et
1358 2572 1492 2615 fidelis,
1514 2573 1607 2607 intra
1628 2573 1665 2606 in
1690 2573 1862 2619 gaudium
1891 2573 2036 2607 Domini
2063 2574 2113 2607 tui
2139 2588 2169 2615 n,

287 2638 486 2672 merereris
516 2638 657 2681 audire,
689 2639 879 2673 offerendo
909 2639 1027 2673 eidem
1059 2639 1191 2673 talenta
1221 2639 1286 2673 tibi
1316 2639 1452 2673 credita
1483 2639 1676 2686 duplicata,
1703 2646 1738 2674 et
1762 2652 1830 2674 nos
1860 2640 1930 2686 ipsi
1958 2641 2019 2686 qui
2046 2641 2171 2675 auditu

286 2704 428 2738 aurium
457 2705 579 2751 potius
607 2718 713 2751 quam
734 2706 957 2752 experientia
984 2706 1126 2740 excitati
1148 2713 1182 2740 te
1204 2706 1300 2740 notis
1322 2706 1540 2753 pretulimus
1563 2713 1599 2740 et
1621 2707 1793 2753 expertis,
1821 2707 2081 2741 committendo
2106 2708 2170 2742 tibi

287 2770 531 2805 Parisiensem
563 2772 771 2815 ecclesiam,
807 2785 877 2819 quc
921 2773 1069 2820 quidem
1100 2773 1277 2807 abscondi
1313 2785 1386 2807 non
1420 2780 1553 2820 potest,
1585 2780 1710 2819 utpote
1744 2774 1871 2807 civitas
1905 2774 2021 2820 posita
2061 2787 2170 2820 supra

287 2844 461 2880 montem,
487 2838 638 2885 gloriari
668 2851 863 2886 possemus
892 2841 999 2882 vinee
1030 2840 1176 2874 Domini
1206 2839 1361 2874 Sabaoth
1391 2840 1568 2874 cultorem
1597 2840 1721 2874 utilem
1747 2841 1958 2886 perfecisse.
1991 2841 2061 2874 Sed
2087 2854 2171 2875 ecce

287 2904 386 2950 quod
408 2904 578 2939 dolentes
603 2906 798 2941 referimus
818 2906 952 2942 vulnus
973 2906 1017 2941 ab
1037 2907 1143 2941 hoste
1169 2904 1243 2941 non
1263 2913 1450 2953 expectato
1471 2907 1632 2941 serentes
1655 2914 1691 2941 et
1711 2919 1776 2953 spe
1800 2914 1974 2953 concepta
1995 2908 2168 2949 frustrati,

287 2970 341 3005 sic
364 2970 410 3005 de
431 2971 503 3006 tuis
524 2973 787 3008 confundimur
806 2973 960 3017 actibus,
983 2974 1081 3021 quod
1103 2974 1148 3008 de
1170 2981 1204 3008 te
1229 2973 1484 3021 compellimur
1510 2973 1633 3007 dicere
1652 2973 1711 3008 vel
1732 2974 1834 3008 inviti
1852 2985 1859 3007 :
1879 2988 1895 3005 «
1915 2974 2054 3007 Pcnitct
2074 2973 2169 3007 hunc
