2580 3528
231 397 328 439 1269]
570 408 618 431 AB
651 407 759 430 Anno
793 407 871 430 uec
905 407 1036 436 usqum
1070 408 1120 429 An
1154 407 1383 432 munerum
1418 408 1458 429 1v
1491 408 1582 431 nso.
1618 409 1754 431 ruine.
2039 402 2103 435 481

228 482 412 516 destinare
432 488 630 528 procurent
648 481 838 515 audituros
859 488 896 515 et
915 487 1130 527 recepturos
1151 481 1417 515 ordinationem
1443 488 1478 515 et
1504 482 1752 528 provisionem
1775 495 1880 528 quam
1903 496 2014 529 super
2034 485 2105 519 hiis

228 547 440 582 duxerimus
458 548 673 581 faciendam.
696 548 798 581 Diem
820 554 941 582 autem
961 547 1174 593 prefixionis
1195 547 1419 593 hujusmodi,
1439 554 1503 582 etc.

321 641 450 667 collectio
463 641 558 665 Earini
572 641 605 665 de
619 641 702 665 Eholo
717 641 744 665 in
759 641 836 665 Arch.
853 641 880 666 S.
894 641 965 665 Petri
979 641 1012 665 de
1026 641 1107 670 Urbe,
1121 641 1184 665 eod.
1201 641 1228 666 C.
1246 641 1300 670 117,
1318 642 1363 666 t'ol.
1379 643 1434 667 226.
1450 642 1526 666 Arch.
1543 642 1600 666 Vnt.
1617 650 1684 666 arm.
1700 643 1740 671 31,
1754 647 1783 666 n⁰
1798 644 1836 671 72,
1852 651 1893 675 ep.
1908 644 1978 671 2336,
1994 644 2037 667 sol.
2051 645 2106 669 228.

225 686 325 710 Nomen
338 693 426 718 papae
439 688 466 710 et
480 686 608 718 temporis
623 689 686 710 nota
699 685 893 710 desiderantur.
909 686 1058 718 Epistulam
1072 686 1200 710 Clementi
1215 686 1249 710 lv
1263 685 1363 710 ascribi
1376 694 1456 718 posse
1475 689 1502 710 et.
1515 687 1608 710 ultimo
1624 687 1730 719 quidem
1745 695 1814 711 anno
1829 687 1956 719 ejusdem,
1972 696 2003 712 ex
2023 689 2106 712 colla-

225 730 296 755 tione
309 730 438 763 epistolae
452 739 513 754 cum
527 731 684 754 documento
698 730 768 754 infra
783 735 812 754 n⁰
826 731 872 754 1127
890 730 1026 763 publicato
1041 734 1067 754 et
1085 731 1185 754 eisdem
1199 731 1332 763 episcopis
1348 731 1477 763 inscripto
1492 735 1612 763 apparet.
1627 732 1749 764 quumvis
1766 733 1878 756 fortasse
1893 733 1990 764 potiori
2006 733 2107 757 ratione

226 775 260 799 nd
276 775 414 800 Urbanum
434 775 468 799 W
486 775 624 799 referenda
639 775 682 804 sit,
698 778 728 799 ut
741 783 773 799 ex
787 775 865 799 modo
880 775 984 799 dicendi
999 775 1059 807 quis
1072 775 1202 807 judicium
1222 777 1291 800 ferre
1309 776 1403 808 possit.
1420 776 1456 800 De
1475 776 1535 800 aliis
1554 776 1725 808 pontificibus
1739 777 1783 800 hic
1798 777 1841 809 agi
1861 786 1913 801 non
1933 781 2028 809 potest.

320 860 342 884 1.
362 859 412 884 Mn.
433 859 511 885 Arch.
527 861 555 885 S.
576 860 647 885 Petri
669 869 674 884 z
693 869 705 884 α
720 860 858 884 laboribus
876 869 898 886 »,
914 874 946 878 -—
961 862 983 884 2.
1000 860 1125 884 Urbanus
1145 861 1178 884 lv
1193 861 1363 892 praeprimis,
1380 869 1530 893 quanquam
1550 865 1576 885 et
1594 862 1715 885 Clemens
1731 862 1772 890 lv,
1794 862 1904 886 Parisiis
1925 862 1988 886 olim
2009 863 2104 886 studiis

225 911 334 937 operam
348 904 439 929 dabat.
453 918 485 923 -
501 905 524 929 3.
538 905 587 929 Ma.
602 905 680 929 Areh.
691 905 748 929 Vnt.
762 913 768 929 ε
787 914 799 929 α
815 905 902 929 minus
918 914 940 929 ».
955 919 987 923 —
1001 906 1025 929 4.
1045 914 1057 928 «
1073 905 1105 929 Et
1121 905 1212 929 aliis...
1229 905 1356 929 ordinetis
1377 914 1389 928 »
1404 914 1456 929 om.
1473 914 1521 929 ms.
1538 906 1615 930 Arch.
1631 906 1688 930 Vat.

224 1049 340 1087 426.
364 1059 513 1085 Sententia
528 1059 669 1095 officialis
685 1059 784 1086 curiae
801 1059 980 1086 Parisionsis
995 1064 1095 1086 contra
1111 1059 1230 1086 clericos
1246 1064 1274 1086 et
1288 1059 1446 1095 scholares,
1464 1060 1514 1096 qui
1528 1059 1564 1086 de
1579 1065 1660 1086 nocte
1675 1065 1703 1087 et
1722 1060 1769 1087 die
1784 1061 1911 1087 Parisiis
1930 1071 1991 1088 cum
2013 1063 2104 1088 armis

315 1107 450 1135 incedunt
464 1111 493 1134 et
503 1108 622 1144 flagitia
637 1109 824 1136 committunt.

1433 1159 1510 1189 1209,
1525 1159 1644 1186 danum-ii
1655 1159 1688 1189 11,
1703 1160 1816 1186 Pertalis.

315 1231 489 1266 Officialis
516 1233 617 1266 curie
644 1232 863 1267 Parisiensis
891 1233 1075 1266 universis
1103 1232 1339 1266 ecclesiarum
1369 1233 1587 1274 rectoribus,
1619 1234 1805 1279 magistris
1834 1241 1870 1268 et
1899 1235 2105 1269 scolaribus

226 1298 264 1332 in
283 1298 427 1333 civitate
448 1305 484 1332 et
503 1298 682 1332 suburbio
703 1299 901 1333 Parisiensi
922 1299 1143 1341 constitutis,
1166 1299 1210 1333 ad
1231 1311 1323 1345 quos
1345 1306 1536 1348 presentes
1557 1300 1676 1334 littere
1695 1302 1930 1346 pervenerint
1949 1301 2102 1336 salutem

224 1365 262 1399 in
282 1365 452 1399 Domino.
474 1365 663 1411 Frequens
683 1371 719 1399 et
737 1365 884 1399 assidua
904 1366 1102 1399 insinuatio
1124 1365 1406 1412 circumstrepit,
1428 1367 1526 1412 quod
1547 1367 1715 1400 nonnulli
1731 1367 1855 1401 clerici
1872 1375 1907 1401 et
1926 1369 2101 1410 scolares,

225 1443 368 1466 necnon
389 1432 600 1466 eorumdem
623 1432 840 1474 servientes,
857 1432 1018 1466 fatuitate
1039 1433 1203 1478 ipsorum
1220 1432 1437 1466 clericorum
1459 1433 1600 1475 confisi,
1620 1445 1685 1467 sue
1707 1434 1834 1468 salutis
1856 1435 2101 1477 immemores,

225 1499 340 1532 Deum
361 1510 435 1532 non
459 1497 638 1532 habentes
663 1510 727 1544 pre
754 1498 886 1541 oculis,
912 1506 998 1533 sunt
1022 1499 1197 1541 Parisius,
1224 1499 1286 1545 qui
1310 1500 1418 1533 vitam
1444 1500 1669 1534 scolasticam
1698 1501 1832 1534 ducere
1860 1513 1900 1534 se
1921 1501 2103 1547 fingentes

224 1565 374 1599 illicitos
403 1571 440 1599 et
466 1565 695 1599 facinorosos
724 1572 827 1599 actus
856 1577 944 1612 sepe
974 1572 1010 1599 et
1039 1566 1165 1612 sepius
1195 1577 1378 1599 armorum
1408 1566 1635 1600 confidencia
1666 1566 1795 1601 confisi
1826 1574 2036 1613 perpetrant
2069 1575 2105 1602 et

224 1638 395 1666 exercent
415 1643 423 1665 :
444 1631 629 1673 videlicet,
650 1632 749 1678 quod
770 1632 815 1666 de
836 1632 895 1666 die
915 1639 951 1666 et
970 1639 1077 1666 nocte
1098 1632 1232 1666 multos
1252 1632 1446 1666 vulnerant
1464 1634 1647 1674 atrociter,
1671 1634 1908 1676 interficiunt,
1929 1635 2104 1669 mulieres

225 1699 381 1745 rapiunt,
414 1698 627 1744 obprimunt
652 1699 829 1745 virgines,
858 1698 1022 1745 hospicia
1049 1700 1234 1746 frangunt,
1266 1711 1409 1733 necnon
1435 1699 1622 1734 latrocinia
1650 1707 1684 1734 et
1711 1700 1820 1735 multa
1848 1701 1916 1735 alia
1942 1703 2104 1736 enormia

225 1766 302 1799 Deo
338 1764 489 1799 odibilia
525 1777 612 1812 sepe
648 1771 685 1799 et
719 1766 846 1812 sepius
880 1766 1153 1800 committendo.
1194 1767 1237 1800 Et
1270 1767 1441 1812 quoniam
1476 1766 1542 1800 hec
1578 1774 1614 1801 et
1641 1767 1709 1801 alia
1745 1780 1810 1813 per
1846 1768 2103 1803 confidentiam

223 1843 405 1866 armorum
429 1838 466 1866 et
486 1843 594 1866 usum
615 1838 887 1879 attemptantur,
911 1845 993 1875 nos,
1015 1833 1245 1867 attendentes
1267 1833 1454 1867 decretum
1475 1834 1607 1867 summi
1629 1834 1828 1880 pontificis,
1850 1847 1922 1880 quo
1943 1842 2103 1878 cavetur,

223 1898 322 1945 quod
350 1898 474 1933 clerici
503 1910 601 1932 arma
630 1905 818 1945 portantes
856 1900 1240 1942 excommunicentur3
1273 1900 1502 1934 attendentes
1538 1901 1659 1943 etiam,
1691 1901 1788 1947 quod
1820 1902 2104 1947 predecessores

223 1965 340 2000 nostri
370 1965 423 2000 sic
453 1965 667 2000 incedentes
696 1965 893 2012 aliquando
923 1967 1343 2009 excommunicaverunt,
1370 1967 1527 2013 ideoque
1552 1967 1621 2002 hoc
1647 1968 1694 2002 sit
1723 1969 1907 2002 notorium
1933 1975 1970 2003 et
1995 1970 2103 2003 mani-

221 2032 355 2066 festum
390 2031 489 2078 quod
519 2044 594 2066 non
630 2039 751 2079 potest
787 2033 909 2079 aliqua
945 2034 1248 2080 tergiversatione
1284 2034 1394 2068 celari
1433 2041 1469 2068 et
1504 2046 1630 2068 eorum
1666 2036 1847 2069 sententia
1881 2048 1955 2069 non
1994 2037 2105 2071 suerit

223 2104 408 2139 revocatam
439 2098 605 2133 volentes
632 2111 826 2134 occurrere
856 2101 964 2134 tantis
996 2100 1099 2134 malis
1130 2107 1165 2135 et
1191 2101 1267 2147 paci
1292 2113 1332 2135 ac
1359 2101 1610 2147 tranquillitati
1637 2102 1862 2136 studentium
1889 2109 1925 2136 et
1948 2103 2102 2137 aliorum

224 2161 262 2194 in
291 2172 378 2206 pace
406 2161 530 2195 vivere
558 2161 759 2196 volentium
789 2163 1013 2208 providere:
1042 2163 1086 2197 ad
1119 2163 1327 2197 instantiam
1363 2163 1559 2197 multorum
1591 2163 1770 2198 bonorum
1802 2171 1838 2198 et
1867 2165 1912 2198 de
1946 2166 2102 2199 consilio

224 2226 436 2261 eorumdem
462 2228 818 2263 excommunicamus
846 2229 884 2263 in
910 2230 1056 2276 scriptis
1082 2229 1238 2264 clericos
1263 2237 1299 2264 et
1323 2230 1484 2264 scolares
1512 2237 1547 2264 et
1572 2242 1698 2264 eorum
1724 2231 1941 2273 servientes,
1968 2232 2029 2277 qui
2056 2232 2100 2266 de

224 2300 330 2328 nocte
350 2305 416 2327 seu
437 2293 483 2327 de
507 2293 568 2328 die
590 2294 752 2329 Parisius
776 2307 860 2329 cum
881 2296 990 2330 armis
1012 2296 1184 2330 incedent
1204 2297 1276 2330 nisi
1297 2297 1342 2330 de
1363 2296 1508 2330 licentia
1530 2297 1721 2330 reverendi
1749 2298 1861 2343 patris
1882 2298 2101 2332 Parisiensis

223 2360 387 2406 episcopi
407 2359 463 2394 vel
485 2366 621 2394 nostra.
644 2361 1012 2396 Excommunicamus
1033 2362 1139 2396 etiam
1165 2362 1202 2396 in
1227 2363 1374 2408 scriptis
1399 2370 1564 2409 raptores
1591 2363 1796 2405 mulierum,
1818 2364 1994 2398 fractores
2015 2364 2101 2399 hos-

224 2426 415 2472 piciorum,
437 2438 680 2473 oppressores
701 2427 900 2474 virginum,
923 2440 1066 2462 necnon
1087 2440 1215 2463 omnes
1236 2428 1320 2463 illos
1341 2429 1402 2475 qui
1423 2429 1468 2462 ad
1488 2429 1555 2463 hec
1576 2429 1739 2465 facienda
1760 2442 1799 2463 se
1820 2430 2097 2477 colligaverunt.

224 2493 587 2527 Excommunicamus
608 2493 873 2528 nichilominus
894 2507 1022 2529 omnes
1047 2495 1144 2538 illos,
1173 2495 1235 2542 qui
1260 2495 1398 2542 aliquid
1424 2496 1468 2530 de
1497 2497 1687 2542 premissis
1707 2497 1894 2539 sciverint,
1916 2498 1986 2531 nisi
2008 2498 2099 2533 infra

223 2566 362 2606 septem
390 2560 470 2594 dies
497 2573 516 2595 a
543 2567 707 2608 tempore
734 2561 910 2604 sciencie,
939 2568 1130 2608 postquam
1158 2562 1344 2596 sentencia
1371 2563 1423 2597 sic
1449 2575 1561 2609 super
1587 2564 1777 2609 premissis
1805 2563 1873 2597 lata
1899 2564 1944 2598 ad
1972 2577 2096 2599 eorum

223 2626 384 2661 notitiam
420 2628 641 2673 pervenerit,
676 2627 768 2662 illud
809 2628 908 2674 quod
946 2628 1121 2663 sciverint
1158 2628 1255 2662 dicto
1286 2628 1434 2663 domino
1464 2630 1666 2664 reverendo
1701 2630 1875 2677 episcopo
1903 2631 1960 2665 vel
1992 2631 2098 2666 nobis

223 2693 393 2727 duxerint
422 2693 671 2736 revelandum,
701 2701 738 2728 et
766 2694 811 2728 ad
842 2695 1132 2729 emendationem
1153 2696 1329 2730 .venerint
1355 2702 1634 2742 competentem.
1665 2696 1942 2731 Absolutionem
1979 2705 2097 2732 tamen

221 2758 438 2794 clericorum
469 2772 534 2806 pro
564 2761 756 2807 premissis
786 2761 839 2795 sic
870 2762 1263 2796 excommunicatorum
1293 2762 1442 2796 domino
1471 2762 1645 2810 episcopo
1671 2763 1730 2798 vel
1757 2763 1863 2798 nobis
1891 2765 2099 2811 specialiter

224 2826 434 2860 retinemus.
457 2827 593 2861 Verum
615 2827 698 2874 quia
719 2827 888 2862 nonnulli
909 2827 1033 2862 clerici
1055 2835 1089 2863 et
1116 2828 1277 2863 scolares
1302 2842 1341 2863 ac
1362 2829 1566 2864 servientes
1586 2831 1812 2871 eorumdem,
1834 2831 1894 2877 qui
1916 2832 2097 2865 veniendo

223 2892 382 2927 Pau-isius
402 2892 448 2926 de
468 2893 632 2939 partibus
652 2895 730 2929 suis
751 2894 810 2929 vel
830 2895 1021 2930 redeundo
1041 2895 1086 2930 ad
1107 2902 1227 2942 partes
1248 2908 1333 2930 suas
1353 2908 1450 2930 arma
1471 2897 1632 2931 Parisius
1653 2897 1876 2940 detulerunt,
1899 2910 2041 2931 necnon
2063 2905 2099 2932 et

223 2958 368 3004 quidam
401 2959 475 3000 alii,
515 2960 675 2995 scientes
708 2961 866 2996 clericos
900 2962 1061 2997 scolares
1094 2974 1134 2997 ac
1173 2963 1378 2998 servientes
1411 2975 1535 2997 eorum
1571 2975 1667 2998 arma
1710 2964 1869 2998 Parisius
1904 2964 2095 3007 detulisse,

349 3017 445 3042 Chare.
465 3017 546 3043 Unio.
562 3018 657 3045 Paris.
674 3018 696 3044 1.
1942 3022 1970 3045 61
