2580 3528
423 374 468 407 98
1007 381 1328 404 cnan'rULAmuu
1362 380 1554 402 UNIVERS.
1591 379 1720 402 rmus.
2204 368 2299 409 [1221

425 457 523 490 tione
549 469 613 490 sua
638 456 746 490 nobis
771 457 905 490 meruit
930 455 1170 501 complacere,
1194 454 1467 488 universitatem
1498 460 1653 487 vestram
1683 465 1854 499 rogamus
1880 459 1916 486 et
1941 464 2133 486 monemus
2153 458 2302 492 attente,

423 524 594 569 quatinus
628 523 824 569 praedictos
858 522 1091 569 magistrum¹
1114 529 1150 555 et
1175 522 1305 555 fratres
1335 527 1371 554 et
1401 520 1608 566 specialiter
1637 520 1733 554 hunc
1767 519 1945 554 habentes
1979 519 2026 553 ob
2062 519 2300 553 reverentiam

425 591 582 625 divinam
607 598 643 624 et
662 597 823 624 nostram
850 589 1072 635 propensius
1097 588 1384 629 commendatos⁷
1406 599 1470 620 eos
1492 587 1696 620 defendatis
1720 587 1906 632 presidiis,
1923 586 2096 620 attollatis
2115 585 2302 620 favoribus

425 665 460 691 et
479 657 670 691 beneficiis
691 657 856 698 foveatis,
885 657 933 690 ita
958 656 1057 701 quod
1084 655 1215 688 exinde
1236 661 1442 688 vestrorum
1469 661 1610 687 crescat
1636 653 1805 687 cumulus
1832 654 2059 695 meritorum,
2086 660 2122 686 et
2145 664 2213 686 nos
2240 653 2302 698 qui

425 725 590 758 ordinem
619 731 733 757 totum
761 723 981 757 sinceritatis
1008 721 1167 755 brachiis
1197 721 1444 766 amplexantes
1472 720 1683 754 eorumdem
1715 720 1915 765 profectum
1945 720 1982 752 in
2013 720 2168 753 Domino
2196 719 2303 753 affec-

424 799 555 834 tamus,
586 791 770 824 caritatem
802 797 959 824 vestram
990 789 1176 834 possimus
1205 788 1322 833 magis
1349 799 1388 820 ac
1415 787 1532 832 magis
1564 787 1693 820 merito
1726 786 1993 820 commendare.
2027 788 2103 819 Dat.
2136 786 2302 820 Laterani

424 859 475 904 iiij
499 871 585 892 non.
608 858 782 898 Januarii,
805 856 1038 902 pontificatus
1060 855 1176 888 nostri
1195 866 1290 888 anno
1317 854 1457 899 quinto.

517 956 654 987 Originale
669 956 694 978 in
707 955 783 979 Arch.
801 958 854 978 nat.
872 954 956 977 Paris.
969 954 996 977 L.
1014 954 1068 982 240,
1085 958 1114 976 n⁰
1129 954 1167 975 84.
1185 953 1335 983 Supersunt
1349 952 1394 975 fila
1409 952 1520 975 cannah.

517 1041 538 1063 1.
556 1040 583 1063 L.
601 1041 654 1067 240,
675 1043 704 1062 n⁰
719 1040 758 1067 80,
774 1038 872 1070 legitur
892 1037 988 1061 rectius
1005 1046 1017 1060 «
1033 1037 1150 1068 priorem
1165 1045 1187 1060 ».
1210 1050 1241 1054 --
1256 1037 1278 1059 2.
1296 1037 1322 1060 L.
1345 1037 1399 1064 240,
1421 1040 1451 1059 n⁰
1470 1037 1508 1064 80,
1525 1039 1630 1059 exstant.
1649 1036 1754 1060 litterae
1773 1044 1860 1068 papae
1880 1036 1998 1068 ejusdem
2017 1037 2116 1060 tenoris
2132 1037 2166 1060 ad
2180 1036 2303 1061 abbatem

420 1088 446 1108 et
457 1087 613 1108 conventum
630 1084 656 1107 S.
674 1083 796 1114 Maglorii
811 1082 895 1106 Paris.
912 1082 1027 1105 directae
1044 1090 1055 1105 «
1072 1081 1106 1113 vj.
1124 1082 1175 1104 kal.
1192 1081 1313 1105 Januarii
1329 1089 1340 1103 n
1357 1080 1437 1112 (1220,
1454 1081 1484 1104 27
1499 1080 1639 1112 Decemb.).
1657 1081 1767 1104 Restant
1781 1081 1825 1104 fila
1840 1080 1951 1104 cannah.

420 1253 501 1289 41.
525 1262 669 1287 Honorius
691 1263 739 1287 III
757 1260 902 1297 Stephano
925 1260 1142 1296 archiepiscopo
1167 1259 1371 1285 Cantuariensi
1393 1263 1420 1285 et
1441 1260 1569 1285 llervaeo
1589 1259 1719 1285 Trea-ensi
1741 1268 1776 1285 ac
1801 1258 1950 1285 Guillelmo
1972 1259 2139 1286 Lexoviensi
2161 1260 2303 1297 episcopis

512 1310 634 1336 mandat
654 1314 685 1336 nt
705 1310 838 1336 Parisios
858 1309 999 1336 accedant
1023 1313 1051 1336 et
1071 1309 1220 1345 inquirant
1243 1317 1330 1345 super
1351 1308 1476 1344 querelis
1498 1308 1626 1344 episcopi
1646 1308 1833 1343 Parisiensis,
1852 1317 1927 1344 quas
1942 1308 1983 1334 ad
2001 1308 2192 1345 apostolicam
2206 1308 2304 1336 sedem

512 1363 611 1386 contra
636 1360 790 1394 magistros
813 1363 841 1385 et
868 1358 1016 1385 scholares
1045 1358 1227 1384 Parisienses
1249 1357 1362 1393 detulit,
1391 1361 1580 1393 statuuntque
1602 1357 1679 1393 quod
1700 1358 1792 1383 statui
1819 1357 1911 1383 studii
1933 1361 1961 1383 et
1982 1358 2106 1384 utilitati
2125 1358 2302 1384 studentium

512 1409 633 1435 viderint
648 1408 794 1444 expedire.

1649 1444 1722 1472 1221.
1738 1442 1831 1475 aprilis
1845 1444 1871 1473 2,
1887 1443 2014 1469 Laterani.

515 1547 535 1552 ..
558 1519 847 1565 Archiepiscopo
878 1518 1133 1552 Cantuariensi
1164 1525 1287 1551 sancte
1318 1519 1477 1551 Romane
1508 1518 1663 1551 ecclesie
1693 1518 1888 1551 cardinali¹
1920 1525 1998 1551 et..
2022 1519 2197 1552 Trecensi
2218 1525 2254 1552 et
2279 1545 2300 1551 ..

422 1586 639 1620 Lexoviensi
669 1586 864 1631 episcopis.
896 1584 1127 1619 Venerabilis
1155 1585 1265 1618 frater
1294 1591 1419 1617 noster
1443 1611 1463 1617 ..
1487 1584 1705 1618 Parisiensis
1726 1585 1944 1630 episcopus²
1974 1584 2082 1618 nohis
2115 1585 2302 1619 insinuare

422 1653 571 1694 curavit,
595 1652 693 1698 quod
714 1652 878 1698 magistri
899 1659 935 1685 et
954 1652 1115 1685 scolares
1136 1651 1363 1684 Parisienses
1384 1651 1549 1684 fecerunt
1575 1658 1610 1684 et
1634 1651 1846 1696 frequenter
1866 1651 2002 1684 faciunt
2021 1652 2302 1686 constitutiones

422 1720 608 1765 quasdam,
632 1732 702 1764 que
723 1719 978 1765 colligationes
999 1731 1063 1752 seu
1086 1718 1191 1751 etiam
1214 1718 1506 1763 conspirationes
1525 1725 1681 1763 possunt
1701 1718 1830 1751 merito
1851 1718 2038 1764 appellari,
2055 1719 2301 1763 juramentum

422 1799 495 1820 non
524 1786 641 1820 solum
664 1798 775 1832 super
802 1785 1057 1819 observatione
1084 1786 1256 1818 factarum
1285 1785 1349 1818 sed
1377 1785 1483 1818 etiam
1510 1785 1755 1818 faciendarum
1784 1785 1952 1818 decetero
1981 1786 2170 1831 exigentes
2197 1786 2302 1831 penis

422 1853 596 1899 gravibus
624 1853 832 1886 constitutis
859 1853 895 1885 in
923 1852 1020 1893 illos,
1050 1852 1111 1897 qui
1140 1851 1347 1885 earumdem
1375 1851 1675 1885 constitutionum
1702 1852 1836 1885 suerint
1864 1859 2171 1897 transgressores.
2201 1852 2301 1886 Abu-

423 1928 546 1954 tuntur
573 1921 678 1953 etiam
706 1920 861 1965 quodam
891 1919 1014 1965 sigillo
1042 1920 1189 1952 nomine
1216 1919 1464 1952 universitatis
1492 1919 1748 1964 magistrorum
1778 1926 1812 1952 et
1833 1919 2026 1952 scolarium
2055 1931 2172 1964 nuper
2190 1920 2297 1962 facto,

422 1995 457 2021 et
477 1994 638 2021 taxantes
665 1987 855 2020 domorum
878 1987 1032 2031 pretium
1055 1993 1178 2019 contra
1204 1986 1470 2019 ordinationem
1491 1986 1702 2019 auctoritate
1724 1986 1823 2031 regia
1849 1985 1933 2018 olim
1961 1986 2085 2019 saetam
2115 1993 2151 2019 et
2176 1986 2220 2019 ab
2241 1998 2297 2028 eo,

422 2055 483 2099 qui
506 2061 589 2088 tunc
611 2053 821 2099 presidebat
847 2053 1044 2086 Parisiensi
1073 2053 1228 2085 ecclesie
1256 2064 1398 2085 necnon
1419 2065 1437 2085 a
1458 2053 1643 2097 magistris
1665 2059 1699 2085 et
1719 2051 1923 2085 scolaribus
1947 2059 2178 2098 acceptatam,
2207 2060 2243 2086 et
2262 2053 2298 2086 in

421 2121 538 2167 ipsius
559 2121 723 2166 episcopi
744 2127 779 2153 et
799 2120 1018 2153 parisiensis
1039 2119 1245 2153 cancellarii
1273 2119 1514 2164 prejudicium
1543 2119 1808 2152 constituentes
1834 2119 1904 2152 sibi
1926 2131 1992 2165 pro
2017 2131 2083 2152 sue
2102 2120 2299 2153 voluntatis

421 2188 570 2221 arbitrio
592 2187 751 2232 judices,
781 2187 843 2232 qui
870 2198 998 2220 causas
1025 2198 1151 2219 eorum
1179 2186 1327 2219 audiant
1353 2193 1388 2219 et
1415 2186 1595 2219 decidant.
1625 2186 1703 2219 Hiis
1729 2193 1765 2219 et
1791 2186 1872 2219 aliis
1900 2186 2018 2219 modis
2046 2198 2166 2219 eoram
2193 2175 2299 2221 vobis

422 2255 566 2301 plenius
588 2254 836 2300 exprimendis
857 2254 1020 2299 ipsorum
1042 2253 1205 2298 episcopi
1234 2260 1269 2286 et
1295 2253 1501 2286 cancellarii
1524 2253 1819 2298 jurisdictionem
1848 2260 2026 2298 usurpent
2053 2253 2302 2299 multipliciter

422 2329 457 2355 ct
477 2328 663 2359 enervant.
686 2333 725 2354 ac
747 2321 837 2354 adeo
859 2320 1076 2365 inceperunt
1096 2320 1215 2353 omnia
1241 2332 1307 2365 pro
1334 2319 1485 2353 arbitrio
1505 2320 1636 2361 facere,
1665 2320 1764 2365 quod
1784 2320 1855 2353 nisi
1877 2320 2067 2366 principiis
2089 2319 2299 2362 obsistatur,

421 2389 543 2434 gravia
574 2400 639 2433 per
668 2387 737 2421 hoc
766 2393 938 2433 poterunt
964 2386 1132 2420 scandala
1160 2386 1334 2428 suboriri,
1365 2393 1401 2420 et
1427 2386 1682 2420 dissolutionis
1712 2387 1930 2420 Parisiensis
1961 2387 2070 2420 studii
2099 2387 2300 2432 periculum

422 2455 625 2488 imminere.
662 2455 781 2498 Quare
817 2454 911 2487 idem
948 2454 1145 2499 episcopus
1179 2453 1287 2486 nobis
1316 2453 1502 2486 humiliter
1532 2453 1750 2499 supplicavit
1778 2460 1817 2486 ut
1845 2465 1956 2499 super
1985 2453 2056 2487 hiis
2091 2465 2301 2486 curaremus

423 2521 618 2555 salubriter
648 2521 853 2566 providere.
885 2520 1197 2566 Tranquillitatem
1227 2532 1316 2566 ergo
1344 2527 1380 2553 et
1406 2527 1536 2554 statum
1567 2520 1729 2566 ipsorum
1758 2521 2014 2566 magistrorum
2044 2528 2075 2554 et
2106 2520 2298 2554 scolarium

423 2587 579 2621 sollicite
614 2588 835 2629 affectantes,
871 2600 910 2620 ac
944 2587 1110 2620 volentes
1144 2587 1404 2621 nichilominus
1440 2594 1479 2620 ut
1511 2587 1671 2620 honores
1706 2594 1742 2620 et
1769 2588 1852 2632 jura
1886 2587 2103 2620 Parisiensis
2145 2587 2300 2621 ecclesie

423 2653 559 2687 illibata
581 2661 785 2695 serventur,
811 2653 929 2695 vobis,
959 2653 1003 2686 de
1025 2665 1179 2698 quorum
1202 2654 1393 2699 prudentia
1415 2653 1651 2686 indubitatam
1674 2653 1840 2686 fiduciam
1863 2653 2085 2694 obtinemus,
2112 2654 2299 2699 negotium

423 2720 633 2765 hujusmodi
655 2720 824 2753 duximus
845 2720 1155 2753 committendum.
1180 2720 1340 2764 Ideoque
1361 2720 1575 2753 fraternitati
1595 2726 1715 2753 vestre
1737 2731 1802 2765 per
1821 2719 2020 2764 apostolica
2047 2720 2180 2765 scripta
2202 2732 2301 2754 man-

425 2788 564 2828 damus,
597 2787 767 2831 quatinus
796 2786 840 2819 ad
870 2785 989 2819 locum
1019 2786 1261 2831 personaliter
1290 2786 1482 2827 accedatis,
1515 2793 1550 2819 et
1578 2786 1714 2819 vocatis
1741 2798 1834 2831 quos
1863 2792 2012 2831 propter
2038 2785 2106 2819 hoc
2135 2786 2301 2820 videritis

424 2854 680 2887 convocandos
704 2854 995 2898 juramentorum
1024 2853 1268 2886 extorsionem
1303 2852 1513 2898 hujusmodi
1549 2859 1584 2885 et
1617 2864 1722 2886 usum
1759 2853 1871 2898 sigilli
1907 2853 2060 2898 predicti
2091 2853 2302 2887 auctoritate

424 2927 548 2954 nostra
576 2920 771 2954 inhibeatis
799 2920 960 2961 omnino,
990 2918 1151 2964 sigillum
1182 2919 1301 2965 ipsum
1329 2919 1475 2964 penitus
1501 2919 1787 2965 confringentes.
1819 2920 1935 2965 Super
1961 2919 2042 2953 aliis
2068 2931 2155 2954 vero
2182 2920 2302 2965 inqui—

549 2979 588 3003 13.
