2580 3528
261 434 359 474 1252]
600 442 647 465 ΑΒ
680 442 787 464 Anno
821 441 898 464 mcc
932 440 1064 469 usque
1098 439 1146 462 Αι)
1181 439 1411 462 PHILIPPUM
1447 439 1486 461 1v
1521 439 1611 461 nnc.
1650 439 1786 462 rnauc.
2066 431 2128 464 231

257 517 403 551 bursam
438 528 558 559 unam,
593 516 651 550 vel
685 515 844 550 valorem
880 515 989 548 unius
1022 514 1146 547 burse.
1182 514 1262 546 Non
1297 513 1409 558 eliget
1441 513 1597 558 aliquem
1632 513 1676 546 ad
1711 513 1859 558 aliquod
1898 513 2054 546 officium
2094 515 2131 546 in

257 584 430 618 nascione
459 595 538 624 sua,
569 594 676 628 quem
706 594 780 616 non
809 581 925 615 credit
952 580 1191 614 sufficientem
1222 586 1257 613 et
1285 586 1563 625 competentem.
1597 580 1685 612 Item
1715 579 1882 613 intererit
1911 580 2130 613 lectionibus

256 649 574 692 bachelhriorum,
595 649 627 683 si
647 649 811 695 magistri
831 660 958 682 eorum
979 648 1053 681 sint
1071 647 1259 681 actualiter
1279 653 1463 692 regentes
1487 647 1575 679 Item
1594 646 1760 679 intererit
1781 646 1970 692 principiis
1992 646 2131 679 bachel-

255 716 443 758 lariorum,
469 716 547 750 sive
573 715 738 762 magistri
765 727 891 749 eorum
920 715 994 748 sint
1020 714 1208 748 actualiter
1234 720 1420 759 regenteS‚
1447 713 1524 747 sive
1550 725 1635 746 non.
1664 714 1752 746 ltem
1778 713 1943 746 intererit
1970 713 2132 758 disputa-

256 783 353 817 cioni
389 789 471 817 ante
509 782 742 829 principium,
781 782 812 816 si
850 781 1025 828 magister
1059 781 1106 814 sit
1139 792 1287 827 regens,
1328 780 1413 813 dum
1449 779 1575 814 saltem
1611 780 1720 813 fuerit
1758 780 1790 813 ei
1829 780 2031 813 nuntiatum
2069 792 2132 825 per

256 850 488 884 servientem.
520 850 608 883 Item
639 849 738 883 dabit
767 848 889 891 fidem,
920 848 1019 894 quod
1049 848 1145 881 dicet
1174 847 1401 893 procuratori
1429 859 1496 880 suo
1526 846 1677 880 eandem
1709 859 1883 880 summam
1913 846 2023 880 burse
2052 859 2131 888 sue,

257 928 363 963 quam
384 916 590 962 predixerat
609 916 755 950 rectori.
785 917 873 949 Item
901 915 1019 949 solvet
1046 914 1177 948 bursas
1203 914 1398 960 predictas,
1424 920 1614 959 antequam
1642 913 1782 947 dicatur
1808 925 1873 959 per
1898 913 2030 953 scolas,
2059 914 2130 947 nisi

255 982 408 1017 licencia
436 995 454 1016 a
484 989 719 1029 procuratore
749 994 816 1016 suo
847 982 1004 1015 fideliter
1033 982 1251 1028 optineatur.
1282 982 1370 1014 Item
1401 980 1500 1014 dabit
1527 980 1649 1021 fidem,
1678 981 1776 1026 quod
1803 992 1877 1014 non
1907 981 2132 1026 presentabit

256 1049 516 1083 bachellarium
554 1049 773 1083 diffamatum
813 1061 880 1083 nec
918 1048 1089 1094 aliquem,v
1125 1049 1229 1093 cujus
1264 1047 1451 1093 promocio
1485 1046 1617 1081 debeat
1648 1047 1811 1081 converti
1846 1047 1883 1080 in
1917 1047 2129 1093 oprobrinm

257 1116 454 1150 nascionis.
483 1116 590 1151 Cedit
615 1117 652 1150 in
680 1116 900 1162 vituperium
928 1116 1124 1157 nascionis,
1154 1115 1184 1148 si
1214 1114 1356 1148 laboret
1384 1114 1529 1148 infamia
1559 1121 1803 1160 presentatus,
1831 1121 1893 1148 aut
1919 1115 1949 1148 si
1980 1115 2130 1148 sormam

256 1195 485 1217 communem
513 1183 550 1216 in
578 1183 760 1216 audiendo
787 1195 860 1216 non
887 1182 1126 1228 compleverit
1154 1193 1344 1215 numerum
1374 1193 1438 1214 sex
1464 1193 1655 1222 annorum,
1683 1181 1741 1214 vel
1768 1181 1799 1215 si
1828 1181 1937 1214 suerit
1966 1182 2130 1227 ignotus,

257 1256 382 1296 utpote
416 1249 478 1295 qui
510 1261 576 1283 nec
608 1249 644 1283 in
677 1249 1006 1295 disputacionibus,
1038 1261 1103 1282 nee
1131 1249 1167 1282 in
1195 1248 1416 1282 lectionibus
1442 1248 1643 1282 visitaverit
1667 1247 1823 1293 aliquem
1857 1248 2129 1293 magistrorum,

255 1315 314 1350 vel
341 1316 494 1362 gradum
529 1327 602 1349 non
632 1316 804 1362 attigerit,
840 1316 901 1361 qui
931 1315 975 1349 ad
1007 1315 1233 1348 honestatem
1267 1321 1382 1348 status
1417 1321 1452 1348 et
1478 1314 1657 1348 facultatis
1692 1315 1863 1360 exigitur‚
1890 1314 1971 1348 vel⁶
1999 1315 2029 1348 si
2056 1327 2128 1348 non

255 1382 472 1424 constiterit,
504 1382 622 1428 ipsum
651 1382 777 1416 saltem
806 1394 870 1428 per
898 1382 1086 1415 biennium
1114 1374 1196 1415 ante
1224 1381 1537 1427 presentacionem
1566 1393 1665 1414 suam
1694 1381 1739 1414 de
1765 1381 1957 1426 questione
1984 1381 2130 1427 publice

257 1448 506 1495 respondisse.
529 1449 599 1492 Qui
620 1449 725 1482 etiam
747 1448 974 1490 ordinarunt,
997 1455 1047 1490 ut,
1070 1449 1290 1494 quicumque
1316 1448 1360 1481 de
1385 1454 1507 1481 cetero
1534 1448 1710 1493 incipient
1734 1447 1790 1481 vel
1814 1455 2057 1489 resumentur‚
2085 1448 2129 1481 ad

256 1515 360 1549 istam
381 1514 662 1548 declarationem
683 1527 752 1548 una
780 1527 861 1548 cum
888 1516 1002 1548 forma
1030 1515 1214 1548 nascionis
1242 1514 1502 1548 inviolabiliter
1526 1514 1790 1547 observandam
1813 1526 1878 1559 per
1898 1514 2004 1547 fidem
2027 1516 2129 1559 juxta

255 1581 411 1627 aliquam
446 1582 749 1615 consuetudinem
783 1582 1044 1628 astringantur.
1086 1582 1123 1615 Si
1158 1581 1241 1627 quis
1275 1588 1392 1614 autem
1428 1588 1551 1614 contra
1586 1580 1678 1614 hane
1712 1581 1862 1614 sormam
1898 1580 2129 1614 bachellariis

257 1648 513 1694 presentandis
542 1660 607 1694 per
640 1649 835 1694 magistros
870 1649 1039 1694 proprios
1074 1648 1325 1694 exponendam
1355 1660 1456 1681 suam
1490 1648 1547 1682 vel
1582 1647 1732 1695 alterius
1763 1648 2035 1693 promocionem
2067 1660 2132 1693 per

256 1726 503 1761 quascumque
538 1727 714 1761 personas
748 1727 943 1762 procurare
978 1715 1256 1761 presumpserit,
1292 1727 1335 1748 ex
1370 1722 1454 1748 tunc
1483 1727 1501 1748 a
1531 1714 1724 1748 consorcio
1759 1715 1944 1748 nascionis
1979 1727 2050 1760 quo
2085 1715 2129 1748 ad

257 1793 384 1815 omnes
411 1788 513 1816 actus
540 1781 753 1816 scolasticos
780 1789 947 1828 tanquam
976 1783 1119 1816 infamis
1145 1782 1347 1816 vilissimus
1373 1782 1597 1823 excludatur,
1625 1781 1722 1815 salva
1743 1781 1780 1814 in
1806 1781 1977 1815 omnibus
2003 1788 2038 1815 et
2063 1794 2128 1827 per

256 1848 375 1882 omnia
405 1848 611 1882 cancellarii
637 1848 816 1884 libertate.
845 1850 1014 1884 Ceterum
1044 1861 1089 1882 ne
1124 1861 1233 1883 error«
1254 1849 1408 1894 alicujus
1440 1861 1504 1895 per
1532 1848 1778 1894 ignoranciam
1812 1848 1984 1881 decetero
2017 1848 2133 1882 valeat

255 1915 435 1957 excusari,
463 1914 524 1949 fiat
548 1915 732 1962 magistris
759 1916 862 1962 copia
890 1923 1120 1959 statutorum,
1149 1922 1184 1950 et
1210 1915 1441 1950 bachellariis
1466 1915 1649 1949 annuatim
1676 1914 1898 1961 generaliter
1922 1915 2131 1949 convocatis

257 1981 434 2027 premissa
455 1981 650 2016 declaratio
672 1982 890 2029 publicetur.

347 2049 508 2083 Instante
527 2061 673 2095 quoque
699 2051 966 2096 resumpcionis
994 2058 1157 2096 tempore
1184 2050 1363 2096 publicata
1390 2050 1456 2083 suit
1481 2050 1642 2095 predicta
1667 2049 1854 2082 ordinacio
1882 2049 1918 2082 in
1947 2049 2129 2094 presentia

258 2114 530 2160 magistrorum,
557 2122 593 2150 et
617 2116 696 2150 sine
717 2117 1003 2151 contradictione
1024 2117 1186 2163 qualibet
1211 2117 1256 2151 ab
1282 2117 1453 2151 omnibus
1478 2116 1693 2162 approbata3
1722 2116 1848 2161 sieque
1879 2116 2022 2161 sopitus
2048 2127 2130 2149 csse

257 2181 432 2226 strepitus
452 2188 488 2215 et
506 2182 655 2216 omnino
675 2183 798 2217 sedata
824 2183 1047 2218 turbacionis
1072 2184 1220 2218 materia
1245 2183 1474 2218 credebatur.
1502 2183 1735 2216 Postmodum
1764 2194 1850 2216 vero
1872 2195 1890 2215 a
1911 2181 2128 2227 quibusdam

258 2247 427 2293 personis
446 2247 656 2294 hujusmodi
683 2256 816 2283 statuto
843 2250 1094 2284 asserentibus
1121 2263 1160 2284 se
1187 2257 1353 2297 gravatas
1378 2262 1443 2296 per
1467 2250 1643 2295 quosdam
1671 2249 1865 2294 magistros
1887 2249 2127 2294 supplicatum

258 2313 374 2347 extitit
393 2314 570 2357 nascioni‚
592 2316 762 2361 quatinus
789 2329 870 2350 cum
898 2317 1036 2351 eisdem
1066 2324 1232 2363 tanquam
1261 2317 1446 2363 preventis
1474 2317 1504 2349 si
1534 2316 1611 2349 fieri
1642 2322 1766 2361 posset
1791 2316 1920 2348 micius
1945 2322 2127 2361 ageretur.

257 2380 312 2413 Ad
341 2392 494 2426 quorum
522 2382 739 2427 peticionem
768 2384 931 2429 magistri
959 2384 1004 2417 de
1032 2385 1204 2418 nascione
1234 2384 1333 2418 viros
1364 2383 1592 2417 venerabiles
1622 2382 1834 2428 magistrum
1867 2382 2050 2415 Simonem
2082 2382 2127 2415 de

258 2447 472 2493 Brideport⁷
507 2447 799 2483 archidiaconum
834 2450 879 2483 de
914 2452 1080 2491 Dorsete,
1116 2451 1328 2496 magistrum
1365 2449 1617 2495 Rad[ulpluun]
1653 2450 1800 2490 Dacum,
1842 2455 1877 2482 et
1915 2449 2127 2494 magistrum

259 2513 451 2560 Symonem
474 2515 622 2549 Fortes⁸
644 2516 817 2561 predictis
838 2517 1111 2551 ordinatoribus
1137 2518 1181 2551 de
1207 2529 1389 2551 consensu
1416 2516 1659 2561 adjunxerunt
1685 2516 1812 2548 dantes
1834 2515 1887 2548 eis
1913 2522 2126 2560 potestatem

257 2591 337 2613 cum
359 2580 440 2614 aliis
462 2581 691 2615 modificandi
713 2583 902 2617 articulum
924 2584 968 2617 dc
990 2584 1232 2630 rcsponcione
1254 2583 1458 2629 questionis
1486 2589 1521 2616 et
1545 2581 1751 2615 declarandi
1773 2588 1903 2615 statuta
1925 2582 2123 2624 nascionis,

257 2646 287 2680 si
316 2646 404 2692 quid
434 2647 469 2680 in
499 2648 553 2681 eis
580 2648 637 2682 vel
665 2661 789 2683 eorum
817 2650 938 2696 aliquo
964 2657 1063 2684 esset
1090 2650 1244 2684 ulterius
1271 2649 1541 2691 declarandum,
1570 2655 1703 2682 statuto
1732 2648 1909 2694 predicto,
1935 2648 2032 2693 quod
2059 2661 2148 2691 nec⁹

256 2711 438 2747 infirmare
467 2721 631 2760 poterant
659 2727 725 2749 nec
753 2716 935 2758 volebant,
967 2717 1002 2750 in
1033 2729 1100 2750 suo
1131 2716 1262 2750 robore
1292 2716 1550 2750 nichilominus
1578 2715 1764 2757 duratum,
1794 2715 1838 2747 dc
1865 2715 1994 2748 stando
2021 2715 2126 2748 etiam

257 2790 383 2813 eorum
418 2780 644 2815 ordinacioni
678 2794 758 2816 cum
795 2783 1011 2829 quibusdam
1042 2790 1144 2817 antea
1174 2796 1246 2817 non
1276 2783 1434 2817 astrictis
1465 2783 1571 2816 fidem
1601 2789 1733 2815 certam
1766 2782 2002 2828 prestiterim.
2036 2782 2127 2815 Dicti

257 2845 370 2891 igitur
396 2852 471 2881 tres
498 2848 660 2894 magistri
688 2861 768 2883 cum
796 2850 877 2883 aliis
907 2863 970 2884 sex
996 2850 1268 2884 ordinatoribus
1289 2849 1497 2896 approbatis
1531 2849 1699 2883 nolentes
1728 2849 1764 2881 in
1796 2848 1918 2894 aliquo
1948 2849 2127 2882 contraire

258 2922 325 2945 nec
354 2912 516 2947 indebite
547 2926 610 2960 per
638 2915 734 2962 ipsas
761 2918 930 2963 personis
956 2917 1140 2963 aliquibus
1168 2917 1293 2951 inferri
1322 2916 1562 2963 prejudicium
1591 2915 1647 2949 vel
1675 2927 1882 2960 gravamen,
1919 2922 1971 2947 set
2007 2915 2127 2960 potins

260 2979 483 3024 pregravatis
502 2987 584 3015 ante
605 2981 830 3028 solempnem
852 2983 1140 3029 publicacionem
1163 2984 1284 3018 statuti
1305 2983 1499 3017 consulere
1525 2982 1728 3028 cupientes,
1757 2982 1790 3014 in
1818 2980 1884 3014 hoc
1911 2981 2127 3013 unanimiter
