2618 3640
547 425 643 447 XXXII
1127 425 1450 447 CHARTULARIUM
1486 423 1672 446 UNIVERS.
1710 422 1838 444 PARIS.

548 507 582 535 n⁰
612 500 689 547 53),
718 500 940 536 Chartulaire
968 500 1077 536 Blanc
1099 500 1143 536 de
1168 500 1202 535 S.
1230 499 1338 535 Denis
1370 499 1492 547 (Arch.
1523 500 1601 534 Nat.
1625 499 1693 533 LL.
1728 498 1849 540 1157),
1877 494 2145 532 Chartularium
2173 496 2210 531 S.
2233 495 2430 531 Mathurini

551 571 670 615 (Arch.
690 573 768 607 Nat.
797 573 865 607 LL.
893 574 1013 616 1544),
1032 571 1297 607 Cliartularium
1315 570 1601 614 Cluniacensium
1618 568 1723 614 <Bibl.
1745 569 1823 603 Nat.
1848 568 1909 603 lat.
1931 551 2061 610 5458).
2073 554 2273 616 eorumque
2295 566 2431 617 Definif

550 642 664 678 tiones
691 642 929 689 capitulorum
956 642 1179 690 generalium
1205 641 1308 688 (Bibl.
1337 643 1416 677 Nat.
1451 652 1558 677 nouv.
1576 651 1622 676 a.
1651 640 1676 675 l.
1705 642 1830 685 2263),
1857 638 2129 674 Chartularium
2157 638 2193 674 S.
2225 624 2430 684 Genorefae

551 713 732 757 (Biblioth.
762 714 797 749 S.
824 713 1038 757 Genovesae,
1058 715 1097 748 E.
1122 713 1146 748 l.
1170 715 1232 759 25)
1252 716 1285 748 et
1315 712 1566 760 Necrologium
1593 711 1694 757 (ibid.
1720 711 1785 746 BB¹
1803 713 1847 746 42
1858 709 1905 757 ²),
1930 710 2086 757 aliaque,
2114 720 2210 756 quae
2237 708 2429 745 occasione

549 784 632 820 data
648 783 910 820 annotavimus.
932 786 980 819 De
1001 783 1158 831 collegiis
1173 782 1418 819 saecularibus
1437 782 1578 818 illorum
1597 786 1803 829 temporum
1824 780 2024 817 notandum
2047 791 2134 816 sane
2159 779 2430 824 Chartularium

551 855 733 896 Sorbonae
754 855 855 898 (Bibl.
882 856 959 890 Nat.
987 855 1046 890 lat.
1078 854 1227 901 16069),
1256 854 1291 888 iu
1317 865 1386 900 quo
1410 865 1517 900 saepe
1540 856 1678 889 exstant
1700 852 1807 888 etiam
1831 851 2036 899 antiquiora
2055 852 2275 887 documenta
2295 851 2333 887 in
2359 862 2427 901 ms,

552 926 738 962 Cheltenh.
758 927 866 970 2975,
889 925 974 961 etin
989 925 1142 961 Arcliivo
1162 927 1239 960 Nat.
1264 925 1325 971 (M.
1353 927 1410 960 74.
1431 926 1514 959 MM.
1541 926 1714 960 281-295.
1741 925 1776 960 S.
1807 926 2012 970 6211‘sqq.)
2040 925 2260 959 conservata.
2291 923 2430 959 Statuta

550 997 730 1034 Sorbonae
765 1008 807 1033 ex
839 997 997 1043 quinque
1029 996 1213 1032 codicibus
1238 995 1330 1031 Bibl.
1361 997 1440 1031 Nat.
1477 994 1572 1031 infra
1598 995 1714 1031 citatis
1741 994 1934 1031 edidimus.
1959 994 2082 1030 Liceat
2112 993 2171 1030 hic
2201 993 2426 1031 mentionem

548 1080 694 1116 quoque
714 1068 830 1103 facere
848 1067 1059 1103 Chartularii
1077 1068 1111 1103 S.
1132 1066 1301 1103 Honorati
1318 1066 1442 1114 (Arch.
1465 1068 1544 1102 Nat.
1566 1068 1634 1101 LL.
1653 1066 1805 1114 66-68).

645 1139 756 1174 Multa
779 1139 998 1174 documenta
1018 1137 1219 1173 offerebant
1239 1137 1320 1174 libri
1341 1137 1577 1185 manuscripti
1594 1138 1788 1185 Prz‘vileyz'a
1810 1137 1984 1174 Orde'mcm
2004 1137 2290 1185 Mendicantium
2312 1136 2429 1174 contis

548 1214 670 1246 nentes
689 1222 696 1245 :
719 1210 1005 1245 Praedicatorum
1031 1209 1143 1244 codex
1168 1209 1396 1253 Rutenensis,
1418 1209 1470 1245 sic
1492 1209 1624 1250 dictus,
1644 1209 1730 1256 quia
1749 1209 1838 1245 olim
1863 1208 1927 1244 suit
1950 1212 2146 1245 conventus
2166 1207 2429 1244 Rutenensium

548 1281 848 1323 Praedicatorum,
876 1284 999 1315 manet
1017 1280 1168 1315 nuncin
1185 1279 1410 1327 possessione
1436 1279 1579 1316 Ordinis
1602 1280 1914 1323 Praedicatorum;
1944 1279 2213 1316 Chartularium
2236 1278 2429 1316 Praedica-

548 1357 664 1388 torum
680 1351 716 1386 in
733 1351 841 1387 Arch.
857 1351 947 1387 dela
961 1351 1156 1387 Cote-d’Or
1166 1351 1284 1398 (fonds
1296 1351 1554 1395 Dominicains,
1566 1353 1628 1396 H),
1646 1351 1744 1387 aliud
1760 1351 1797 1387 in
1812 1351 1922 1387 Arch.
1940 1351 1984 1387 de
1999 1351 2035 1387 la
2049 1351 2204 1387 Gironde
2219 1351 2259 1399 (s.
2279 1351 2424 1388 Domin.

548 1426 613 1460 651
644 1422 726 1470 bz's).
755 1422 1022 1458 Chartularium
1047 1423 1228 1458 Minorum
1257 1423 1435 1470 optimum
1462 1435 1559 1458 nunc
1586 1422 1630 1458 ad
1657 1422 1831 1458 Ordinem
1852 1424 2042 1458 Servorum
2070 1422 2204 1458 Mariae
2225 1422 2427 1470 pertinens,-

548 1494 613 1530 tria
636 1494 704 1529 alia
718 1493 753 1528 in
769 1493 859 1529 Bibl.
878 1494 1051 1530 Vaticana
1068 1493 1254 1540 (Ottobon.
1278 1496 1321 1530 15
1338 1497 1371 1529 et
1388 1493 1448 1541 56)
1467 1497 1501 1529 et
1521 1493 1556 1528 in
1574 1493 1665 1529 Bibl.
1684 1494 1719 1530 S.
1733 1493 1878 1529 A'ntonii
1894 1493 2052 1529 Patavini
2069 1493 2121 1540 (n0
2138 1485 2226 1539 49).‘
2246 1494 2286 1528 In
2303 1493 2427 1530 codice

549 1565 739 1601 Rutenensi
763 1565 990 1601 inveniuntur
1012 1565 1119 1600 etiam
1142 1565 1280 1612 primae
1306 1565 1585 1601 Constitutiones
1611 1564 1902 1601 praedicatorum
1927 1576 1986 1601 an.
2013 1567 2120 1608 1228,
2150 1564 2364 1612 posteriores
2389 1564 2428 1602 in

545 1637 666 1673 codice
681 1636 845 1683 liturgico
861 1636 946 1671 Ord.
964 1635 1090 1671 Praed.
1110 1647 1169 1671 an.
1193 1638 1285 1672 1256
1302 1636 1346 1672 ad
1365 1636 1536 1672 Ordinem
1552 1635 1764 1683 pertinente.
1784 1637 1860 1672 Non
1877 1647 1992 1683 pauca
2012 1636 2253 1672 instrumenta
2271 1635 2426 1684 praebe-

547 1708 633 1744 bant
655 1707 811 1755 capitula
831 1707 1012 1755 generalia
1031 1712 1064 1743 et
1084 1707 1319 1755 provincialia
1339 1707 1424 1744 Ord.
1447 1707 1592 1751 Praed.,
1613 1707 1797 1755 generalia
1818 1707 1960 1743 duobus
1985 1707 2251 1744 recensionibus
2272 1719 2426 1755 quarum

547 1779 644 1827 prior
658 1782 739 1814 ante
759 1778 1007 1815 collectionem
1021 1778 1193 1815 Bernardi
1206 1778 1377 1814 Guidonis
1391 1779 1428 1814 in
1443 1778 1566 1815 codice
1578 1780 1740 1815 Romano
1756 1778 1802 1814 ad
1812 1778 1985 1814 Ordinem
1995 1779 2210 1826 pertinente,
2225 1779 2338 1816 altera
2348 1778 2427 1827 ipsa

546 1850 710 1886 collectio
724 1847 893 1885 Bernardi
911 1848 1101 1885 Guidonis⁴
1122 1850 1157 1885 in
1173 1849 1418 1897 manuscripto
1435 1850 1633 1885 Rutencnsi
1650 1861 1671 1885 a
1686 1849 1810 1885 codice
1830 1849 1939 1885 citato
1960 1850 2127 1885 dissimili
2146 1850 2266 1894 (etiam
2280 1850 2317 1886 in
2341 1845 2425 1898 pos-⁷

547 1921 705 1957 sessione
721 1921 806 1956 Ord.
826 1921 985 1968 Praed.)‚
1010 1921 1251 1957 Avenionensi
1270 1926 1308 1956 11⁰
1329 1923 1415 1964 229,
1439 1920 1615 1957 Tolosano
1634 1923 1718 1965 490,
1741 1920 1776 1956 in
1800 1920 1932 1968 quibus
1956 1920 2132 1958 ambobus
2155 1921 2263 1957 etiam
2283 1921 2426 1969 provin-

546 1991 651 2028 cialia
671 1992 876 2039 provinciae
893 1992 1090 2028 Tolosanae
1114 1992 1271 2039 capitula
1298 1991 1539 2039 reperiuntur.
1567 1992 1687 2028 Prima
1702 1994 1834 2027 statuta
1857 1991 2000 2028 Ordinis
2026 1992 2206 2028 Minorum
2231 1992 2276 2029 de
2299 1977 2426 2030 studiis

547 2063 802 2112 Parisiensibus
827 2063 1004 2099 dederunt
1025 2063 1113 2099 Cod.
1140 2064 1334 2100 Vaticanus
1366 2063 1427 2099 lat.
1461 2065 1555 2099 7339
1585 2067 1619 2099 et
1647 2075 1714 2098 mS.
1742 2063 1835 2099 Bibl.
1861 2062 2057 2099 Gubernat.
2086 2063 2338 2112 Cremonensis
2364 2066 2425 2110 15,-

549 2137 583 2176 3,
607 2137 665 2170 22.
691 2134 977 2170 Cisterciensium
1000 2139 1129 2170 statuta
1147 2135 1190 2170 de
1215 2134 1342 2170 studiis
1364 2134 1605 2182 suggerebant
1630 2134 1864 2170 Definitiones
1888 2134 2129 2182 capitulorum
2147 2135 2371 2183 generalium
2386 2136 2423 2172 in

546 2205 757 2242 collectione
774 2205 916 2241 Arcliivi
937 2207 1057 2241 Status
1072 2206 1307 2242 Lucernensis
1324 2209 1359 2242 et
1377 2206 1587 2242 monasterii
1606 2206 1797 2242 Mehrerau
1817 2206 1854 2241 in
1875 2206 2030 2242 Austria.
2052 2206 2245 2255 Antiquae,
2264 2207 2424 2244 melioris

548 2280 666 2321 notae,
690 2277 916 2313 collectiones
934 2278 967 2312 in
987 2277 1090 2313 variis
1111 2277 1337 2314 bibliothecis
1358 2280 1585 2313 conservatae
1600 2288 1706 2324 saepe
1722 2289 1794 2313 non
1816 2289 1953 2313 annum
1974 2280 2066 2314 1220
2090 2264 2427 2326 supergrediuntur.¹

645 2350 721 2390 Qua
735 2352 848 2383 aetate
865 2360 989 2384 omnes
1005 2349 1042 2383 hi
1059 2349 1201 2385 codices
1217 2349 1338 2396 scripti
1356 2349 1440 2392 sint,
1459 2360 1600 2396 semper
1614 2349 1650 2384 in
1667 2349 1761 2384 notis
1778 2348 2027 2385 indicavimus.

644 2421 744 2455 Nunc
761 2431 960 2455 sermonem
976 2419 1174 2456 habeamus
1189 2420 1233 2456 de
1250 2420 1448 2467 praecipuis
1470 2419 1712 2455 Universz'tatis
1732 2419 1978 2464 Clearcularz'is,
2003 2432 2094 2468 quae
2114 2432 2178 2457 nos
2194 2420 2420 2468 adjuverunt.

548 2491 688 2525 Certum
703 2494 753 2526 est
771 2502 1058 2538 unamquamque
1074 2491 1295 2527 Facultatum
1311 2502 1404 2527 saec.
1424 2491 1507 2526 Xlll
1524 2490 1692 2526 habuisse
1709 2492 1894 2539 proprium
1910 2492 2115 2540 registrum.
2136 2492 2231 2528 lnfra
2245 2503 2326 2540 pag.
2352 2494 2424 2529 500

548 2561 679 2596 mentio
704 2561 741 2596 fit
766 2562 915 2608 Registri
940 2562 1129 2598 Facultatis
1152 2563 1378 2606 Artistarum,
1404 2566 1439 2598 et
1461 2573 1539 2610 pag.
1571 2564 1639 2597 412
1664 2562 1851 2610 cujusdam
1872 2563 1993 2599 statuti
2015 2577 2030 2596 «
2052 2562 2268 2610 inregistrati
2292 2578 2329 2599 ».
2354 2563 2423 2600 Sed

548 2631 795 2678 antiquissima
826 2632 886 2667 illa
915 2632 1074 2680 Registra
1107 2634 1197 2668 sicut
1233 2632 1473 2669 Universitatis
1502 2633 1662 2680 Registra
1692 2634 1824 2669 amissa
1856 2637 1951 2676 sunt,
1992 2633 2044 2670 vel
2075 2633 2200 2670 saltem
2234 2634 2421 2682 vestigium

548 2713 670 2737 eorum
696 2702 833 2737 nullum
858 2707 1051 2750 comparet.
1080 2704 1247 2739 Omnium
1271 2705 1469 2749 veterrima,
1497 2716 1587 2751 quae
1612 2704 1758 2751 quidem
1780 2704 1997 2748 noverimus,
2022 2704 2124 2739 nullo
2149 2704 2253 2740 titulo
2274 2705 2421 2753 antiquo

548 2773 717 2819 praefixo,
736 2777 816 2808 sunt
831 2773 919 2808 Cod.
939 2774 1051 2810 Vatic.
1072 2776 1157 2822 Reg.
1178 2778 1247 2811 406
1267 2777 1372 2822 (cont.
1393 2778 1437 2811 75
1456 2775 1534 2818 sol.‚
1554 2777 1667 2823 23s16
1684 2775 1794 2822 cent.)
1815 2779 1850 2811 et
1865 2775 1954 2811 Cod.
1976 2775 2312 2812 Cheltenhamensis
2329 2779 2421 2813 876²

643 2904 664 2928 l.
683 2905 718 2929 De
732 2899 782 2929 ista
797 2905 855 2929 vide
869 2905 987 2929 Densus
1004 2906 1029 2930 in
1045 2906 1149 2931 Notices
1162 2911 1187 2931 et
1202 2907 1338 2935 Extraics,
1353 2906 1461 2937 xxvn,
1477 2906 1500 2936 2,
1514 2914 1574 2939 pag.
1593 2906 1641 2930 329
1661 2914 1728 2939 sqq.⁷
1744 2906 1791 2931 335
1812 2914 1878 2939 sqq„
1899 2906 1946 2931 342
1965 2914 2020 2940 sqq.
2042 2907 2168 2932 DENOELE
2189 2908 2216 2933 in
2238 2909 2344 2934 Archiv
2369 2909 2422 2939 Γᾶν

548 2949 784 2973 Litteratur-und
798 2950 1022 2980 Kirchenqesch„
1038 2951 1070 2979 ΙΙ,
1089 2951 1132 2975 168
1147 2959 1185 2983 sq.

638 2993 662 3017 2.
682 2993 812 3021 Quaedam
827 2993 858 3018 de
873 2994 916 3018 illo
931 2994 1034 3027 scripsit,
1048 2995 1198 3019 RAsuum„
1213 2995 1239 3020 in
1256 2996 1312 3020 lee
1325 2997 1476 3026 Academy,
1495 2995 1564 3024 1887,
1581 3000 1609 3019 n⁰
1623 2996 1680 3022 788.
1695 3003 1754 3028 pag.
1771 2995 1824 3020 415.
