2580 3528
437 366 504 399 390
1014 374 1333 398 cnaartLanitu
1369 372 1560 394 L‘NIVERS.
1598 372 1727 394 Panis.
2217 363 2318 404 [1259

437 596 552 632 342.
577 604 744 630 Aleoeatzder
766 606 810 630 IV
831 603 991 638 Reginaldo
1018 603 1151 638 episcopo
1176 603 1268 626 Par-ts.
1295 600 1416 625 mandat
1436 603 1467 625 ut
1488 603 1582 626 rector
1603 603 1631 626 et
1652 600 1777 626 artistae
1797 600 1919 637 perinde
1944 605 2032 637 atque
2059 601 2114 627 alii
2138 602 2272 637 magistri
2292 605 2320 628 et

529 653 676 679 scholares
698 654 880 679 Parisienses
907 655 1015 687 fratres
1041 650 1263 676 Praedicator-es
1289 650 1317 674 in
1343 658 1425 674 suum
1449 649 1622 674 consortium
1651 649 1809 686 recipiant,·
1828 650 1934 686 puniat
1956 650 2130 686 praesertim
2155 650 2318 685 Guillotum,

532 702 672 728 bedellum
689 702 815 728 nationis
831 701 1028 730 Picardorum,
1048 700 1104 735 qni,
1121 698 1313 735 praedicante
1333 697 1437 723 Thomu
1454 697 1489 724 de
1504 698 1627 733 Aquino,
1646 697 1775 724 libellum
1790 698 1942 734 quemdam
1957 700 2101 733 famosum
2114 699 2282 735 publicavit.

1661 823 1739 853 1259,
1754 823 1824 850 duni}
1835 824 1880 854 26,
1896 824 2032 857 Anagniae.

532 927 737 960 Alexander
778 926 973 971 episcopus
1013 937 1142 957 servus
1182 936 1372 957 servorum
1409 924 1475 957 Dei
1505 924 1705 958 venerabili
1735 926 1835 958 fratri
1869 952 1890 958 ..
1917 926 2093 971 episcopo
2123 926 2323 960 parisiensi

442 995 592 1027 salutem
625 1000 657 1025 ct
689 992 922 1037 apostolicam
969 991 1277 1023 benedictionem.
1316 992 1367 1023 Ex
1406 990 1477 1023 alto
1515 991 1631 1024 fuisse
1670 992 1920 1037 conspicimus
1954 992 2090 1026 civitati
2123 993 2323 1027 Parisiensi

443 1060 640 1105 provisum,
673 1059 771 1103 quod
800 1057 1035 1090 honorificata
1071 1057 1202 1090 decore
1229 1057 1341 1090 studii
1367 1057 1551 1102 generalis
1578 1064 1613 1091 et
1642 1064 1823 1091 tantorum
1858 1059 2094 1092 universitate
2129 1059 2323 1093 scolarium

442 1127 617 1159 illustrata
652 1125 857 1170 preluceret
886 1124 986 1156 orbis
1017 1123 1237 1164 civitatibus,
1265 1123 1464 1169 orbemque
1495 1123 1656 1157 lucidum
1693 1124 1863 1158 redderet
1888 1125 1945 1158 sui
1970 1125 2119 1159 luminis
2149 1125 2324 1160 claritate.

441 1195 521 1238 Ipsa
556 1192 703 1237 quidem
738 1191 964 1225 Universitas
1003 1191 1085 1223 fons
1120 1190 1283 1236 irriguus
1317 1191 1510 1224 consuevit
1539 1203 1622 1224 esse
1656 1191 1843 1233 virtutum,
1880 1192 2087 1226 universale
2119 1192 2325 1238 speculum,

443 1266 554 1292 mater
580 1259 726 1291 studere
755 1258 955 1291 volentium
982 1264 1016 1290 et
1040 1257 1211 1302 magistra
1237 1257 1470 1290 scientiarum
1501 1257 1546 1290 ad
1571 1258 1740 1303 singulos
1766 1258 1860 1291 dona
1891 1258 2074 1301 derivans,
2100 1266 2327 1306 cunctosque

441 1326 643 1359 clarificans
664 1324 870 1357 illustribus
892 1324 1002 1357 radiis
1029 1324 1288 1357 doctrinarum.
1312 1325 1356 1357 Et
1376 1324 1459 1369 quia
1481 1324 1648 1357 nonnulli
1670 1325 1864 1358 seditionis
1885 1332 1920 1359 et
1940 1326 2102 1371 nequitie
2123 1325 2188 1359 filii
2208 1326 2327 1361 lucem

443 1394 479 1425 in
515 1392 682 1425 tenebras
713 1398 926 1424 convertere
967 1397 1174 1436 satagentes
1214 1397 1351 1424 tantum
1387 1391 1546 1424 studium
1579 1391 1793 1425 subvertere
1823 1391 2061 1434 conabantur,
2097 1404 2165 1426 nos
2200 1404 2327 1426 eorum

442 1458 633 1493 conatibus
660 1458 848 1491 obviantes
869 1464 966 1490 certa
992 1464 1122 1491 statuta
1153 1457 1197 1490 de
1219 1464 1429 1490 nostrorum
1451 1458 1606 1491 consilio
1632 1458 1781 1491 fratrum
1808 1458 2004 1500 edidimus,
2028 1471 2092 1504 per
2113 1471 2183 1504 que
2204 1459 2329 1492 studio

445 1526 543 1559 soliti
570 1525 816 1558 reddebantur
842 1525 1065 1557 incrementa
1085 1524 1225 1569 vigoris
1252 1530 1287 1557 et
1312 1524 1435 1557 talium
1462 1536 1719 1570 perversorum
1745 1525 1898 1558 intentio
1929 1525 2135 1559 tollebatur.
2162 1526 2329 1571 Cumque

445 1599 570 1625 noster
595 1592 736 1624 animus
762 1598 879 1636 optata
906 1602 1017 1636 super
1042 1603 1085 1623 eo
1111 1590 1370 1636 tranquillitate
1397 1591 1616 1636 quiesceret,
1639 1591 1739 1636 quod
1764 1591 1858 1625 sicut
1886 1591 2043 1625 habebat
2072 1592 2198 1626 relatio
2219 1591 2330 1637 pluri-

447 1672 585 1692 morum
613 1666 741 1691 statum
769 1658 903 1703 quietis
929 1664 964 1690 et
989 1657 1087 1703 pacis
1114 1658 1342 1691 Universitas
1372 1658 1645 1703 resumpsisset,
1677 1658 1910 1704 postmodum
1941 1659 2051 1704 (quod
2082 1658 2215 1692 turbati
2242 1659 2331 1692 refe-

447 1726 585 1769 rimus),
608 1726 668 1770 qui
700 1724 913 1757 dicebantur
933 1736 951 1757 a
973 1736 1119 1757 suarum
1147 1724 1368 1757 seditionum
1399 1724 1577 1770 languore
1608 1725 1736 1767 sanati,
1759 1737 1889 1770 passos
1914 1726 1992 1758 fore
2022 1725 2217 1759 didicimus
2243 1725 2332 1759 reci—

447 1793 563 1825 divam
596 1793 631 1824 in
667 1792 779 1825 divini
810 1791 1066 1824 contumeliam
1099 1791 1272 1832 nominis,
1303 1791 1495 1836 apostolici
1525 1791 1682 1825 mandati
1713 1798 1959 1837 contemptum
1986 1799 2021 1826 et
2051 1791 2331 1826 subversionem

447 1860 558 1892 studii
590 1859 788 1891 memorati.
817 1859 940 1903 Nuper
969 1858 1065 1891 enim
1102 1858 1238 1891 nostris
1265 1865 1320 1891 est
1349 1858 1500 1891 auribus
1530 1858 1745 1900 intimatum,
1782 1859 1880 1904 quod
1911 1859 2075 1904 magistri
2105 1866 2140 1892 et
2169 1861 2333 1892 rectores

447 1927 652 1959 artistarum
684 1925 944 1958 parisiensium
980 1937 1019 1957 se
1053 1937 1071 1958 a
1107 1925 1536 1961 dilectortuufiliorum.
1557 1925 1829 1959 Predicatorum
1860 1932 1897 1958 et
1925 1926 2107 1960 Minorum
2152 1925 2332 1959 Ordinum

448 1994 596 2025 fratrum
628 1999 661 2024 ct
693 1992 919 2036 quorundam
965 1991 1118 2025 aliorum
1165 1991 1422 2037 magistrorum
1459 1998 1494 2025 et
1518 1991 1722 2041 scolarium
1755 1992 2013 2038 religiosorum
2049 1998 2084 2025 et
2113 1991 2332 2025 secularium

449 2060 620 2092 socictate
647 2071 711 2091 seu
737 2059 923 2091 consortio
950 2065 1161 2103 separantes
1188 2058 1288 2103 ipsos
1310 2058 1346 2091 in
1368 2058 1571 2091 elusionem
1590 2059 1747 2092 mandati
1771 2059 1962 2104 apostolici
1984 2071 2096 2104 super
2115 2059 2184 2092 hoc
2205 2059 2334 2092 directi

449 2126 493 2159 ad
515 2138 618 2158 suum
645 2126 869 2158 consortium
892 2137 957 2170 pro
979 2137 1044 2159 sue
1070 2113 1438 2158 voluntatisarbitrio
1465 2137 1539 2158 non
1564 2125 1758 2159 admittunt
1776 2127 1902 2159 contra
1928 2115 2058 2159 statuta
2079 2125 2165 2159 olim
2186 2138 2204 2159 a
2225 2124 2335 2159 nobis

451 2205 563 2238 super
595 2192 662 2225 hoc
707 2192 800 2225 edita
842 2199 977 2225 temere
1021 2192 1216 2225 veniendo.
1249 2193 1385 2226 Verum
1430 2192 1513 2237 quia
1547 2192 1591 2225 ad
1631 2192 1667 2225 id
1697 2193 1856 2226 animum
1897 2199 2061 2226 nostrum
2093 2204 2136 2226 eo
2166 2191 2336 2226 acerbius

452 2260 629 2300 vulnerat,
660 2271 731 2304 quo
766 2259 912 2292 materia
948 2259 1095 2303 majoris
1126 2258 1343 2295 turbationis
1363 2265 1405 2294 „et
1425 2259 1608 2301 scandali,
1639 2260 1711 2294 nisi
1746 2272 1857 2305 super
1891 2259 1977 2292 hoc'
2002 2272 2020 2292 a
2047 2259 2154 2292 nobis
2189 2258 2336 2292 salubre

452 2326 664 2358 exhibeatur
685 2325 898 2366 remedium,
921 2332 1045 2370 posset
1067 2325 1198 2357 exinde
1220 2337 1292 2357 non
1313 2325 1451 2370 absque
1473 2326 1574 2370 gravi
1596 2325 1751 2359 ecclesie
1773 2326 1956 2371 generalis
1978 2326 2172 2371 dispendio
2193 2325 2337 2359 facilius

453 2393 599 2434 exoriri,
627 2392 778 2425 maxime
809 2404 889 2424 cum
907 2391 1117 2436 hujusmodi
1152 2392 1346 2437 separatiO,
1364 2404 1580 2437 quacunque
1601 2399 1676 2425 arte
1699 2392 1755 2426 vel
1776 2392 1926 2438 ingenio
1956 2392 2147 2425 adinventa
2176 2392 2286 2425 suerit
2301 2395 2338 2425 et

454 2471 671 2503 quocunque
690 2458 835 2490 nomine
857 2465 1060 2499 censeatur,
1085 2470 1258 2503 expresse
1279 2465 1404 2491 contra
1421 2459 1687 2492 ordinationem
1706 2466 1866 2492 nostram
1887 2466 1923 2492 et
1943 2465 2072 2492 statuta
2090 2458 2249 2504 predicta
2270 2470 2336 2503 pro

457 2525 649 2569 tranquillo
672 2531 765 2557 statu
787 2525 1005 2557 I'arisiensis
1023 2525 1133 2557 studii
1151 2525 1245 2558 edita
1264 2525 1311 2558 sit
1326 2532 1535 2571 presumpta
1555 2537 1561 2558 :
1584 2525 1754 2559 volumus
1771 2532 1806 2558 et
1822 2538 1887 2570 per
1907 2525 2105 2570 apostolica
2122 2524 2187 2558 tibi
2203 2525 2337 2569 scripta

459 2591 608 2623 tirmiter
635 2591 869 2635 precipiendo
901 2591 1125 2627 mandamus,
1154 2592 1324 2636 quatinus
1350 2592 1489 2625 eisdem
1522 2591 1726 2625 rectoribus
1756 2598 1792 2625 et
1816 2592 1952 2625 artistis
1978 2603 2017 2625 ac
2046 2591 2126 2624 aliis
2152 2591 2338 2636 magistris

458 2664 492 2689 et
522 2656 724 2689 scolaribus
750 2657 910 2689 Parisius
942 2658 1253 2691 commorantibus
1279 2671 1323 2691 ex
1348 2665 1447 2704 parte
1475 2665 1597 2692 nostra
1624 2659 1788 2692 districte
1815 2658 2008 2703 precipias,
2038 2664 2077 2690 ut
2111 2657 2202 2690 infra
2232 2657 2340 2702 quin-

459 2723 574 2755 decim
609 2723 686 2755 dics
716 2730 797 2767 post
823 2723 1034 2768 hujusmodi
1061 2732 1271 2770 preceptum
1293 2725 1442 2758 eosdem
1472 2726 1602 2758 fratres
1632 2737 1671 2758 ac
1698 2725 1790 2758 alios
1820 2725 1857 2757 in
1883 2736 1989 2758 suum
2020 2724 2244 2757 consortium
2273 2735 2339 2757 seu

460 2789 667 2821 societatem
689 2789 789 2833 juxta
815 2790 1013 2822 eorundem
1045 2797 1260 2824 statutorum
1293 2799 1454 2824 tenorem
1485 2792 1674 2825 admittere
1701 2791 1871 2825 studeant
1895 2798 1929 2824 et
1949 2790 2142 2824 efficaciter
2166 2790 2339 2828 retinere,

461 2855 719 2888 nichilominus
742 2855 939 2888 inhibendo
969 2868 1012 2888 ne
1042 2857 1172 2891 similia
1199 2858 1369 2891 ‹lecetero
1396 2865 1666 2903 attemptentur,
1689 2858 1851 2903 alioquin
1878 2864 1946 2891 tam
1973 2864 2134 2890 rectores
2160 2863 2195 2890 et
2214 2857 2340 2890 artiste

463 2921 628 2966 predicti,
650 2933 688 2953 ac
709 2921 781 2961 alii,
804 2921 865 2965 qui
891 2929 1108 2955 memoratos
1138 2924 1266 2957 sffit‘res
1282 2924 1554 2970 ‘'e‘t'ei's‘“'s‘l‘1per
1578 2924 1645 2957 hec
1671 2924 1889 2957 adherentes
1922 2924 1966 2957 ad
1991 2923 2201 2969 hujusmodi
2227 2923 2340 2956 socie-
