2580 3528
288 417 386 458 1228]
626 427 673 448 AB
707 426 814 448 ΑΝΝο
849 425 927 448 uec
962 425 1095 454 usque
1131 426 1180 447 AD
1215 425 1446 448 rnimrrnm
1483 426 1523 448 1v
1558 427 1648 449 aas.
1686 427 1823 449 rnxxc.
2106 416 2168 450 115

287 501 419 535 lectum
449 506 657 534 sanctorum
684 498 831 545 patrum'
855 499 988 533 studiis
1015 499 1126 532 certis
1153 499 1423 544 expositionum
1454 500 1621 533 terminis
1648 500 1812 541 limitate,
1840 513 1933 546 quos
1962 501 2169 546 transgredi

287 580 361 601 non
385 567 504 601 solum
525 574 583 601 est
602 566 847 608 temerarium,
870 566 935 599 sed
958 565 1199 612 prophanum,
1221 566 1266 599 ad
1286 565 1488 600 doctrinam
1510 566 1800 612 philosophicam
1827 567 2043 600 naturalium
2066 568 2170 600 incli-

286 635 421 676 nando,
442 634 487 667 ad
507 633 789 667 ostentationem
810 633 977 673 scientie,
1004 645 1078 666 non
1099 633 1301 678 profectum
1323 633 1481 678 aliquem
1503 633 1727 673 auditorum2
1750 641 1790 667 ut
1810 634 1863 667 sic
1884 634 2076 667 videantur
2096 647 2169 667 non

287 698 486 743 theodocti,
513 700 579 734 sed
608 699 786 746 theologi,
814 706 871 733 set
898 700 1021 745 potius
1048 699 1273 745 theophanti.
1309 700 1401 734 Cum
1428 700 1523 733 enim
1555 700 1776 746 theologiam
1808 701 2009 734 secundum
2040 714 2171 746 appro-

287 768 387 802 batas
408 768 624 801 traditiones
648 773 856 800 sanctorum
878 777 1062 812 exponere
1083 766 1253 806 debeant,
1271 773 1307 800 et
1327 779 1402 800 non
1422 767 1630 800 carnalibus
1646 768 1770 809 armis,
1789 774 1846 801 set
1866 769 1942 801 Deo
1960 768 2172 814 potentibus

286 835 478 869 destruere
500 846 644 868 ornnem
665 832 894 868 altitudinem
915 833 1150 867 extollentem
1171 846 1211 867 se
1237 834 1415 868 adversus
1442 834 1631 868 scientiam
1655 835 1720 868 Dei
1743 841 1778 868 et
1802 835 1983 880 captivum
2005 835 2043 868 in
2063 835 2172 868 obse—

286 902 411 948 quium
433 901 570 936 Christi
591 913 736 935 omnem
757 901 934 934 reducere
955 900 1195 939 intellectum,
1212 901 1284 946 ipsi
1305 901 1483 934 doctrinis
1500 901 1610 935 variis
1630 908 1667 934 et
1685 902 1893 947 peregrinis
1914 901 2059 935 abducti
2082 902 2173 935 redi-

287 975 379 1014 gunt
405 975 512 1014 caput
540 968 577 1001 in
603 967 753 1001 caudam
778 974 815 1001 et
837 967 968 1001 ancille
994 974 1134 1013 cogunt
1157 967 1323 1001 famulari
1351 968 1528 1014 reginam,
1557 968 1730 1002 videlicet
1757 968 1988 1002 documentis
2017 969 2174 1002 terrenis

286 1036 436 1078 celeste,
464 1035 562 1081 quod
587 1042 644 1069 est
669 1035 786 1081 gratie
812 1034 1008 1068 tribuendo
1036 1041 1175 1068 nature.
1203 1035 1371 1068 Profecto
1397 1035 1551 1068 scientie
1577 1035 1795 1068 naturalium
1823 1035 1906 1081 plus
1934 1035 2058 1068 debito
2084 1036 2174 1068 insi-

289 1109 428 1137 stentes
447 1103 492 1136 ad
507 1102 647 1136 Infirma
669 1109 705 1135 et
720 1114 836 1147 egena
853 1101 1032 1135 elementa
1053 1102 1192 1143 mundi,
1211 1101 1359 1147 quibus,
1375 1102 1460 1135 dum
1483 1109 1609 1135 essent
1626 1102 1778 1148 parvuli,
1797 1103 2004 1136 servierunt
2020 1103 2173 1140 reversi,

289 1177 324 1204 et
344 1170 398 1203 eis
419 1170 558 1203 denuo*
591 1169 796 1203 servientes
822 1165 990 1214 tanquam
1019 1168 1224 1202 imbecilles
1250 1169 1287 1201 in
1313 1168 1475 1210 Christo,
1502 1169 1593 1202 laete
1616 1164 1689 1202 non
1711 1169 1831 1202 solido
1857 1169 1940 1202 cibo
1960 1176 2172 1208 vescuntur,

290 1244 326 1271 et
352 1237 524 1271 videntur
552 1248 616 1270 cor
645 1248 873 1282 nequaquam
903 1235 1017 1281 gratia
1048 1235 1247 1277 stabilisse,
1279 1242 1429 1281 propter
1459 1236 1558 1281 quod
1589 1236 1733 1282 spoliati
1764 1237 1933 1282 gratuitis
1964 1243 1999 1269 et
2029 1237 2066 1269 in
2097 1237 2175 1270 suis

289 1303 516 1338 naturalibus
544 1303 738 1345 vulnerati,
765 1303 810 1336 ad
837 1303 1047 1335 memoriam
1077 1314 1150 1336 non
1176 1302 1358 1336 reducunt
1381 1302 1473 1336 illud
1498 1303 1669 1348 apostoli,
1691 1303 1789 1348 quod
1811 1303 1912 1348 ipsos
1933 1303 2071 1349 legisse
2097 1316 2176 1336 cre—-

289 1371 410 1404 dimus
425 1371 499 1416 jam
521 1371 754 1416 frequenter:
769 1384 786 1400 «
804 1369 1015 1414 Prophanas
1041 1381 1171 1402 vocum
1200 1369 1380 1403 novitates
1402 1376 1437 1402 et
1461 1369 1542 1402 salsi
1564 1370 1725 1403 nominis
1746 1370 1899 1403 scientie
1921 1370 2176 1415 oppositiones

289 1438 422 1479 devita,
443 1449 549 1483 quam
571 1437 717 1482 quidam
739 1442 953 1482 appetentes
975 1436 1190 1469 exciderunt
1209 1448 1227 1469 a
1249 1436 1320 1469 fide
1335 1450 1364 1469 n.
1386 1436 1416 1470 Ο
1438 1436 1633 1482 improvidi
1655 1443 1690 1470 et
1712 1437 1802 1469 tardi
1822 1437 1933 1469 corde
1951 1437 1986 1469 in
2005 1436 2176 1470 omnibus

289 1517 360 1551 que
381 1505 504 1538 divine
524 1504 640 1550 gratie
667 1510 887 1544 assertores,
916 1502 1108 1548 prophete,
1136 1502 1321 1544 videlicet,
1351 1503 1576 1549 evangeliste
1602 1515 1642 1536 ac
1663 1503 1819 1548 apostoli
1841 1510 1927 1536 sunt
1946 1503 2071 1545 locuti,
2093 1516 2175 1539 cum

290 1577 415 1605 natura
435 1583 500 1617 per
521 1583 561 1604 se
582 1571 775 1616 quicquam
802 1570 846 1603 ad
868 1569 1022 1603 salutem
1043 1582 1117 1603 non
1138 1570 1269 1615 possit,
1292 1570 1364 1602 nisi
1385 1570 1500 1615 gratia
1522 1570 1569 1603 sit
1589 1570 1723 1615 adjuta.
1747 1570 1874 1604 Dicant
1897 1577 2174 1615 presumptorcs

289 1637 515 1684 hujusmodi,
532 1637 594 1683 qui
611 1637 813 1671 doctrinam
829 1636 1046 1670 naturalium
1066 1636 1314 1682 amplexantes
1331 1636 1527 1670 verborum
1544 1637 1629 1670 solia
1647 1644 1683 1670 et
1699 1649 1772 1670 non
1789 1638 1929 1670 fructus
1945 1637 2176 1670 auditoribus

289 1705 367 1739 suis
395 1711 596 1751 apponunt,
622 1716 779 1750 quorum
808 1710 951 1737 mentes
977 1703 1081 1750 quasi
1107 1703 1253 1749 siliquis
1279 1710 1381 1749 paste
1406 1716 1519 1737 vacue
1546 1710 1735 1737 remanent
1761 1710 1796 1737 et
1820 1704 1962 1746 inanes,
1989 1710 2022 1737 et
2049 1716 2174 1737 eorum

289 1772 406 1806 anima
423 1784 496 1805 non
517 1778 638 1818 potest
657 1771 695 1805 in
715 1771 960 1805 crassitudine
981 1770 1170 1813 delectari,
1189 1783 1233 1804 eo
1254 1771 1353 1816 quod
1376 1770 1574 1804 situbunda
1595 1777 1631 1804 et.
1651 1771 1750 1804 arida
1771 1771 1875 1816 aquis
1897 1771 2003 1816 Sytoe
2025 1783 2176 1804 curren-

290 1839 387 1873 tibus
408 1851 489 1872 cum
511 1838 659 1872 silentio
680 1850 755 1872 non
783 1845 939 1884 potatur,
967 1845 1024 1872 set
1047 1838 1102 1871 eis
1123 1838 1246 1884 potius
1268 1850 1339 1884 que
1361 1838 1405 1871 de
1428 1837 1655 1871 torrentibus
1681 1837 1948 1884 philosophicis
1970 1838 2174 1878 auriuntur,

290 1906 336 1940 de
357 1905 492 1952 quibus
513 1906 646 1940 dicitur
660 1917 667 1939 :
682 1920 699 1938 «
717 1907 798 1949 Quo
820 1905 903 1951 plus
924 1911 1011 1939 sunt
1038 1912 1136 1951 pote,
1157 1905 1241 1950 plus
1263 1905 1438 1939 sitiuntur
1456 1917 1563 1951 aque,
1581 1905 1666 1951 quia
1687 1905 1888 1938 satietatem
1912 1917 1984 1938 non
2006 1905 2173 1945 all'erunt,

290 1980 346 2007 set
369 1973 584 2007 anxietatem
606 1973 728 2019 potius
750 1979 784 2006 et
805 1972 967 2006 laborem
991 1986 1021 2005 ».
1045 1973 1174 2006 Nonne
1195 1972 1281 2006 dum
1303 1972 1347 2005 ad
1374 1984 1525 2005 sensum
1551 1972 1717 2006 doctrine
1739 1971 2042 2018 philosophorum
2070 1972 2176 2018 igno-

291 2040 444 2074 rantium
480 2041 595 2073 Deum
623 2051 724 2073 sacra
755 2039 901 2085 eloquia
930 2039 1108 2073 divinitus
1137 2039 1312 2085 inspirata
1343 2039 1495 2073 extortis
1526 2038 1834 2085 expositionibus,
1866 2039 1976 2072 immo
2009 2039 2175 2072 distortis

290 2107 494 2149 inflectunt,
516 2107 618 2152 juxta
644 2107 772 2152 Dagon
797 2118 914 2140 arcam
940 2106 1078 2139 sederis
1104 2105 1299 2148 collocant,
1326 2112 1362 2139 et
1386 2106 1607 2140 adorandam
1629 2106 1666 2139 in
1687 2105 1824 2151 templo
1846 2106 1992 2139 Domini
2014 2112 2176 2139 statuunt

289 2173 494 2220 ymaginem
519 2173 714 2207 Antiochi?
738 2174 783 2207 Et
807 2173 892 2206 dum
918 2173 1027 2206 fidem
1055 2179 1234 2207 conantur
1258 2173 1342 2219 plus
1363 2172 1488 2206 debito
1515 2173 1654 2206 ratione
1675 2179 1841 2206 astruere
1862 2172 2029 2214 naturali,
2053 2184 2175 2205 nonne

291 2240 387 2274 illam
418 2240 577 2274 reddunt
603 2240 872 2286 quodammodo
906 2239 1072 2273 inutilem
1101 2246 1137 2274 et
1167 2240 1326 2282 inanem,
1356 2240 1526 2285 quoniam
1554 2240 1647 2273 fides
1673 2252 1746 2273 non
1775 2239 1881 2273 habet
1907 2240 2088 2280 meritum,
2116 2239 2174 2272 cui

291 2307 446 2340 humana
476 2307 567 2340 ratio
597 2306 726 2353 prebet
754 2307 1070 2353 experimentum?
1098 2306 1226 2341 Credit
1255 2307 1415 2352 (lenique
1445 2306 1629 2340 intellecta
1661 2313 1800 2347 natura,
1835 2313 1891 2339 set
1921 2306 2012 2338 fides
2043 2317 2086 2338 ex
2116 2306 2172 2338 sui

290 2373 422 2407 virtute
452 2373 607 2419 gratuita
640 2373 883 2419 intelligentia
912 2373 1050 2407 credita
1078 2372 1358 2419 comprehendit
1387 2385 1458 2418 que
1487 2373 1604 2406 audax
1633 2379 1669 2405 et
1697 2372 1861 2418 improba
1892 2378 2069 2418 penetrat,
2100 2384 2173 2417 quo

291 2440 464 2474 naturalis
481 2440 607 2486 nequit
621 2440 801 2486 attingere
817 2439 1038 2474 intellectus.
1063 2440 1191 2473 Dicant
1210 2439 1422 2485 hujusmodi
1444 2439 1660 2473 naturalium
1682 2445 1896 2480 sectatores,
1913 2445 1995 2472 ante
2017 2450 2171 2484 quorum

290 2507 419 2541 oculos
443 2507 558 2553 gratia
578 2507 723 2541 videtur
743 2507 959 2553 proscripta,
981 2506 1080 2552 quod
1100 2505 1263 2541 Verbum
1285 2506 1384 2552 quod
1405 2513 1482 2540 erat
1502 2506 1539 2539 in
1560 2506 1741 2552 principio
1768 2506 1863 2551 apud
1889 2507 2018 2546 Deum,
2040 2506 2171 2539 sactum

290 2581 346 2608 est
365 2586 462 2617 caro,
493 2581 528 2608 et
556 2573 730 2608 habitavit
749 2574 787 2607 in
807 2573 915 2607 nobis
940 2585 947 2607 :
976 2580 1033 2607 est
1056 2585 1101 2607 ne
1126 2573 1242 2619 gratie
1267 2585 1313 2607 an
1340 2575 1494 2607 nature?
1518 2572 1626 2606 Absit
1650 2573 1835 2614 deeetero,
1864 2579 1903 2606 ut
1928 2572 2172 2618 pulcherrima

290 2641 483 2675 unuliertun
509 2654 527 2675 a
555 2640 874 2688 presumptoribus
899 2640 1010 2674 stibio
1032 2647 1205 2686 peruncta
1230 2639 1358 2674 oculos
1384 2639 1573 2674 coloribus
1593 2640 1810 2674 adulterinis
1831 2641 1986 2681 fucetur,
2008 2646 2043 2673 et
2063 2652 2133 2685 que
2154 2652 2172 2673 a

290 2721 358 2742 suo
387 2721 526 2755 sponso
553 2708 820 2742 circumamicta
850 2707 1086 2742 varietatibus
1113 2714 1149 2741 et
1177 2714 1302 2741 ornata
1332 2707 1530 2741 monilibus
1552 2707 1718 2753 procedit
1747 2706 1939 2753 splendida
1964 2713 2003 2740 ut
2033 2707 2170 2752 regina,

289 2775 455 2809 consutis
481 2775 782 2822 philosophorum
812 2774 1050 2816 semicinciis,
1077 2781 1179 2808 veste
1206 2774 1355 2807 sordida
1383 2774 1567 2808 induatur.
1595 2773 1701 2807 Absit
1727 2780 1762 2807 ut
1789 2773 1902 2807 boves
1923 2774 2005 2807 sede
2026 2786 2065 2807 ac
2086 2786 2173 2806 con-

290 2843 383 2876 seete
404 2842 530 2884 macie,
553 2854 623 2888 que
649 2842 788 2876 nullum
817 2842 904 2876 dant
930 2841 1129 2875 saturitatis
1154 2841 1364 2887 vestigium,
1387 2841 1576 2887 speciosas
1603 2841 1781 2875 devorent
1802 2853 2018 2886 crassasquc
2039 2852 2172 2873 consu-

293 2915 400 2943 mant.
422 2910 474 2943 Ne
502 2909 615 2955 igitur
642 2908 855 2955 hujusmodi
883 2908 1015 2955 dogma
1046 2908 1278 2942 temerarium
1307 2914 1343 2941 ct
1368 2920 1582 2954 perversum
1609 2914 1647 2941 ut
1673 2920 1803 2941 cancer
1828 2914 1951 2953 serpat
1976 2914 2010 2940 et
2038 2907 2173 2939 inliciat

292 2975 482 3022 plurimos,
517 2982 755 3022 oporteatque
794 2975 891 3010 filios
929 2975 1094 3022 perditos
1129 2975 1272 3022 plorare
1309 2974 1516 3017 Rachelem,
1557 2975 1781 3021 presentium
1821 2973 1926 3008 vobis
1960 2973 2172 3007 auctoritate
