2580 3528
282 412 378 453 1276]
619 421 668 444 ΑΒ
701 421 808 444 anuo
842 420 921 444 uec
954 421 1087 450 usqua
1122 421 1170 443 An
1205 421 1435 444 munerun
1470 422 1510 444 ιν
1545 422 1634 444 nse.
1672 423 1809 446 rame.
2088 414 2153 448 539

280 495 457 542 periculis
489 494 666 529 cautelam
699 494 892 528 adhibens.
926 496 1002 528 Nos
1036 506 1104 528 suo
1138 494 1350 541 magisterio
1385 495 1527 537 edocet,
1563 495 1651 541 quid
1684 496 1721 529 in
1751 496 2006 530 consimilibus
2034 498 2152 532 facere

280 561 491 596 debeamus.
514 561 606 595 Hinc
627 568 696 602 est,
723 561 822 607 quod
842 573 910 595 nos
931 561 1161 596 attendentes
1181 561 1322 596 occulta
1342 561 1595 596 conventicula
1615 562 1659 595 ad
1680 562 1885 596 docendum
1912 563 2025 597 sacris
2045 576 2153 598 cano-

243 630 246 632 ’
279 628 390 663 nibus
415 628 608 662 interdicta
632 634 670 679 et
692 628 838 662 inimica
865 628 1043 674 sapientie
1067 629 1185 674 (cujus
1212 629 1444 675 professores
1468 629 1682 673 existimus),
1710 641 1780 674 que
1806 635 1946 663 mentes
1966 629 2150 663 hominum

279 695 491 729 illuminans
511 694 683 729 tenebras
703 695 917 737 detestatur,
945 695 1129 729 communi
1148 695 1302 729 utilitate
1327 702 1476 741 pensata
1496 696 1763 742 presumptioni
1788 696 2025 741 quorumdam
2052 697 2154 730 mali-

278 761 467 808 gnantium
498 761 646 796 obviare
674 761 842 796 volentes
871 761 917 796 de
945 762 1130 796 communi
1159 774 1344 796 consensu
1374 763 1566 796 statuimus
1595 775 1635 796 ac
1665 762 1771 796 etiam
1799 762 2025 805 ordinamus,
2054 763 2153 809 quod

279 828 404 863 nullus
426 828 599 875 magister
616 828 676 863 vel
695 828 938 863 bachallarius
957 830 1221 875 cujuscumque
1244 829 1354 863 fuerit
1378 829 1571 871 facultatis,
1598 829 1723 876 legere
1749 829 1919 863 decetero
1939 830 2149 876 acceptent⁸

279 896 317 930 in
337 895 430 930 locis
450 895 601 942 privatis
621 895 765 941 aliquos
785 895 900 930 libros
925 902 1076 942 propter
1099 895 1211 930 multa
1231 896 1406 942 pericula,
1434 908 1504 942 que
1525 896 1610 930 inde
1630 908 1820 943 emergere
1840 903 2009 942 possunt,
2029 897 2095 930 sed
2116 897 2152 930 in

279 962 372 997 locis
391 961 650 997 communibus
674 962 738 996 ubi
762 974 891 997 omnes
916 963 1061 1008 possint
1085 963 1287 1005 confluere,
1313 963 1375 1009 qui
1401 975 1442 997 ea
1466 975 1537 1009 que
1561 963 1613 996 ibi
1637 963 1840 997 docentur*
1865 963 2007 997 valeant
2027 975 2152 1009 repor-

279 1030 380 1063 tare⁸
417 1028 587 1071 fideliter,
621 1029 783 1075 exceptis
816 1029 999 1063 dumtaxat
1026 1028 1132 1063 libris
1160 1029 1456 1076 gramaticalibus
1485 1042 1525 1064 ac
1556 1029 1789 1076 logicalibus,
1824 1030 1861 1063 in
1891 1029 2025 1075 quibus
2054 1029 2152 1064 nulla

280 1096 506 1142 presumptio
540 1102 663 1142 potest
697 1107 792 1130 esse.
829 1097 903 1130 Hec
941 1102 1059 1130 autem
1100 1096 1292 1130 statuimus
1330 1103 1366 1130 et
1403 1097 1614 1130 ordinamus
1652 1096 1913 1130 inviolabiliter
1949 1097 2151 1131 secundum

278 1169 443 1196 tenorem
477 1162 754 1208 privilegiorum
781 1175 800 1196 a
825 1162 913 1196 sede
942 1162 1141 1208 apostolica
1170 1163 1395 1197 indultorum
1429 1163 1615 1209 magistris
1649 1170 1685 1197 et
1718 1163 1922 1197 scolaribus
1955 1164 2150 1198 Parisiens.

280 1229 520 1263 observanda.
551 1229 588 1263 Si
619 1229 702 1275 quis
730 1235 849 1263 autem
876 1236 1001 1263 contra
1027 1228 1096 1263 hoc
1123 1236 1295 1264 statutum
1323 1242 1389 1264 seu
1420 1229 1686 1264 ordinationem
1715 1230 1840 1264 venire
1871 1231 2150 1276 presumpserit,

278 1296 517 1342 privationem
546 1295 732 1329 societatis
759 1296 1015 1342 magistrorum
1043 1303 1079 1329 et
1105 1296 1299 1330 scolarium
1328 1308 1368 1330 se
1393 1297 1537 1345 noverit
1561 1297 1805 1330 incursurum.
1834 1297 1963 1330 Actum
1991 1303 2027 1330 et
2053 1297 2152 1331 ordi-

276 1369 398 1396 natum
428 1362 524 1408 apud
553 1362 722 1396 Sanctum
750 1362 976 1396 Bernardum
1006 1362 1043 1396 in
1071 1363 1269 1397 Cardineto
1296 1363 1333 1396 in
1361 1364 1647 1410 congregatione
1676 1363 1853 1409 generali,
1880 1375 1975 1397 anno
2006 1364 2151 1397 Domini

275 1429 521 1464 M·CC⁰LXX⁰
541 1435 659 1471 sexto,
681 1428 741 1462 die
760 1429 933 1462 mercurii
953 1435 1036 1462 ante
1056 1429 1283 1463 Nativitatem
1304 1429 1409 1463 beate
1429 1430 1556 1471 Marie,
1584 1436 1723 1463 retenta
1744 1429 1851 1463 nobis
1870 1429 2042 1472 addendi,
2064 1430 2151 1464 sub-

276 1495 456 1538 trahendi,
478 1495 682 1529 inmutandi
702 1501 739 1529 et
757 1495 953 1529 revocandi
973 1507 1054 1529 cum
1076 1495 1184 1530 nobis
1203 1495 1388 1530 videbitur
1407 1503 1598 1542 potestate.

370 1594 507 1627 Originale
526 1594 554 1618 in
573 1593 651 1619 Arcb.
671 1593 793 1619 Univen.
814 1593 898 1618 Paris.
919 1594 995 1618 tbeca
1014 1594 1069 1619 vn.
1091 1594 1120 1618 D.
1141 1595 1164 1618 7.
1185 1603 1210 1619 a.
1226 1594 1317 1619 Restat
1338 1594 1445 1619 taeniol.
1461 1595 1571 1619 membr.
1586 1609 1618 1613 —
1632 1594 1696 1620 Cod.
1709 1595 1766 1619 Vat.
1783 1595 1845 1627 Reg.
1866 1596 1921 1623 406,
1938 1595 1982 1619 fol.
2003 1595 2060 1620 61³.
2081 1595 2150 1621 Bibl.

274 1638 407 1671 Phimpp-
421 1638 448 1663 in
463 1638 645 1668 Cheltsnham,
660 1646 710 1663 mn.
726 1639 781 1666 ⁸78,
798 1639 844 1663 sol.
855 1639 896 1668 64,
911 1639 962 1663 sub
977 1639 1084 1663 rubrica
1099 1647 1105 1663 ι
1123 1647 1135 1663 α
1147 1639 1287 1664 Ordinatio
1303 1639 1348 1672 qui
1362 1639 1425 1664 libri
1440 1639 1569 1664 debentur
1583 1639 1637 1672 legi
1648 1639 1674 1663 in
1690 1639 1754 1664 locis
1767 1639 1880 1672 privatis
1891 1648 1913 1663 ».
1927 1653 1954 1658 —
1965 1640 2088 1668 Bulaeus,
2103 1640 2150 1668 111,

273 1684 330 1715 μω.

368 1768 391 1792 1.
409 1767 514 1801 Ubique
529 1770 637 1800 excepto
651 1767 719 1801 orig.
734 1776 740 1792 τ
758 1777 770 1792 α
786 1771 943 1801 attemptent
957 1777 980 1793 n.
995 1782 1028 1787 —
1041 1769 1064 1793 2.
1079 1768 1153 1801 Orig.
1171 1777 1177 1792 ·.
1195 1777 1208 1793 a
1223 1769 1361 1793 doceretur
1373 1778 1396 1793 iv.
1411 1782 1439 1788 -
1454 1769 1477 1793 3.
1497 1769 1516 1793 1.
1533 1777 1555 1794 e.
1573 1777 1585 1793 a
1600 1769 1778 1793 transcribere
1793 1778 1815 1793 υ,

272 1973 387 2013 469.
411 1983 588 2020 θιιὶΙΙσΙηιιιι,
605 1984 829 2012 archidiaconus
848 1984 989 2012 ecclesiae
1003 1985 1189 2021 Pariaienaia,
1208 1988 1304 2012 notum
1318 1985 1393 2021 facit
1412 1985 1581 2021 magistr-um
1602 1984 1782 2012 Guillelmum
1799 1984 1836 2012 de
1855 1985 2149 2012 Monte-Morenciaco

362 2032 482 2061 elecem
496 2033 591 2069 filisu
605 2034 635 2061 in
645 2034 820 2071 provisorem
832 2042 994 2071 pauperum
1009 2034 1211 2070 magistrorum
1226 2034 1262 2061 de
1278 2034 1416 2062 Sor-bona.

1402 2142 1480 2172 727³.
1495 2141 1641 2169 novembr-ic
1655 2143 1694 2172 u.
1709 2141 1862 2177 [Pan'aeikJ.

366 2227 558 2262 Universis
584 2235 779 2274 presentes
807 2228 947 2264 litteras
972 2230 1195 2276 inspecturis
1222 2229 1449 2264 Guillermus
1476 2229 1523 2263 ἰη.
1541 2229 1697 2263 ecclesia
1727 2230 1839 2263 Paris.
1870 2228 2147 2263 archidiaconus

275 2293 429 2328 salutem
463 2294 501 2328 in
535 2295 704 2329 Domino.
739 2296 923 2330 Noveritis
957 2308 1026 2330 nos
1055 2308 1150 2330 anno
1185 2296 1330 2330 Domini
1365 2296 1560 2330 millesimo
1593 2295 1845 2329 ducentesimo
1875 2295 2146 2341 septuagesimo

273 2367 390 2402 sexto,
412 2360 472 2395 die
495 2360 638 2395 sabbati
662 2368 748 2408 poet
770 2362 907 2396 festum
934 2362 1031 2396 beati
1051 2362 1197 2397 Martini
1223 2362 1402 2405 hiemalis,
1429 2362 1568 2396 litteras
1594 2362 1655 2396 fel.
1683 2374 1755 2396 rec.
1782 2362 1921 2396 domini
1945 2362 2146 2402 Clementis

274 2439 364 2473 pape
389 2427 507 2474 quarti
527 2439 602 2462 non
621 2427 851 2471 cancellatas,
873 2441 947 2463 non
967 2428 1134 2471 abolitas,
1162 2441 1236 2463 non
1263 2429 1300 2463 in
1327 2429 1447 2475 aliqua
1474 2429 1531 2463 sui
1560 2435 1660 2475 parte
1685 2429 1833 2463 viciatas
1857 2429 1996 2463 vidisse
2020 2429 2057 2462 in
2078 2429 2145 2463 hec

270 2493 382 2528 verba
405 2505 447 2528 τα
460 2493 633 2529 Clemens
653 2494 851 2541 episcopus
871 2507 1001 2530 servus
1022 2507 1213 2530 servorum
1231 2495 1297 2529 Dei
1314 2495 1377 2529 dil.
1391 2495 1441 2529 fil.
1464 2495 1646 2542 provisori
1667 2507 1865 2542 pauperum
1887 2496 2143 2542 magistrorum

271 2567 307 2594 et
330 2560 422 2607 ipsis
447 2561 634 2608 magistris
659 2561 697 2595 in
721 2561 927 2609 theologica
951 2562 1119 2597 facultate
1146 2561 1382 2597 studentibus
1406 2562 1443 2596 in
1466 2562 1548 2596 vico
1571 2562 1616 2596 ad
1642 2569 1764 2608 portas
1788 2569 1870 2597 ante
1895 2562 2071 2609 palacium
2099 2563 2144 2597 de

267 2627 427 2667 -Termis,
460 2633 525 2662 etc.
559 2628 655 2663 sicut
680 2639 791 2674 supra
825 2632 864 2663 n⁰
887 2630 965 2663 421.
1001 2630 1079 2663 Dat.
1113 2628 1269 2663 Viterbii
1298 2641 1320 2663 x
1349 2628 1418 2663 kal.
1448 2629 1602 2675 Aprilis,
1637 2628 1869 2675 pontificatus
1898 2630 2014 2663 nostri
2048 2641 2143 2664 anno

269 2700 398 2740 quarto
417 2709 448 2728 n.
470 2695 546 2729 Nos
573 2701 691 2729 autem
712 2695 940 2730 Guillermus
967 2695 1246 2730 archidiaconus
1274 2695 1346 2730 loci
1374 2707 1455 2730 cum
1483 2695 1616 2730 ceteris
1643 2696 1813 2742 personis
1839 2696 2011 2742 superius
2032 2696 2143 2730 nomi-

269 2760 377 2803 natis,
397 2760 443 2795 ad
468 2773 559 2807 quas
586 2761 798 2796 auctoritate
823 2763 1006 2808 presentis
1026 2762 1146 2797 littere
1167 2762 1372 2809 pertinebat
1391 2762 1522 2797 electio
1542 2762 1745 2809 provisoris
1771 2763 1808 2797 in
1833 2762 1941 2797 domo
1967 2763 2141 2809 predicta,

269 2826 388 2862 hahita
415 2827 680 2862 deliberatione
707 2828 876 2875 diligenti
905 2841 1017 2876 super
1037 2830 1227 2876 provisore
1248 2829 1420 2876 eligendo
1440 2829 1653 2875 magistrum
1679 2828 1922 2864 Guillermum
1948 2830 1993 2863 de
2019 2831 2141 2864 Monte

268 2894 513 2937 Morenciaco,
544 2901 630 2929 tunc
658 2894 1015 2943 archipresbyterum
1049 2897 1169 2931 Sancti
1200 2896 1365 2931 Severini
1391 2895 1520 2939 Paris.,
1553 2907 1650 2930 nunc
1683 2907 1771 2931 vero
1804 2896 2017 2930 canonicum
2049 2896 2141 2930 Pari-

264 2960 443 3003 siensem,
475 2960 657 3008 elegimus
683 2961 727 2996 ad
754 2963 982 3009 provisorem
1011 2969 1047 2998 et
1072 2963 1238 3010 regimen
1274 2963 1370 2997 dicte
1397 2962 1564 2997 domus‘.
1606 2963 1647 2996 ln
1676 2963 1781 3008 cujus
1811 2963 1863 2996 rei
1893 2962 2139 2996 testimonium
