2580 3528
467 386 532 419 276
1047 393 1365 417 annTULAniUM
1401 392 1591 414 uuivfflts.
1630 390 1756 412 rmus.
2239 381 2339 422 [1254

468 470 505 492 19.
523 478 535 492 «
551 469 739 493 Per-rectionem
751 477 772 498 n,
788 470 845 493 Vnt.
857 483 888 487 -
899 470 936 492 20.
953 470 1063 496 Monac„
1080 469 1207 499 Mugunt.,
1223 468 1308 499 Eym.,
1324 467 1381 489 Vat.
1393 474 1398 489 ·.
1410 475 1421 489 «
1437 474 1506 497 pape
1519 464 1715 496 Romano(rum)
1733 472 1753 487 ι».
1770 464 1846 496 Apud
1862 464 1939 488 nex—v.
1955 465 2052 488 desunt
2064 473 2113 497 per
2127 473 2244 489 errorem
2259 474 2271 489 ι(
2286 473 2338 489 non

467 517 515 538 est.
533 532 538 537 .
556 532 561 537 .
579 514 639 537 novi
654 513 803 537 testamenti
819 522 839 536 υ.
856 527 887 531 ·—
902 514 939 536 21.
957 513 1039 537 Paris.
1059 521 1063 536 z
1082 522 1092 535 (ι
1109 512 1231 536 litteralis
1248 520 1269 535 ».
1286 525 1316 528 —
1331 512 1368 534 22.
1385 511 1460 542 Apud
1474 511 1562 538 Hei-w,
1579 510 1690 537 Momm,
1707 510 1825 541 Magum.
1839 517 1844 532 ‘-
1863 518 1875 532 a
1891 509 2004 538 Quintus
2021 518 2042 532 u.
2059 523 2088 527 —
2104 510 2142 534 23.
2159 510 2260 533 Monac.
2276 510 2336 533 add.

469 566 480 580 «
496 561 522 581 et
537 566 558 586 »,
574 558 651 581 Herv.
670 567 681 581 a
698 558 777 581 etiam
795 566 821 586 »;
838 558 911 589 Eym.
928 566 979 581 om.
995 557 1139 588 sequentia.
1154 570 1186 574 --
1201 557 1238 579 24.
1255 556 1330 586 Apud
1346 555 1434 583 nerv„
1451 555 1562 583 Monac,
1585 554 1704 585 Magunt.
1722 562 1727 577 ·.
1746 562 1757 577 t(
1773 554 1889 582 Quartus
1906 562 1928 578 ».
1944 567 1975 572 --
1992 554 2030 578 25.
2045 553 2142 584 Paris„
2157 554 2243 586 Eym„
2261 554 2336 578 Vat.:

468 611 480 625 (ι
496 602 651 626 clericorum
667 610 689 626 ».
703 616 734 620 —
750 603 787 625 26.
804 603 876 633 Eym.
894 610 899 624 ·.
917 610 929 624 «
945 602 990 624 sed
1007 610 1081 624 secus
1096 601 1123 623 in
1138 601 1197 623 aliis
1213 599 1311 623 homin.
1329 607 1349 622 i).
1368 613 1395 616 —
1410 600 1447 622 27.
1464 599 1575 627 Monac„
1593 598 1721 630 Magum„
1743 598 1832 627 Herm,
1848 598 1932 622 Paris.
1950 606 1956 622 z
1973 607 1986 622 «
2000 606 2072 630 papa
2086 606 2109 624 ».
2125 612 2157 616 —
2170 599 2210 622 2⁸.
2227 607 2239 622 t(
2255 599 2338 622 Sanc-

468 649 523 670 tum
539 654 561 676 »,
577 655 627 670 om.
645 655 734 670 omnes
748 649 853 678 praeter
867 646 958 669 Matth.
975 646 1018 676 qui
1036 654 1046 668 (ι
1064 648 1183 668 sanctum
1203 644 1327 675 spiritum
1344 652 1364 672 ι),
1381 647 1406 666 et
1422 643 1538 674 Magum.
1556 655 1583 660 —
1600 643 1638 666 29.
1653 643 1764 671 Monac..
1781 643 1910 674 Magunt„
1927 643 2017 672 Herv„
2034 643 2119 667 Paris.
2137 651 2142 666 z
2160 652 2172 667 «
2186 651 2259 675 papa
2274 650 2297 672 n,
2312 645 2339 666 et
2387 662 2394 670 .

468 691 506 714 sic
524 691 651 722 proxime.
679 704 709 708 ——
734 692 771 714 30.
793 690 850 714 Om.
875 691 963 721 Eym.;
991 690 1047 712 Vat.
1073 698 1124 712 om.
1145 697 1150 711 ·.
1174 698 1184 711 (ι
1205 689 1350 719 populo...
1374 687 1466 710 sive».
1487 700 1518 704 -
1539 687 1576 710 31.
1598 687 1682 710 Paris.
1697 695 1703 710 ι
1721 695 1733 710 «
1749 695 1817 719 pape
1838 687 1913 711 latini
1933 687 1988 711 sive
2008 695 2031 716 n,
2047 692 2094 712 etc.
2114 701 2142 706 —
2164 688 2202 711 32.
2223 687 2307 711 Paris.
2330 695 2336 711 2

469 744 480 758 «
495 743 564 767 pape
580 743 601 758 i).
617 748 648 752 —
660 736 698 758 33.
716 744 727 758 «
744 734 920 758 Preterierunt
935 742 956 762 υ,
974 734 1102 761 Monach.,
1121 734 1198 756 Herv.
1215 746 1246 749 —-
1260 733 1298 755 312.
1314 733 1389 763 Eym.
1406 739 1457 754 non
1472 734 1560 755 tamen
1575 732 1633 755 Vat.
1648 740 1699 755 om.
1717 732 1786 755 hunc
1801 735 1827 755 et
1840 735 1993 764 sequentem
2003 739 2053 756 err.
2069 733 2149 756 035.
2167 740 2178 756 α
2195 731 2337 763 Evangeli-

467 779 543 802 zandi
559 788 580 808 »,
597 779 698 807 Mutila„
713 780 771 802 Vnt.
786 792 817 796 —
831 780 868 801 36.
883 778 966 801 Paris.
980 786 984 801 ·.
1000 787 1011 800 α
1027 778 1104 809 hujus
1120 780 1203 800 status
1221 785 1242 805 »,
1259 780 1284 799 et
1298 785 1349 799 om.
1367 784 1372 799 ·.
1391 784 1402 799 c<
1417 776 1525 799 secundi
1545 785 1566 804 υ,
1584 776 1652 799 sicut
1666 779 1691 799 et
1706 777 1764 800 Vnt.
1779 790 1811 794 —
1824 777 1863 800 37.
1879 776 1972 801 Matth.
1987 777 2047 800 add.
2066 785 2078 800 a
2092 776 2296 800 destructionem
2313 784 2335 800 υ.

466 837 497 841 -
511 825 548 847 38,
574 833 585 846 α
605 823 662 846 Erit.
683 823 806 846 noscendi
832 826 991 845 momentum
1011 826 1036 845 et
1055 821 1201 845 instruendi
1221 825 1341 852 tempora
1357 828 1378 848 υ,
1398 820 1481 844 Paris.
1498 834 1530 838 ——
1544 821 1582 844 39.
1607 820 1690 844 Paris.
1713 821 1773 844 add.
1796 829 1807 844 (ι
1824 824 1850 844 et
1870 824 1999 845 venerunt
2013 829 2035 845 n.
2050 835 2083 839 —
2095 822 2135 845 40.
2158 830 2170 845 (ι
2185 822 2223 845 Ea
2238 829 2296 853 que.
2310 838 2317 844 .
2330 839 2335 845 .

468 868 556 891 mundi
573 876 584 890 1)
600 876 650 891 om.
667 868 793 898 Magunt.‚
806 868 915 895 Monam,
931 867 1008 890 liei-v.
1021 867 1098 889 —41,
1116 866 1163 889 Hic
1178 865 1275 888 desinit
1290 865 1373 888 Paris,
1383 879 1414 882 —
1428 866 1467 888 42.
1485 865 1584 888 Monac.
1597 873 1647 888 om.
1666 874 1677 888 a
1695 866 1840 889 Secundus.
1854 884 1859 889 .
1874 884 1879 889 .
1892 866 2098 898 contemplativa
2113 874 2136 890 i).
2149 879 2180 884 —
2190 867 2229 890 4³.
2246 866 2336 895 Herv.,
2368 874 2370 876 ·

466 913 581 943 Magunt.
599 920 604 935 ⁴.
623 921 633 935 n
650 912 809 935 fructuosior
825 920 845 934 ι).
869 925 899 928 -
917 912 955 934 lili.
975 922 983 931 ι
1001 911 1119 934 Jonchim
1137 919 1148 933 »
1169 918 1219 933 om.
1242 910 1333 933 Matth.
1349 923 1380 927 —
1396 911 1435 933 45.
1459 910 1570 937 Monac„
1591 910 1670 934 llerv.
1687 918 1692 933 2
1711 919 1722 933 t(
1738 910 1824 942 ipsius
1840 919 1861 934 ».
1881 923 1910 929 —
1924 912 1964 935 46.
1980 919 1992 934 (ι
2013 911 2164 935 Electorum
2180 921 2189 932 ι
2212 911 2291 935 Herv.
2306 924 2339 929 —

464 958 502 980 47.
520 956 611 979 Matth.
628 964 633 979 ·.
652 965 663 978 a
679 955 791 986 apostoli
808 964 829 978 ».
847 969 873 973 —-
889 957 927 978 ¹18.
945 956 1029 986 Eyrn.y
1044 956 1100 978 Vat.
1116 957 1219 986 ponunt
1232 962 1280 985 per
1295 962 1411 977 errorem
1426 954 1496 977 hunc
1516 962 1623 978 versum
1639 963 1650 978 α
1666 955 1751 978 Funes
1765 955 1916 979 ceciderunt
1927 955 1992 979 mihi
2008 955 2035 979 in
2054 955 2184 987 preclaris
2204 963 2228 985 n,
2242 959 2290 980 etc.
2305 969 2338 973 —

464 1002 502 1024 49.
519 1001 609 1024 Matth.
623 1008 628 1023 :
647 1009 658 1023 (ι
675 1000 787 1031 apostoli
804 1008 865 1022 )›.—
876 1002 913 1022 50.
930 1000 986 1022 Vat.
1003 1008 1054 1023 om.
1072 999 1214 1030 sequentia.
1226 1013 1258 1016 —
1270 999 1307 1022 51.
1326 998 1467 1030 Sequentia
1482 1007 1533 1022 om.
1551 1007 1642 1022 omnes
1657 1003 1764 1031 praeter
1779 1000 1870 1023 Matth.
1888 1013 1914 1018 -
1932 1001 1970 1023 52.
1987 1000 2084 1024 Omnes
2098 1003 2206 1032 praeter
2220 1000 2311 1024 Matth.
2328 1007 2335 1023 ε

466 1054 477 1067 ι(
493 1048 532 1068 est
547 1053 568 1067 ».
585 1058 615 1061 —
629 1046 667 1067 53.
684 1044 774 1067 Matth.
788 1052 793 1067 z
810 1044 945 1075 «apostoli
962 1053 982 1067 ».
992 1058 1023 1061 —-
1038 1046 1077 1067 54.
1093 1044 1189 1067 Omnes
1204 1047 1310 1074 praeter
1324 1043 1415 1067 Matth.
1433 1046 1459 1066 et
1473 1044 1531 1067 Vat.
1549 1052 1554 1066 z
1572 1053 1584 1066 ι(
1601 1044 1650 1067 fuit
1666 1053 1687 1067 υ.
1698 1058 1730 1062 -
1744 1046 1783 1068 55.
1804 1045 1915 1074 Monam,
1930 1045 2059 1076 Magunt.,
2078 1045 2156 1068 Herv.
2171 1052 2314 1076 perperam
2329 1052 2335 1068 2

465 1098 476 1111 «
492 1089 542 1112 Job
558 1096 579 1112 n.
595 1102 622 1106 —-
638 1090 675 1111 56.
693 1089 802 1116 Monac,
819 1089 947 1119 Magunt.‚
964 1089 1040 1111 Herv.
1059 1088 1141 1111 falso:
1160 1097 1171 1111 «
1188 1087 1255 1111 nulli
1270 1096 1291 1111 i).
1308 1088 1393 1119 Itym„
1408 1088 1465 1111 Vat.
1479 1096 1484 1111 ·.
1503 1097 1514 1111 (ι
1531 1088 1570 1111 illi
1587 1096 1608 1111 ι).
1625 1102 1655 1106 --
1671 1090 1708 1112 57.
1725 1087 1843 1120 Magunt.
1857 1097 1862 1112 :
1881 1098 1892 1112 (ι
1908 1089 2034 1121 apparuit
2049 1097 2071 1113 n.
2087 1104 2118 1107 —
2133 1091 2171 1113 58.
2189 1098 2201 1113 α
2212 1090 2336 1114 Predica-

463 1137 531 1156 tores
543 1142 564 1161 n,
582 1142 593 1156 «
607 1133 633 1156 id
644 1136 684 1156 est
699 1141 720 1161 n,
737 1141 787 1156 om.
805 1133 915 1161 Monac.y
925 1133 1003 1156 liei-v.
1014 1146 1045 1150 *-
1054 1134 1091 1156 59.
1109 1133 1176 1156 Loco
1193 1141 1204 1155 α
1215 1132 1267 1163 ipsi
1279 1140 1291 1155 u
1307 1140 1397 1156 omnes
1407 1135 1513 1164 praeter
1527 1133 1619 1156 Matth.
1637 1142 1649 1156 (ι
1666 1133 1771 1165 quando
1783 1141 1805 1162 ι),
1821 1137 1847 1157 et
1860 1141 1912 1157 om.
1928 1137 2021 1165 postea
2036 1142 2049 1158 «
2058 1137 2085 1158 et
2095 1142 2116 1158 n.
2128 1149 2160 1153 —
2169 1135 2208 1158 60.
2225 1135 2336 1163 Monac..

463 1178 589 1209 Magunt„
605 1178 694 1205 Herv.,
710 1178 767 1200 Vut.
784 1185 789 1200 ·.
807 1186 819 1200 «
835 1180 995 1208 congregent
1009 1185 1053 1200 eos
1070 1186 1091 1200 ι).
1107 1177 1192 1208 Ε)’ω.,
1206 1177 1264 1200 Vat.
1282 1185 1287 1200 z
1305 1185 1317 1200 (ι
1333 1180 1429 1208 cogant
1448 1185 1493 1200 eos
1511 1186 1534 1201 ι).
1549 1191 1580 1195 -
1595 1178 1635 1201 61.
1652 1178 1698 1201 llic
1719 1178 1793 1209 Eym.
1809 1181 1835 1201 et
1854 1178 1911 1202 Vat.
1931 1178 2065 1202 desinunt.
2079 1192 2112 1196 —
2124 1180 2164 1203 62.
2185 1179 2263 1203 Hel-v.
2277 1179 2335 1203 loco

463 1222 594 1253 sequentis
609 1221 772 1253 paragraphi
784 1221 876 1244 scribit
889 1229 894 1244 ε
913 1230 924 1243 «
941 1222 1089 1245 Notandum
1105 1225 1152 1249 est,
1165 1222 1234 1253 quod
1249 1221 1372 1252 pluribus
1387 1221 1492 1245 videtur
1504 1221 1572 1245 liber
1583 1222 1648 1254 ipse,
1666 1222 1710 1254 qui
1726 1222 1823 1246 dicitur
1837 1222 2027 1254 Evangelium
2038 1227 2178 1253 eternum,
2191 1232 2244 1247 non
2254 1223 2336 1248 fuisse

461 1266 589 1294 Joachim,
602 1266 647 1289 sed
658 1266 754 1297 aliquis
766 1266 806 1289 vel
817 1266 899 1297 aliqui
911 1266 1028 1289 moderni
1038 1266 1164 1297 temporis
1177 1269 1384 1297 composuerunt
1392 1266 1468 1290 illum
1480 1267 1586 1290 ».-63.
1594 1267 1700 1291 Mntth.:
1715 1276 1726 1290 «
1738 1267 1789 1290 nisi
1800 1275 1884 1299 usque
1894 1267 1927 1291 ad
1937 1275 1980 1291 an.
1992 1267 2182 1291 incarnationis
2192 1268 2303 1292 MCCLX
2312 1276 2335 1293 i).

462 1447 573 1484 244.
596 1456 764 1482 Alexander
778 1458 822 1483 IV
832 1456 954 1491 litteras,
973 1456 1076 1492 quibus
1092 1457 1273 1482 Innocentius
1289 1457 1334 1483 IV
1343 1456 1542 1491 religiosorum
1554 1457 1708 1493 privilegia
1723 1457 1892 1493 resciderat,
1911 1457 2012 1484 irritas
2027 1466 2092 1484 esse
2100 1457 2194 1493 jubet.

1628 1540 1705 1570 1254,
1720 1539 1867 1566 Decembris
1880 1540 1923 1570 22,
1939 1540 2049 1573 Neapoli.

551 1613 755 1646 Alexander
789 1614 983 1658 episcopus
1018 1625 1146 1647 servus
1183 1626 1372 1647 servorum
1401 1614 1467 1647 Dei
1494 1614 1767 1648 venerabilibus
1798 1614 1971 1648 fratribus
2002 1615 2186 1649 universis
2218 1614 2336 1648 archi-

462 1679 715 1725 episcopis,1et
735 1680 929 1725 episcopis,
952 1692 991 1713 ac
1012 1680 1155 1713 dilectis
1175 1680 1260 1714 filiis
1282 1680 1489 1723 abbatibus,
1511 1681 1710 1726 prioribus,
1732 1681 1894 1723 decanis,
1916 1680 2197 1723 archidiaconis,
2218 1680 2335 1715 archi-

461 1746 697 1791 presbyteris,
719 1753 755 1779 et
769 1746 849 1780 aliis
870 1747 1104 1780 ecclesiarum
1127 1747 1290 1792 prelatis,
1312 1754 1348 1780 et
1366 1748 1499 1781 ceteris
1520 1748 1689 1794 personis
1711 1748 1983 1790 ecclesiasticis,
2000 1754 2071 1781 tam
2092 1747 2334 1791 secularibus,

461 1825 565 1857 quam
594 1813 838 1858 regularibus,
868 1815 1119 1859 cujuscunque
1146 1814 1286 1847 ordinis
1311 1814 1369 1848 vel
1395 1815 1638 1860 professionis
1665 1815 1831 1857 existant,
1861 1814 2013 1848 salutem
2040 1821 2075 1848 et
2099 1814 2333 1860 apostolicam

460 1879 764 1913 benedictionem.
779 1876 860 1935 {Nec
882 1880 1069 1929 insol-itum
1090 1887 1146 1914 est
1166 1893 1231 1914 nec
1253 1893 1400 1923 novum,
1423 1888 1462 1915 ut
1482 1893 1522 1914 ea
1544 1894 1614 1927 que
1635 1894 1700 1927 per
1721 1881 1995 1927 occupationem
2012 1881 2071 1915 vel
2090 1881 2333 1915 festinantiam

461 1946 563 1987 fiunt,
592 1958 656 1991 pro
685 1959 728 1979 eo
757 1932 853 1992 quod
881 1959 1044 1993 congrue
1072 1947 1348 1981 deliberationis
1378 1935 1496 1981 limam
1527 1955 1751 1994 pretereunt,
1779 1949 1816 1981 in
1845 1948 2097 1993 propensioris
2124 1948 2334 1981 considera—

463 2012 570 2045 tionis
592 2013 810 2046 reducantur
836 2026 998 2056 examen,
1026 2021 1064 2047 ut
1083 2015 1237 2048 rectiora
1259 2021 1294 2048 et
1314 2015 1514 2048 elimatiore
1536 2027 1600 2060 per
1626 2015 1860 2048 attentionem
1887 2014 2065 2060 plenioris
2090 2014 2334 2049 discussionis

462 2086 660 2112 emaneant.
685 2080 776 2113 Sane
797 2081 949 2125 quedam
971 2081 1015 2114 ab
1035 2081 1234 2126 apostolica
1254 2081 1341 2114 sede
1363 2088 1526 2127 tempore
1542 2081 1660 2115 felicis
1677 2081 1942 2115 recordationis
1959 2081 2163 2115 Innocentii
2179 2093 2270 2127 pape
2285 2082 2334 2116 IV

461 2146 734 2190 predecessoris
760 2147 875 2180 nostri
901 2147 1020 2180 littere
1042 2154 1314 2193 processerunt,
1340 2148 1376 2181 in
1398 2147 1532 2193 quibus
1559 2148 1637 2194 ipse
1665 2148 1849 2181 universis
1871 2147 2057 2193 religiosis
2082 2149 2334 2193 cujuscunque

460 2210 700 2254 professionis
721 2211 777 2244 vel
805 2212 945 2244 ordinis
971 2212 1134 2245 districte
1156 2213 1192 2245 in
1213 2213 1345 2246 virtute
1367 2212 1575 2245 obedientie
1602 2212 1831 2258 injungebat,
1853 2219 1892 2245 ut
1912 2212 2171 2257 parrochianos
2193 2211 2333 2246 alienos

461 2276 590 2309 diebus
616 2277 809 2310 dominicis
830 2285 865 2310 et
884 2279 1024 2311 festivis
1045 2291 1117 2311 non
1139 2279 1347 2324 reciperent
1366 2279 1536 2312 decetero
1563 2279 1599 2312 in
1626 2279 1703 2312 suis
1730 2279 1897 2312 ecclesiis
1919 2291 1984 2312 seu
2005 2279 2174 2312 oratoriis
2197 2285 2333 2312 temere

460 2343 503 2375 ad
534 2343 666 2383 divina,
698 2356 763 2377 nec
794 2344 894 2389 ipsos
926 2345 1107 2378 ullatenus
1137 2346 1180 2378 ad
1211 2345 1444 2390 penitentiam
1480 2346 1712 2379 admitterent
1742 2346 1822 2379 sine
1853 2357 2002 2379 suorum
2037 2345 2182 2378 licentia
2214 2356 2333 2378 sacer-

461 2408 600 2446 dotum,
638 2422 703 2442 nec
738 2411 790 2443 eis
826 2411 861 2443 in
897 2411 973 2444 suis
1013 2412 1240 2457 predicarent
1281 2412 1448 2445 ecclesiis
1483 2419 1564 2445 ante
1599 2413 1791 2445 missarum
1827 2411 2057 2457 sollempnia,
2097 2423 2162 2457 pro
2198 2410 2332 2457 quibus

461 2475 651 2507 audiendis
682 2477 793 2521 prima
824 2477 896 2510 diei
927 2484 1025 2522 parte
1056 2478 1164 2511 iidem
1196 2478 1423 2523 parrochiani
1453 2485 1724 2512 consueverunt
1758 2485 1792 2511 et
1828 2478 1963 2511 debent
1991 2478 2028 2510 in
2058 2478 2137 2511 suis
2166 2477 2332 2511 ecclesiis

462 2542 669 2582 convenire,
702 2554 766 2575 nec
796 2555 985 2576 sermones
1016 2545 1120 2577 etiam
1152 2544 1375 2589 sollempnes
1406 2545 1565 2578 facerent
1592 2545 1652 2578 illa
1682 2544 1789 2585 hora3
1819 2545 1883 2578 sed
1912 2556 1979 2577 nec
2005 2544 2050 2577 ad
2071 2543 2331 2589 predicandum

462 2606 712 2651 sollempniter
736 2609 779 2641 ad
807 2610 1014 2654 parrochias
1040 2611 1176 2644 alienas
1202 2611 1431 2653 accederent,
1454 2612 1525 2645 nisi
1546 2618 1671 2645 essent
1691 2611 1734 2644 ab
1756 2623 1877 2644 earum
1901 2609 2152 2644 sacerdotibus
2177 2610 2330 2652 invitati,

463 2672 519 2705 vel
541 2673 679 2714 saltem,
702 2674 771 2707 nisi
793 2687 831 2708 se
857 2676 900 2708 ad
926 2676 961 2709 id
988 2676 1174 2710 humiliter
1193 2684 1360 2722 peterent
1383 2684 1421 2711 et
1447 2677 1654 2711 obtinerent.
1681 2678 1840 2718 admitti3
1870 2689 1936 2710 nec
1964 2688 2004 2709 ea
2030 2676 2089 2709 die
2115 2688 2184 2721 qua
2210 2676 2332 2710 dioce—

463 2750 573 2771 sanus
594 2740 787 2784 episcopus
807 2741 864 2773 vel
885 2742 976 2775 alius
998 2743 1077 2776 loco
1098 2745 1178 2788 ejus
1199 2744 1404 2789 predicaret
1423 2744 1689 2789 sollempniter,
1711 2743 1863 2777 maxime
1884 2744 1921 2776 in
1942 2742 2096 2776 ecclesia
2119 2742 2331 2785 cathedrali,

464 2804 594 2849 aliquis
623 2805 783 2850 ipsorum
813 2807 848 2839 in
877 2808 998 2840 eadem
1030 2810 1172 2843 civitate
1197 2810 1255 2843 vel
1283 2810 1363 2843 loco
1392 2817 1621 2855 presumeret
1647 2810 1846 2855 predicare.
1877 2810 1912 2843 Si
1939 2821 2027 2843 vero
2054 2809 2092 2842 in
2119 2820 2204 2842 casu
2231 2809 2331 2842 licito

464 2870 738 2915 parrochianum
767 2872 914 2906 alterius
941 2886 1003 2907 eos
1030 2875 1066 2908 in
1094 2876 1171 2908 suis
1193 2876 1359 2910 ecclesiis
1387 2877 1550 2922 recipere
1571 2877 1614 2910 ad
1636 2876 1857 2922 sepulturam
1885 2875 2127 2921 contingeret,
2154 2875 2330 2917 omnium,

463 2948 533 2981 que
555 2944 702 2982 optentu
724 2948 1035 2984 consequerentur
1060 2941 1267 2986 hujusmodi
1290 2943 1492 2988 sepulture,
1514 2943 1716 2988 portionem
1738 2942 1961 2983 canonicam,
1983 2942 2088 2975 etiam
2114 2953 2188 2975 non
2210 2941 2331 2987 requi-
