2580 3528
278 435 374 475 1231]
622 443 669 465 ΑΒ
703 443 810 465 Anno
844 442 922 465 mcc
955 441 1088 470 usqua
1123 441 1172 463 Λι)
1208 441 1438 463 PHILIPPUM
1475 441 1514 462 {v
1550 441 1639 463 nso.
1678 442 1814 463 rame.
2091 432 2152 465 147

275 534 354 571 93.
380 542 531 577 Gregorius
546 543 591 568 IX
599 541 641 568 ad
658 540 837 567 Guillelmum
853 541 1018 577 episcopum
1032 540 1228 566 Parisiensem
1243 539 1280 566 de
1295 539 1392 566 eodem
1408 542 1585 574 argumento,
1604 539 1702 575 quoad
1716 539 1843 565 homines
1860 541 1928 575 ejus.

1539 628 1610 658 1231,
1625 628 1686 654 nali
1698 628 1723 658 6,
1739 628 1866 654 Laterani.

364 705 569 751 Gregorius
607 704 804 750 episcopus
843 715 973 737 servus
1010 715 1200 737 servorum
1239 703 1305 736 Dei
1338 702 1539 735 venerabili
1573 703 1673 736 fratri
1698 729 1718 735 ..
1747 703 1920 748 episcopo
1956 703 2152 736 Parisiensi

275 771 427 805 salutem
458 777 494 805 et
521 770 757 817 apostolicam
783 770 1090 804 benedictionem.
1121 770 1212 804 Cum
1243 781 1316 802 non
1347 769 1555 810 deterioris,
1581 774 1646 803 etc.
1672 770 1767 803 sicut
1789 780 1901 814 supra
1927 775 1966 802 n0
1987 770 2043 802 88.
2074 771 2151 802 Dat.

276 837 441 872 Laterani
461 837 484 883 ij
507 849 593 871 non.
616 837 714 879 Maii,
737 836 969 883 pontificatus
989 836 1106 870 nostri
1127 848 1222 870 anno
1243 836 1384 881 quinto.
1844 836 1846 838 ’

367 935 504 967 Originalo
522 935 550 959 in
571 935 647 959 Arch,
664 938 717 959 unt.
734 934 817 959 Paris.
839 935 866 959 L.
889 935 944 963 24⁶2,
960 939 989 958 11⁰
1006 935 1044 958 81.
1060 934 1138 958 Bulla
1162 934 1287 966 plumbea
1307 933 1360 957 filis
1376 934 1487 958 cannah.
1507 934 1676 966 appenditur.
1697 934 1725 957 ln
1748 924 1843 957 aversa
1858 934 2011 957 membrana
2032 934 2131 966 legitur
2147 943 2152 958 :

277 991 286 1002 ι
308 981 345 1004 W.
370 980 403 1004 do
422 979 589 1004 Autisiodoro
614 991 633 1003 ι.
656 979 730 1003 Istud
751 979 880 1011 originale
900 982 978 1011 atque
998 987 1110 1011 sequens
1130 978 1299 1011 pertinebant
1312 978 1345 1002 ad
1359 978 1435 1002 Arch.
1452 978 1575 1002 Univers.
1590 992 1622 996 —
1636 978 1699 1002 cod.
1721 978 1778 1001 vat,
1802 978 1865 1010 Reg.
1890 979 1945 1006 406,
1961 979 2005 1002 rol.
2022 978 2064 1002 81'.
2083 978 2152 1002 Bibl.

275 1024 407 1057 Phinipp·
422 1024 450 1048 in
462 1024 643 1052 Cheltenhum,
660 1032 708 1048 ms.
723 1025 778 1052 876,
791 1024 835 1048 fol.
852 1023 907 1047 101¹.

275 1169 355 1206 94.
383 1178 534 1213 Gregorius
556 1179 601 1204 IX
613 1177 654 1203 ad
678 1177 802 1204 Odonem
827 1177 962 1203 abbatem
983 1179 1010 1203 S.
1033 1177 1166 1203 Germani
1190 1176 1226 1202 de
1251 1177 1350 1202 Pratis
1374 1176 1410 1202 de
1433 1176 1530 1203 eodem
1552 1180 1728 1211 argumento,
1746 1176 1844 1212 quoad
1859 1176 1985 1203 homines
2006 1177 2042 1203 de
2065 1177 2153 1212 burgo

365 1228 392 1253 S.
411 1227 552 1253 Germani.

1537 1275 1608 1304 1231,
1624 1274 1685 1300 Maii
1697 1275 1722 1305 6,
1738 1275 1865 1301 Laterani.

364 1359 570 1405 Gregorius
597 1359 794 1404 episcopus
819 1370 949 1392 servus
974 1370 1163 1392 servorum
1192 1358 1258 1391 Dei
1283 1358 1417 1391 dilecto
1439 1357 1550 1391 filio..
1568 1357 1687 1391 abbati
1715 1359 1749 1391 S.
1773 1359 1944 1391 Germani
1971 1359 2016 1391 de
2038 1360 2163 1393 Pratis.

275 1425 429 1459 salutem
459 1431 495 1459 et
523 1425 758 1470 apostolicam
789 1424 1096 1458 benedictionem.
1119 1425 1210 1458 Cum
1237 1436 1310 1457 non
1341 1424 1549 1462 deterioris,
1577 1430 1642 1458 etc.
1667 1425 1759 1458 sicut
1785 1436 1895 1469 supra
1921 1430 1958 1458 ιιυ
1981 1427 2036 1458 81.
2074 1427 2152 1459 Dat..

277 1491 442 1525 Laterani
462 1491 486 1537 ij
507 1503 593 1524 non.
617 1491 715 1533 Maii,
738 1491 968 1537 pontificatus
989 1491 1106 1524 nostri
1126 1503 1221 1524 anno
1242 1491 1382 1535 quinto.

370 1589 506 1622 Originule
524 1589 551 1612 in
565 1589 641 1613 Arcb.
658 1592 711 1613 nat.
735 1589 819 1613 Puris.
842 1589 868 1613 L.
885 1590 940 1617 2¹12,
966 1593 995 1612 n⁰
1009 1589 1047 1612 ⁸2.
1064 1589 1142 1612 Bulla
1159 1589 1285 1620 plumbea
1300 1588 1352 1612 filis
1368 1589 1479 1612 cannah.
1505 1589 1674 1620 appenditur.
1697 1589 1725 1612 In
1743 1597 1836 1612 aversa
1860 1589 2012 1613 membrana
2036 1590 2134 1622 legitur
2149 1599 2154 1614 :

279 1645 287 1654 ι
307 1634 343 1658 W.
360 1634 393 1658 de
405 1633 573 1658 Autisiodoro
585 1644 605 1657 ι.
620 1649 632 1651 e
644 1648 649 1651 ·
660 1633 723 1657 Cod.
740 1634 797 1657 Vnt.
815 1634 878 1665 Reg.
894 1634 950 1662 406,
967 1633 1012 1657 sol.
1027 1634 1050 1656 9.
1067 1633 1136 1657 Bibl.
1149 1633 1281 1665 Phillipps
1297 1633 1323 1656 in
1335 1633 1516 1661 Cheltenhnm,
1531 1642 1579 1656 ms.
1596 1634 1651 1661 876,
1669 1633 1713 1656 fol.
1731 1634 1768 1657 11.

278 1819 358 1856 95.
383 1829 535 1864 Gregorius
550 1829 594 1854 IX
604 1827 733 1854 concedit
748 1828 887 1854 universis
902 1828 1051 1863 magistris
1066 1831 1095 1854 et
1107 1827 1291 1854 scholaribus
1305 1827 1476 1862 Parisiens„
1492 1831 1522 1853 ut
1531 1836 1586 1864 per
1595 1828 1774 1864 septennium
1788 1827 1884 1853 nullus
1900 1828 1928 1853 in
1945 1828 2158 1855 universitatem

369 1877 571 1912 magistrorum
591 1876 633 1903 vel
646 1876 822 1903 scholarium
837 1885 888 1902 seu
909 1881 1049 1903 rectorum
1065 1876 1107 1903 vel
1124 1881 1341 1913 procuratorem
1357 1885 1453 1902 eorum
1473 1877 1501 1903 in
1518 1877 1603 1903 certis
1623 1876 1741 1902 casibus
1761 1877 2073 1912 excommunicationis,
2091 1881 2156 1913 etc„

368 1925 541 1952 sententiam
552 1925 723 1962 promulget.

1530 1975 1601 2004 1231,
1616 1974 1678 2001 nai!
1691 1975 1729 2004 10,
1745 1975 1871 2001 Laterum:

372 2049 563 2083 Universis
597 2050 782 2095 magistris
812 2056 847 2083 et
880 2049 1085 2083 scolaribus
1119 2049 1402 2083 Parisicnsibus.
1438 2051 1518 2082 Non
1553 2049 1658 2082 decet
1688 2061 1755 2082 nos
1784 2049 1889 2083 vohis
1919 2050 2157 2095 apostolicum

282 2127 417 2162 negare
445 2116 619 2156 favorem,
649 2128 756 2162 quem
785 2115 890 2150 vobis
923 2117 1056 2150 vestris
1090 2115 1265 2150 videmini
1299 2116 1439 2150 meritis
1472 2128 1695 2162 comparare,
1731 2116 1816 2149 dum
1852 2116 1979 2150 dantes
2013 2129 2158 2162 operam

282 2182 472 2228 sapientie,
501 2194 572 2228 que
602 2182 796 2228 plurimum
825 2195 894 2216 nos
923 2182 1092 2225 delectat,
1122 2189 1247 2216 nostre
1277 2195 1342 2217 vos
1371 2183 1487 2229 gratie
1516 2182 1705 2228 coaptatis,
1734 2182 1796 2228 qui
1825 2182 2021 2228 aliquando
2051 2183 2161 2216 (lisci—

284 2248 395 2295 plinis
415 2248 619 2282 scolasticis
644 2249 872 2291 insudantes,
897 2249 942 2282 ad
967 2261 1147 2283 summum
1169 2261 1297 2283 sumus
1317 2249 1401 2283 licet
1428 2249 1597 2282 immeriti
1619 2249 1868 2294 magisterium
1891 2250 2041 2282 evocati.
2071 2250 2162 2283 llinc

284 2321 352 2356 est,
375 2315 472 2361 quod
493 2315 606 2361 quieti
629 2322 751 2349 vestre
776 2322 924 2361 paterna
944 2315 1111 2349 volentes
1131 2315 1320 2361 diligentia
1348 2316 1555 2361 providere,
1576 2315 1788 2349 auctoritate
1811 2315 1914 2349 vobis
1936 2316 2160 2361 presentium

285 2380 534 2427 indulgemus,
560 2387 600 2415 ut
625 2381 749 2415 nullus
777 2382 813 2414 in
839 2382 1112 2416 universitatem
1138 2382 1395 2428 magistrorum
1416 2381 1473 2416 vel
1495 2381 1688 2415 scolarium
1716 2394 1781 2414 seu
1809 2388 1989 2415 rectorum
2010 2382 2083 2427 (sic)
2104 2382 2162 2416 vel

286 2454 556 2494 procuratorem
578 2459 704 2482 eorum
725 2454 785 2482 aut
805 2460 1021 2494 quemquam
1042 2448 1151 2482 alium
1173 2460 1240 2495 pro
1264 2449 1357 2482 sacto
1382 2448 1439 2482 vel
1465 2448 1656 2482 occasione
1679 2448 1934 2482 Universitatis
1955 2461 2162 2482 excommu-

286 2514 493 2556 nicationis,
521 2514 778 2560 suspensionis
802 2514 860 2548 vel
889 2514 1074 2549 interdicti
1100 2515 1300 2549 sententias
1327 2515 1457 2548 audeat
1477 2514 1710 2561 promulgare
1738 2513 1876 2560 absque
1897 2515 1997 2549 sedis
2017 2522 2163 2561 aposto-

287 2580 355 2614 lice
385 2580 529 2614 licentia
557 2580 719 2627 speciali,
747 2588 783 2615 et
811 2581 841 2615 si
872 2581 981 2615 fuerit
1010 2581 1251 2628 promulgata,
1282 2581 1363 2628 ipso
1386 2582 1470 2627 jure
1499 2581 1547 2615 sit
1573 2581 1674 2615 irrita
1701 2587 1737 2614 et
1763 2581 1894 2614 inanis.
1925 2581 2164 2615 presentibus

286 2646 418 2681 litteris
438 2654 522 2693 post
540 2648 771 2693 septennium
794 2648 941 2682 minime
962 2647 1139 2683 valituris.
1158 2649 1236 2682 Dat.
1255 2648 1420 2682 Laterani
1441 2648 1474 2694 vj
1496 2647 1546 2681 id.
1561 2648 1658 2689 Maii,
1681 2647 1912 2694 pontificatus
1933 2649 2047 2682 nostri
2069 2660 2164 2682 anino

287 2713 428 2760 quinto.

382 2811 444 2843 neg.
462 2811 518 2836 Vnt.
533 2812 654 2844 Gregorii
671 2812 703 2836 ΙΧ
719 2821 760 2836 ιιιι.
776 2815 798 2841 5,
815 2822 855 2845 cp.
870 2815 909 2841 66,
922 2813 966 2836 sol.
981 2813 1036 2837 93¹².
1052 2827 1083 2831 -—
1099 2813 1152 2837 Hoc
1166 2813 1337 2845 privilegium
1353 2816 1394 2837 est
1407 2812 1523 2845 primum
1541 2812 1620 2845 hujus
1638 2813 1742 2845 generis
1759 2813 1930 2837 Univeruitati
1948 2813 2082 2841 collatum,
2096 2813 2165 2845 qnod

288 2858 379 2887 postca
393 2863 471 2888 saepe
487 2859 641 2880 renovatum
656 2857 814 2881 invi-nimus.
831 2857 894 2881 Vide
909 2857 976 2881 iun-n
992 2862 1022 2881 ηο
1036 2857 1090 2886 113,
1106 2860 1132 2881 et
1143 2857 1300 2881 documenta
1315 2857 1349 2881 ab
1362 2857 1512 2881 Innocentio
1529 2857 1562 2881 iv
1574 2857 1652 2881 edita.
