2618 3640
698 416 745 438 ΑΒ
778 415 1019 438 ΑιΕΧΑΝυιιο
1054 414 1101 436 111
1135 414 1266 442 usous
1299 414 1348 435 AD
1381 414 1521 436 ANNUM
1556 414 1646 436 mcc.
2087 405 2130 438 29

238 499 347 540 patet,
373 492 418 526 ad
442 499 555 525 artem
581 490 852 537 grammaticam
878 489 1007 530 filium,
1034 500 1142 534 quem
1169 488 1366 521 tenerrime
1388 487 1576 533 diligebat,
1605 488 1803 534 diligenter
1829 489 1965 522 invitat.
1994 490 2037 521 Et
2057 501 2127 533 que

238 560 374 594 utilitas
395 565 452 592 est
471 558 640 592 scedulas
661 557 845 598 evolvere,
867 556 1011 589 firmare
1032 555 1255 589 verbotenus
1277 566 1438 588 summas
1459 561 1495 587 et
1516 554 1779 600 sophismatum
1801 556 1987 588 versucias
2008 556 2128 588 inver-

239 638 334 668 sare,
347 626 542 671 dampnare
559 625 694 670 scripta
714 630 878 658 veterum
896 629 932 656 et
944 622 1146 671 ,reprobare
1168 622 1303 663 omnia,
1316 634 1387 667 que
1407 633 1480 654 non
1502 622 1740 655 inveniuntur
1761 622 1798 654 in
1817 634 1967 655 suorum
1987 622 2128 655 cedulis

236 689 521 739 magistrorum?
546 692 728 737 Scriptum
755 691 822 732 est,
846 690 929 735 quia
950 689 988 722 in
1008 689 1167 734 antiquis
1193 695 1249 722 est
1274 689 1437 722 scientia.
1466 690 1539 721 Nec
1564 689 1740 722 Jeremias
1767 689 1811 721 de
1838 688 1917 721 lacu
1946 689 2125 728 educitur,

236 761 353 794 donee
379 756 417 793 in
441 758 591 792 funibus
617 758 650 791 ei
675 757 937 792 submittantur
961 763 1084 790 vestes
1109 763 1254 790 veteres
1280 763 1316 789 et
1341 756 1472 789 attrite.
1500 757 1588 789 Nam
1619 756 1664 789 de
1695 756 1900 802 ignorantia
1930 756 1973 789 ad
2003 755 2127 789 lumen

236 827 389 861 scientie
410 839 484 860 non
509 825 732 867 ascenditur,
759 824 831 858 nisi
856 824 1089 869 antiquorum
1115 823 1250 869 scripta
1275 822 1517 868 propensiore
1544 823 1666 856 studio
1691 823 1914 869 relegantur.
1942 823 2128 857 Gloriatur

235 894 444 928 Jeronimus
471 906 511 927 se
533 892 679 938 scriptis
707 891 881 938 Origenis
910 890 1103 936 operosior
1130 890 1321 923 institisse.
1349 890 1526 923 Oracius⁵
1555 902 1701 935 quoque
1722 890 1862 936 jactitat
1882 902 1921 923 se
1947 890 2127 935 relegisse

237 962 450 1003 Hel-nemun,
771 1004 830 1032 Qui,
848 1003 911 1035 quid
927 1003 962 1026 sit.
976 1003 1128 1035 pulchrum,
1144 1003 1208 1034 quid
1224 1006 1309 1034 turpe,
1326 1002 1389 1034 quid
1407 1002 1480 1031 utile,
1497 1002 1561 1034 quid
1577 1010 1637 1030 non,

770 1048 878 1072 Planius
893 1051 920 1071 et
935 1047 1030 1071 melius
1046 1047 1171 1079 Crisippo
1186 1051 1212 1071 et
1227 1047 1355 1071 Crantore
1369 1047 1442 1070 dicit.

326 1135 408 1169 Scio
438 1134 548 1168 michi
578 1133 775 1180 plurimum
802 1132 998 1178 profuisse,
1031 1132 1130 1177 quod
1160 1144 1240 1165 cum
1272 1132 1309 1164 in
1339 1138 1415 1165 arte
1443 1131 1704 1165 versificatoria
1737 1131 1910 1177 parvulus
1945 1131 2126 1174 erudirer,

237 1202 462 1248 precipiente
483 1201 658 1247 magistro
678 1200 787 1233 michi
809 1199 992 1232 materiam
1015 1211 1089 1232 non
1111 1199 1156 1232 de
1177 1198 1323 1240 fabulis,
1346 1199 1412 1232 sed
1434 1199 1478 1231 de
1498 1198 1731 1231 historiarum
1750 1198 1901 1232 veritate
1923 1198 2124 1231 sumebam.

235 1268 376 1302 Profuit
404 1267 527 1310 michi,
558 1267 656 1313 quod
686 1266 862 1312 epistolas
892 1265 1097 1299 Hildeberti
1127 1266 1419 1299 Cenomanensis
1447 1266 1625 1310 episcopi,
1653 1265 1727 1298 stili
1754 1265 1932 1311 elegantia
1961 1272 1997 1298 et
2023 1266 2126 1299 suavi

235 1334 438 1368 urbanitate
468 1334 673 1380 precipuas,
705 1333 849 1366 firmare
876 1339 912 1366 et
935 1332 1047 1365 corde
1075 1339 1183 1365 tenus
1210 1332 1365 1365 reddere
1391 1332 1689 1365 adolescentulus
1715 1332 1972 1377 compellebar.
2000 1334 2126 1366 Preter

235 1408 379 1435 ceteros
395 1401 501 1435 etiam
518 1400 648 1442 libros,
670 1400 732 1445 qui
748 1399 916 1433 celebres
933 1405 1019 1432 sunt
1039 1399 1076 1432 in
1093 1398 1219 1440 scolis,
1241 1399 1378 1444 profuit
1396 1398 1505 1431 michi
1526 1399 1738 1444 frequenter
1758 1399 1941 1444 inspicere
1962 1400 2124 1444 Trogum

235 1468 461 1514 Pompeium,
495 1467 709 1513 Josephum,
745 1466 972 1507 Suetonium,
1010 1466 1249 1511 Egesippum,
1286 1465 1461 1509 Quintum
1492 1465 1671 1507 Curtium,
1703 1465 1915 1499 Cornelium
1946 1466 2122 1508 Tacitum,

234 1535 354 1569 Titum
381 1535 537 1577 Livium,
565 1534 627 1580 qui
653 1545 781 1567 omnes
807 1534 844 1566 in
869 1533 1049 1574 historiis,
1079 1544 1168 1578 quas
1198 1533 1375 1574 referunt,
1405 1532 1516 1565 multa
1546 1532 1589 1565 ad
1620 1544 1761 1565 morum
1793 1531 2058 1566 edificationem
2090 1527 2125 1566 et

234 1602 279 1636 ad
308 1603 510 1648 profectum
546 1601 698 1635 scientie
733 1599 901 1634 litteralis
935 1600 1172 1633 interserunt.
1201 1599 1290 1645 Legi
1317 1606 1352 1632 et
1376 1599 1482 1641 alios,
1509 1599 1571 1644 qui
1598 1599 1642 1632 de
1668 1598 1833 1632 historiis
1859 1598 1971 1632 nichil
1997 1606 2122 1645 agunt,

235 1681 390 1714 quorum
416 1681 490 1702 non
516 1675 572 1702 est
597 1679 785 1709 numerus,
808 1667 846 1700 in
866 1666 1001 1712 quibus
1022 1666 1194 1699 omnibus
1215 1666 1319 1711 quasi
1340 1666 1377 1699 in
1398 1666 1489 1699 ortis
1510 1673 1709 1699 aromatum
1731 1666 1842 1699 flores
1864 1666 2063 1711 decerpere
2089 1673 2125 1699 et

234 1735 371 1770 urbana
397 1736 572 1769 suavitate
593 1735 768 1780 loquendi
789 1733 1000 1767 mellificare
1022 1733 1093 1767 sibi
1122 1740 1243 1779 potest
1269 1733 1460 1779 diligentia
1481 1733 1754 1767 modernorum.
1778 1733 1897 1766 Nolite
1920 1745 2009 1779 ergo
2030 1733 2123 1767 ulte-

234 1803 311 1837 rius
338 1802 497 1848 allegare
525 1801 660 1836 subtile
686 1801 868 1838 Willelmi
893 1801 1006 1835 vestri
1027 1801 1172 1846 nepotis
1198 1801 1410 1846 ingenium3
1442 1813 1510 1834 nec
1537 1800 1646 1833 michi
1674 1800 1861 1846 imputetis
1891 1800 1935 1834 ad
1966 1800 2121 1846 culpam,

234 1870 266 1904 si
285 1870 429 1903 modico
450 1876 614 1915 tempore
635 1881 709 1902 non
734 1868 878 1914 proficit
902 1868 947 1901 ad
973 1868 1186 1914 perfectum.
1214 1869 1395 1913 Purgatur
1422 1867 1517 1900 enim
1541 1874 1705 1913 egrotus,
1727 1873 1918 1912 antequam
1941 1867 2120 1908 (lietetur3

234 1943 270 1971 et
284 1938 386 1982 juxta
406 1936 622 1970 sententiam
643 1935 839 1977 Timothei,
861 1935 923 1980 qui
945 1935 989 1968 de
1010 1934 1163 1968 aliorum
1186 1934 1380 1980 discipulis
1401 1934 1679 1968 retributionem
1701 1933 1838 1967 laboris
1860 1934 1916 1967 sui
1938 1934 2121 1980 duplicem

234 2003 414 2050 exigebat,
435 2003 578 2037 inutilia
602 2003 705 2049 prius
726 2002 915 2036 evellenda
936 2009 1034 2043 sunt,
1061 2008 1101 2035 ut
1124 2001 1225 2035 utilia
1251 2002 1473 2035 inserantur.
1501 2003 1588 2034 Nam
1616 2002 1652 2034 in
1677 2001 1957 2034 mercurialibus
1984 2002 2121 2047 nuptiis

234 2070 435 2117 philologia
471 2070 613 2103 inutilis
651 2069 804 2103 scientie
842 2069 959 2102 libros
998 2069 1144 2110 evomit,
1185 2075 1376 2114 antequam
1417 2069 1454 2101 in
1495 2068 1727 2102 eminentiam
1769 2069 1957 2114 dignitatis
2001 2075 2120 2114 optate

233 2145 415 2171 mereatur
440 2137 589 2171 assumi.
615 2138 757 2171 Vereor
784 2136 980 2182 siquidem,
1010 2147 1055 2169 ne
1078 2136 1186 2169 nimis
1213 2148 1298 2169 vera
1326 2136 1373 2169 sit
1399 2136 1554 2169 assertio
1580 2135 1783 2181 Tymothei.
1810 2135 1995 2169 Johannes
2023 2124 2119 2168 enim

232 2204 461 2242 Willelmum
497 2204 653 2250 quodam
684 2203 850 2237 discendi
879 2203 1098 2248 compendio
1127 2203 1201 2248 jam
1232 2203 1408 2248 precedit,
1440 2209 1547 2248 caput
1576 2203 1613 2235 in
1643 2203 1791 2236 caudam
1821 2203 1993 2243 vertitur;
2024 2209 2059 2236 et
2088 2203 2119 2235 si

232 2271 418 2306 Johannes
438 2271 476 2304 in
496 2271 685 2317 proposito
706 2276 928 2316 perseverat,
946 2270 1073 2315 junior
1094 2270 1393 2315 primogenitum,
1421 2276 1456 2303 et
1474 2269 1585 2303 Jacob
1608 2271 1703 2302 Esau
1724 2269 1981 2315 supplantabit.

327 2356 395 2380 Bibl.
418 2359 471 2380 nat.
494 2355 578 2380 Paria.
602 2363 651 2379 ms.
667 2355 714 2379 lat.
737 2355 823 2384 14764,
849 2355 893 2378 rol.
916 2354 967 2378 85b.
986 2354 1185 2386 Superscriptio
1202 2363 1206 2378 :
1233 2354 1381 2383 «Qualiter
1402 2354 1479 2386 pueri
1502 2354 1555 2378 sint
1576 2354 1712 2378 erudiendi
1730 2362 1751 2378 n,
1768 2368 1799 2372 —-
1814 2354 1910 2385 Migne,
1927 2354 2036 2379 Patrol.
2058 2354 2117 2383 lat„

232 2404 295 2424 tom.
313 2400 410 2429 CCVH,
427 2408 468 2432 ep.
486 2399 541 2428 101,
557 2408 583 2431 p.
601 2399 655 2423 ³11.

327 2472 349 2495 1.
369 2472 396 2496 L.
414 2472 447 2500 11,
463 2480 485 2495 c.
501 2479 543 2495 ιιι.
560 2484 588 2489 -
605 2471 627 2494 2.
643 2471 716 2499 Hom,
733 2470 750 2494 l.
768 2470 787 2499 1,
803 2478 844 2502 cp.
862 2470 884 2494 2.
900 2483 930 2487 ——
943 2471 968 2493 3.
982 2470 1030 2501 Ep.
1046 2471 1084 2493 88.
1101 2483 1132 2487 —
1146 2471 1169 2493 4.
1187 2470 1234 2501 Ep.
1251 2470 1290 2494 82.
1305 2472 1370 2493 —5.
1390 2470 1416 2493 L.
1434 2470 1454 2498 1,
1468 2477 1509 2501 ep.
1527 2470 1549 2493 2.

232 2611 311 2650 26.
338 2622 442 2648 Petrus:
462 2620 609 2647 Bleseneis
628 2620 768 2647 invehitur
790 2621 818 2646 in
841 2618 993 2656 quemdam
1015 2618 1188 2655 discipulum
1210 2627 1302 2653 suum,
1327 2619 1378 2654 qui
1398 2627 1483 2645 cursu
1506 2617 1671 2645 liberalium
1693 2619 1799 2644 artium
1821 2620 1949 2653 confecto
1972 2627 2027 2645 non
2048 2622 2116 2646 ante

290 2697 292 2699 ,
322 2669 470 2705 cogitabat
484 2669 646 2705 theologiae
660 2678 778 2706 operam
793 2668 874 2704 dare,
893 2677 980 2705 quam
993 2676 1047 2704 per
1062 2667 1206 2694 biennium
1222 2668 1251 2694 in
1267 2668 1324 2694 otio
1340 2668 1572 2704 consumpsisset.

1454 2757 1478 2783 ι’.
1494 2765 1533 2784 an.
1550 2757 1623 2787 noo,
1639 2757 1753 2784 Pae-mis.

321 2828 499 2868 Missione
536 2845 627 2868 usus
670 2833 791 2867 minus
830 2833 991 2879 legitima
1030 2839 1065 2867 et
1103 2832 1256 2866 honesta
1290 2839 1458 2878 tanquam
1498 2832 1684 2878 transfuga
1724 2838 1759 2866 et
1797 2834 1964 2866 desertor
1997 2839 2112 2866 castra

231 2897 384 2935 scolaris
405 2900 532 2934 militie
553 2900 739 2943 dimisisti,
761 2907 797 2934 et
816 2901 861 2934 de
887 2900 1013 2934 labore
1038 2900 1268 2946 quietissimo
1295 2906 1328 2933 te
1345 2892 1389 2932 vin
1415 2899 1745 2933 laboriosissimum
1772 2899 1883 2932 otium
1911 2899 2109 2932 contulisti.

231 2968 468 3013 Preceperam
485 2966 551 3001 tibi
567 2973 606 3001 ut
621 2967 817 3013 discipulo,
838 2967 1093 3001 consulueram
1112 2973 1151 3000 ut
1165 2967 1294 3009 amico,
1311 2966 1482 3012 quatinus
1499 2966 1705 2999 continuata
1722 2966 1890 2999 instantia
1907 2966 2109 2998 studiorum
