<?xml version="1.0" encoding="UTF-8"?>
<!DOCTYPE html PUBLIC "-//W3C//DTD XHTML 1.0 Transitional//EN"
    "http://www.w3.org/TR/xhtml1/DTD/xhtml1-transitional.dtd">
<html xmlns="http://www.w3.org/1999/xhtml" xml:lang="en" lang="en">
 <head>
  <title>
</title>
<meta http-equiv="Content-Type" content="text/html;charset=utf-8" />
  <meta name='ocr-system' content='tesseract 3.04.00' />
  <meta name='ocr-capabilities' content='ocr_page ocr_carea ocr_par ocr_line ocrx_word'/>
</head>
<body>
  <div class='ocr_page' id='page_1' title='image "./chartulariumuniv01univuoft_0294.png"; bbox 0 0 2580 3528; ppageno 0'>
   <div class='ocr_carea' id='block_1_1' title="bbox 466 385 2341 432">
    <p class='ocr_par' dir='ltr' id='par_1_1' title="bbox 466 385 2341 432">
     <span class='ocr_line' id='line_1_1' title="bbox 466 385 2341 432; baseline -0.01 0"><span class='ocrx_word' id='word_1_1' title='bbox 466 400 530 432; x_wconf 80' lang='grc'>252</span> <span class='ocrx_word' id='word_1_2' title='bbox 837 410 839 412; x_wconf 66' lang='grc'>’</span> <span class='ocrx_word' id='word_1_3' title='bbox 1047 402 1363 427; x_wconf 67' lang='lat' dir='ltr'>‹111AnT11LAumM</span> <span class='ocrx_word' id='word_1_4' title='bbox 1400 399 1589 422; x_wconf 63' lang='lat' dir='ltr'>umivian.</span> <span class='ocrx_word' id='word_1_5' title='bbox 1627 397 1754 419; x_wconf 70' lang='lat' dir='ltr'>rAais.</span> <span class='ocrx_word' id='word_1_6' title='bbox 1968 396 1971 399; x_wconf 93' lang='lat'>·</span> <span class='ocrx_word' id='word_1_7' title='bbox 2238 385 2341 427; x_wconf 83' lang='lat'><strong>[1254&#39;</strong></span> 
     </span>
    </p>
   </div>
   <div class='ocr_carea' id='block_1_2' title="bbox 467 467 2345 515">
    <p class='ocr_par' dir='ltr' id='par_1_2' title="bbox 467 467 2345 515">
     <span class='ocr_line' id='line_1_2' title="bbox 467 467 2345 515; baseline -0.009 -8"><span class='ocrx_word' id='word_1_8' title='bbox 467 484 528 515; x_wconf 78' lang='lat' dir='ltr'>ch.</span> <span class='ocrx_word' id='word_1_9' title='bbox 546 483 601 506; x_wconf 84' lang='lat' dir='ltr'>Vnt.</span> <span class='ocrx_word' id='word_1_10' title='bbox 620 482 762 506; x_wconf 81' lang='lat' dir='ltr'>Innocentii</span> <span class='ocrx_word' id='word_1_11' title='bbox 780 482 811 504; x_wconf 85' lang='lat' dir='ltr'>lv</span> <span class='ocrx_word' id='word_1_12' title='bbox 827 489 869 504; x_wconf 83' lang='lat' dir='ltr'>an.</span> <span class='ocrx_word' id='word_1_13' title='bbox 887 481 913 503; x_wconf 88' lang='lat'>11</span> <span class='ocrx_word' id='word_1_14' title='bbox 931 481 963 503; x_wconf 83' lang='lat' dir='ltr'>ud</span> <span class='ocrx_word' id='word_1_15' title='bbox 980 488 1020 510; x_wconf 75' lang='lat' dir='ltr'>ep.</span> <span class='ocrx_word' id='word_1_16' title='bbox 1038 479 1092 506; x_wconf 65' lang='lat'>1401,</span> <span class='ocrx_word' id='word_1_17' title='bbox 1109 478 1206 509; x_wconf 83' lang='lat' dir='ltr'>legitur</span> <span class='ocrx_word' id='word_1_18' title='bbox 1222 475 1402 499; x_wconf 81' lang='lat' dir='ltr'>tantummodo</span> <span class='ocrx_word' id='word_1_19' title='bbox 1419 482 1424 497; x_wconf 77' lang='lat' dir='ltr'>z</span> <span class='ocrx_word' id='word_1_20' title='bbox 1446 483 1456 495; x_wconf 86' lang='lat'><em>«</em></span> <span class='ocrx_word' id='word_1_21' title='bbox 1470 491 1485 496; x_wconf 87' lang='lat'>..</span> <span class='ocrx_word' id='word_1_22' title='bbox 1500 472 1648 504; x_wconf 80' lang='lat' dir='ltr'>Episcopus</span> <span class='ocrx_word' id='word_1_23' title='bbox 1668 470 1841 502; x_wconf 78' lang='lat' dir='ltr'>Lingonensis</span> <span class='ocrx_word' id='word_1_24' title='bbox 1859 471 1938 494; x_wconf 79' lang='lat' dir='ltr'>datus</span> <span class='ocrx_word' id='word_1_25' title='bbox 1957 473 1997 493; x_wconf 77' lang='lat' dir='ltr'>est</span> <span class='ocrx_word' id='word_1_26' title='bbox 2014 468 2052 493; x_wconf 77' lang='lat' dir='ltr'>eis</span> <span class='ocrx_word' id='word_1_27' title='bbox 2073 470 2153 501; x_wconf 74' lang='lat' dir='ltr'>super</span> <span class='ocrx_word' id='word_1_28' title='bbox 2166 467 2216 493; x_wconf 78' lang='lat' dir='ltr'>hoc</span> <span class='ocrx_word' id='word_1_29' title='bbox 2230 477 2345 493; x_wconf 69' lang='lat' dir='ltr'>conam-⁶-</span> 
     </span>
    </p>
   </div>
   <div class='ocr_carea' id='block_1_3' title="bbox 466 513 2338 556">
    <p class='ocr_par' dir='ltr' id='par_1_3' title="bbox 466 513 2338 556">
     <span class='ocr_line' id='line_1_3' title="bbox 466 513 2338 556; baseline -0.009 -5"><span class='ocrx_word' id='word_1_30' title='bbox 466 531 550 556; x_wconf 81' lang='lat' dir='ltr'>vator,</span> <span class='ocrx_word' id='word_1_31' title='bbox 566 535 617 550; x_wconf 90' lang='lat' dir='ltr'>non</span> <span class='ocrx_word' id='word_1_32' title='bbox 632 527 762 554; x_wconf 79' lang='lat' dir='ltr'>obstante,</span> <span class='ocrx_word' id='word_1_33' title='bbox 779 525 801 549; x_wconf 81' lang='lat' dir='ltr'>si</span> <span class='ocrx_word' id='word_1_34' title='bbox 816 525 949 556; x_wconf 74' lang='lat' dir='ltr'>aliquibus</span> <span class='ocrx_word' id='word_1_35' title='bbox 965 524 996 546; x_wconf 74' lang='lat' dir='ltr'>dt·</span> <span class='ocrx_word' id='word_1_36' title='bbox 1012 523 1133 554; x_wconf 87' lang='lat' dir='ltr'>partibus</span> <span class='ocrx_word' id='word_1_37' title='bbox 1150 522 1212 549; x_wconf 83' lang='lat' dir='ltr'>illis,</span> <span class='ocrx_word' id='word_1_38' title='bbox 1229 521 1297 551; x_wconf 77' lang='lat' dir='ltr'>quod</span> <span class='ocrx_word' id='word_1_39' title='bbox 1312 516 1541 543; x_wconf 79' lang='lat' dir='ltr'>excommunicari,</span> <span class='ocrx_word' id='word_1_40' title='bbox 1559 515 1685 547; x_wconf 81' lang='lat' dir='ltr'>suspendi</span> <span class='ocrx_word' id='word_1_41' title='bbox 1701 515 1742 538; x_wconf 64' lang='lat' dir='ltr'>vol</span> <span class='ocrx_word' id='word_1_42' title='bbox 1758 514 1879 538; x_wconf 78' lang='lat' dir='ltr'>interdici</span> <span class='ocrx_word' id='word_1_43' title='bbox 1894 518 1940 538; x_wconf 81' lang='lat' dir='ltr'>aut</span> <span class='ocrx_word' id='word_1_44' title='bbox 1955 513 2089 540; x_wconf 76' lang='lat' dir='ltr'>conveniri</span> <span class='ocrx_word' id='word_1_45' title='bbox 2103 517 2176 538; x_wconf 74' lang='lat' dir='ltr'>extra</span> <span class='ocrx_word' id='word_1_46' title='bbox 2195 517 2265 538; x_wconf 69' lang='lat' dir='ltr'>cei-tn</span> <span class='ocrx_word' id='word_1_47' title='bbox 2281 514 2338 538; x_wconf 70' lang='lat' dir='ltr'>loen</span> 
     </span>
    </p>
   </div>
   <div class='ocr_carea' id='block_1_4' title="bbox 467 556 1886 601">
    <p class='ocr_par' dir='ltr' id='par_1_4' title="bbox 467 556 1886 601">
     <span class='ocr_line' id='line_1_4' title="bbox 467 556 1886 601; baseline -0.01 -6"><span class='ocrx_word' id='word_1_48' title='bbox 467 581 517 595; x_wconf 91' lang='lat' dir='ltr'>non</span> <span class='ocrx_word' id='word_1_49' title='bbox 534 572 646 596; x_wconf 78' lang='lat' dir='ltr'>vnlennt.</span> <span class='ocrx_word' id='word_1_50' title='bbox 662 579 676 593; x_wconf 89' lang='lat' dir='ltr'>n</span> <span class='ocrx_word' id='word_1_51' title='bbox 693 571 754 594; x_wconf 77' lang='lat' dir='ltr'>sede</span> <span class='ocrx_word' id='word_1_52' title='bbox 769 569 913 601; x_wconf 79' lang='lat' dir='ltr'>apostolica</span> <span class='ocrx_word' id='word_1_53' title='bbox 930 568 962 591; x_wconf 82' lang='lat' dir='ltr'>sit</span> <span class='ocrx_word' id='word_1_54' title='bbox 980 568 1109 590; x_wconf 83' lang='lat' dir='ltr'>indultum</span> <span class='ocrx_word' id='word_1_55' title='bbox 1127 575 1148 589; x_wconf 74' lang='lat' dir='ltr'>J).</span> <span class='ocrx_word' id='word_1_56' title='bbox 1165 579 1194 583; x_wconf 91' lang='lat'>—</span> <span class='ocrx_word' id='word_1_57' title='bbox 1210 564 1334 588; x_wconf 76' lang='lat' dir='ltr'>D&#39;Arhois</span> <span class='ocrx_word' id='word_1_58' title='bbox 1351 564 1382 586; x_wconf 87' lang='lat' dir='ltr'>dc</span> <span class='ocrx_word' id='word_1_59' title='bbox 1396 561 1568 589; x_wconf 78' lang='lat' dir='ltr'>Juhninvillc,</span> <span class='ocrx_word' id='word_1_60' title='bbox 1584 556 1699 587; x_wconf 74' lang='lat' dir='ltr'>Etucles,</span> <span class='ocrx_word' id='word_1_61' title='bbox 1715 563 1773 587; x_wconf 63' lang='lat' dir='ltr'>etc„</span> <span class='ocrx_word' id='word_1_62' title='bbox 1790 568 1816 590; x_wconf 89' lang='lat' dir='ltr'>p.</span> <span class='ocrx_word' id='word_1_63' title='bbox 1833 560 1886 582; x_wconf 72' lang='lat'>364.</span> 
     </span>
    </p>
   </div>
   <div class='ocr_carea' id='block_1_5' title="bbox 468 764 2340 860">
    <p class='ocr_par' dir='ltr' id='par_1_5' title="bbox 468 764 2340 860">
     <span class='ocr_line' id='line_1_5' title="bbox 468 764 2340 805; baseline -0.007 -1"><span class='ocrx_word' id='word_1_64' title='bbox 468 769 579 805; x_wconf 79' lang='lat'>229.</span> <span class='ocrx_word' id='word_1_65' title='bbox 604 777 783 802; x_wconf 78' lang='lat' dir='ltr'><em>Innocentius</em></span> <span class='ocrx_word' id='word_1_66' title='bbox 806 777 848 801; x_wconf 89' lang='lat' dir='ltr'>IV</span> <span class='ocrx_word' id='word_1_67' title='bbox 866 774 1028 799; x_wconf 77' lang='lat' dir='ltr'>Ilaimerico</span> <span class='ocrx_word' id='word_1_68' title='bbox 1049 771 1222 797; x_wconf 70' lang='lat' dir='ltr'>cancellario</span> <span class='ocrx_word' id='word_1_69' title='bbox 1239 769 1401 795; x_wconf 84' lang='lat' dir='ltr'>Parisiensi</span> <span class='ocrx_word' id='word_1_70' title='bbox 1420 768 1529 802; x_wconf 77' lang='lat' dir='ltr'>scribit,</span> <span class='ocrx_word' id='word_1_71' title='bbox 1554 771 1584 793; x_wconf 81' lang='lat' dir='ltr'>ul</span> <span class='ocrx_word' id='word_1_72' title='bbox 1605 766 1694 801; x_wconf 79' lang='lat' dir='ltr'>fratri</span> <span class='ocrx_word' id='word_1_73' title='bbox 1712 765 1834 792; x_wconf 82' lang='lat' dir='ltr'>Guidoni</span> <span class='ocrx_word' id='word_1_74' title='bbox 1852 765 1918 791; x_wconf 83' lang='lat' dir='ltr'>Ord.</span> <span class='ocrx_word' id='word_1_75' title='bbox 1940 766 2066 800; x_wconf 80' lang='lat' dir='ltr'>Cisterc.,</span> <span class='ocrx_word' id='word_1_76' title='bbox 2082 765 2110 791; x_wconf 82' lang='grc' dir='ltr'>.ςὶ</span> <span class='ocrx_word' id='word_1_77' title='bbox 2128 765 2233 800; x_wconf 75' lang='lat' dir='ltr'>dignus</span> <span class='ocrx_word' id='word_1_78' title='bbox 2246 764 2294 800; x_wconf 72' lang='lat' dir='ltr'>sit,</span> <span class='ocrx_word' id='word_1_79' title='bbox 2312 768 2340 791; x_wconf 79' lang='lat' dir='ltr'>et</span> 
     </span>
     <span class='ocr_line' id='line_1_6' title="bbox 556 814 1777 860; baseline -0.009 -9"><span class='ocrx_word' id='word_1_80' title='bbox 556 826 624 851; x_wconf 82' lang='lat' dir='ltr'>aliis</span> <span class='ocrx_word' id='word_1_81' title='bbox 640 824 765 860; x_wconf 77' lang='lat' dir='ltr'>ejusdem</span> <span class='ocrx_word' id='word_1_82' title='bbox 785 823 899 849; x_wconf 81' lang='lat' dir='ltr'>Ordinis</span> <span class='ocrx_word' id='word_1_83' title='bbox 914 821 1039 847; x_wconf 76' lang='lat' dir='ltr'>Par-[siis</span> <span class='ocrx_word' id='word_1_84' title='bbox 1054 819 1236 845; x_wconf 76' lang='lat' dir='ltr'><em>studentibus</em></span> <span class='ocrx_word' id='word_1_85' title='bbox 1252 817 1397 844; x_wconf 75' lang='lat' dir='ltr'>licentiam</span> <span class='ocrx_word' id='word_1_86' title='bbox 1413 825 1465 842; x_wconf 77' lang='lat' dir='ltr'>sao</span> <span class='ocrx_word' id='word_1_87' title='bbox 1482 820 1607 852; x_wconf 77' lang='lat' dir='ltr'>tempore</span> <span class='ocrx_word' id='word_1_88' title='bbox 1623 814 1777 850; x_wconf 78' lang='lat' dir='ltr'>largiatur.</span> 
     </span>
    </p>
   </div>
   <div class='ocr_carea' id='block_1_6' title="bbox 1646 903 2053 934">
    <p class='ocr_par' dir='ltr' id='par_1_6' title="bbox 1646 903 2053 934">
     <span class='ocr_line' id='line_1_7' title="bbox 1646 903 2053 934; baseline -0.002 -4"><span class='ocrx_word' id='word_1_89' title='bbox 1646 905 1719 934; x_wconf 84' lang='grc'><strong><em>1254,</em></strong></span> <span class='ocrx_word' id='word_1_90' title='bbox 1735 904 1854 931; x_wconf 74' lang='lat' dir='ltr'>danum-ii</span> <span class='ocrx_word' id='word_1_91' title='bbox 1864 904 1910 934; x_wconf 82' lang='lat'>28,</span> <span class='ocrx_word' id='word_1_92' title='bbox 1926 903 2053 930; x_wconf 68' lang='lat' dir='ltr'>Laterani.</span> 
     </span>
    </p>
   </div>
   <div class='ocr_carea' id='block_1_7' title="bbox 465 986 2342 1571">
    <p class='ocr_par' dir='ltr' id='par_1_7' title="bbox 465 986 2342 1571">
     <span class='ocr_line' id='line_1_8' title="bbox 559 986 2340 1032; baseline -0.006 -3"><span class='ocrx_word' id='word_1_93' title='bbox 559 1023 578 1029; x_wconf 92' lang='lat'>..</span> <span class='ocrx_word' id='word_1_94' title='bbox 603 995 826 1030; x_wconf 84' lang='lat' dir='ltr'>Cancellario</span> <span class='ocrx_word' id='word_1_95' title='bbox 849 992 1057 1026; x_wconf 78' lang='lat' dir='ltr'>Parisiensi.</span> <span class='ocrx_word' id='word_1_96' title='bbox 1082 993 1124 1024; x_wconf 85' lang='lat' dir='ltr'>Ul</span> <span class='ocrx_word' id='word_1_97' title='bbox 1147 991 1275 1023; x_wconf 80' lang='lat' dir='ltr'>fratres</span> <span class='ocrx_word' id='word_1_98' title='bbox 1297 989 1557 1023; x_wconf 87' lang='lat' dir='ltr'>Cisterciensis</span> <span class='ocrx_word' id='word_1_99' title='bbox 1578 988 1728 1022; x_wconf 76' lang='lat' dir='ltr'>Ordinis</span> <span class='ocrx_word' id='word_1_100' title='bbox 1750 987 1911 1021; x_wconf 86' lang='lat' dir='ltr'>scolares</span> <span class='ocrx_word' id='word_1_101' title='bbox 1932 987 2093 1020; x_wconf 87' lang='lat' dir='ltr'>Parisius</span> <span class='ocrx_word' id='word_1_102' title='bbox 2114 986 2209 1032; x_wconf 89' lang='lat' dir='ltr'>apud</span> <span class='ocrx_word' id='word_1_103' title='bbox 2231 987 2340 1020; x_wconf 87' lang='lat' dir='ltr'>Sanc-</span> 
     </span>
     <span class='ocr_line' id='line_1_9' title="bbox 469 1052 2338 1104; baseline -0.005 -9"><span class='ocrx_word' id='word_1_104' title='bbox 469 1070 538 1095; x_wconf 82' lang='lat' dir='ltr'>tum</span> <span class='ocrx_word' id='word_1_105' title='bbox 563 1061 783 1095; x_wconf 87' lang='lat' dir='ltr'>Bernardum</span> <span class='ocrx_word' id='word_1_106' title='bbox 807 1059 969 1104; x_wconf 82' lang='lat' dir='ltr'>ejusdem</span> <span class='ocrx_word' id='word_1_107' title='bbox 993 1058 1132 1091; x_wconf 80' lang='lat' dir='ltr'>ordinis</span> <span class='ocrx_word' id='word_1_108' title='bbox 1155 1057 1189 1089; x_wconf 91' lang='lat' dir='ltr'>in</span> <span class='ocrx_word' id='word_1_109' title='bbox 1212 1056 1418 1101; x_wconf 83' lang='lat' dir='ltr'>theologica</span> <span class='ocrx_word' id='word_1_110' title='bbox 1440 1055 1607 1089; x_wconf 81' lang='lat' dir='ltr'>facultate</span> <span class='ocrx_word' id='word_1_111' title='bbox 1625 1055 1816 1088; x_wconf 81' lang='lat' dir='ltr'>studentes</span> <span class='ocrx_word' id='word_1_112' title='bbox 1837 1067 1880 1087; x_wconf 88' lang='lat' dir='ltr'>eo</span> <span class='ocrx_word' id='word_1_113' title='bbox 1897 1054 2019 1099; x_wconf 89' lang='lat' dir='ltr'>potius</span> <span class='ocrx_word' id='word_1_114' title='bbox 2036 1053 2188 1087; x_wconf 84' lang='lat' dir='ltr'><strong>sedeant</strong></span> <span class='ocrx_word' id='word_1_115' title='bbox 2203 1052 2338 1094; x_wconf 87' lang='lat' dir='ltr'>studio,</span> 
     </span>
     <span class='ocr_line' id='line_1_10' title="bbox 466 1118 2341 1173; baseline -0.005 -12"><span class='ocrx_word' id='word_1_116' title='bbox 466 1141 536 1173; x_wconf 85' lang='lat' dir='ltr'>quo</span> <span class='ocrx_word' id='word_1_117' title='bbox 567 1140 605 1160; x_wconf 84' lang='lat' dir='ltr'>se</span> <span class='ocrx_word' id='word_1_118' title='bbox 637 1140 700 1172; x_wconf 82' lang='lat' dir='ltr'>per</span> <span class='ocrx_word' id='word_1_119' title='bbox 724 1138 915 1159; x_wconf 86' lang='lat' dir='ltr'>ascensum</span> <span class='ocrx_word' id='word_1_120' title='bbox 945 1125 987 1157; x_wconf 88' lang='lat' dir='ltr'>ad</span> <span class='ocrx_word' id='word_1_121' title='bbox 1018 1123 1262 1169; x_wconf 77' lang='lat' dir='ltr'>magistralem</span> <span class='ocrx_word' id='word_1_122' title='bbox 1294 1122 1499 1155; x_wconf 72' lang='lat' dir='ltr'>cathedram</span> <span class='ocrx_word' id='word_1_123' title='bbox 1530 1122 1560 1154; x_wconf 80' lang='lat' dir='ltr'>si</span> <span class='ocrx_word' id='word_1_124' title='bbox 1591 1122 1685 1154; x_wconf 83' lang='lat' dir='ltr'>bene</span> <span class='ocrx_word' id='word_1_125' title='bbox 1714 1121 1936 1166; x_wconf 79' lang='lat' dir='ltr'>profecerint</span> <span class='ocrx_word' id='word_1_126' title='bbox 1960 1132 1999 1154; x_wconf 89' lang='lat' dir='ltr'>se</span> <span class='ocrx_word' id='word_1_127' title='bbox 2025 1119 2200 1153; x_wconf 90' lang='lat' dir='ltr'>sciverint</span> <span class='ocrx_word' id='word_1_128' title='bbox 2224 1118 2341 1153; x_wconf 89' lang='lat' dir='ltr'>hono-</span> 
     </span>
     <span class='ocr_line' id='line_1_11' title="bbox 467 1185 2341 1235; baseline -0.004 -8"><span class='ocrx_word' id='word_1_129' title='bbox 467 1195 611 1235; x_wconf 88' lang='lat' dir='ltr'>randos,</span> <span class='ocrx_word' id='word_1_130' title='bbox 648 1193 905 1226; x_wconf 72' lang='lat' dir='ltr'>discretionem</span> <span class='ocrx_word' id='word_1_131' title='bbox 942 1198 1035 1224; x_wconf 88' lang='lat' dir='ltr'>tuam</span> <span class='ocrx_word' id='word_1_132' title='bbox 1074 1202 1243 1235; x_wconf 80' lang='lat' dir='ltr'>rogamus</span> <span class='ocrx_word' id='word_1_133' title='bbox 1278 1189 1450 1222; x_wconf 86' lang='lat' dir='ltr'>attentius</span> <span class='ocrx_word' id='word_1_134' title='bbox 1486 1195 1521 1222; x_wconf 87' lang='lat' dir='ltr'>et</span> <span class='ocrx_word' id='word_1_135' title='bbox 1554 1188 1740 1222; x_wconf 85' lang='lat' dir='ltr'>hortamur</span> <span class='ocrx_word' id='word_1_136' title='bbox 1775 1200 1840 1233; x_wconf 88' lang='lat' dir='ltr'>per</span> <span class='ocrx_word' id='word_1_137' title='bbox 1874 1186 2073 1232; x_wconf 86' lang='lat' dir='ltr'>apostolica</span> <span class='ocrx_word' id='word_1_138' title='bbox 2107 1186 2172 1219; x_wconf 82' lang='lat' dir='ltr'>tibi</span> <span class='ocrx_word' id='word_1_139' title='bbox 2207 1185 2341 1231; x_wconf 82' lang='lat' dir='ltr'>scripta</span> 
     </span>
     <span class='ocr_line' id='line_1_12' title="bbox 466 1252 2342 1304; baseline -0.005 -10"><span class='ocrx_word' id='word_1_140' title='bbox 466 1261 688 1301; x_wconf 76' lang='lat' dir='ltr'>mandantes,</span> <span class='ocrx_word' id='word_1_141' title='bbox 707 1259 876 1304; x_wconf 85' lang='lat' dir='ltr'>quatinus</span> <span class='ocrx_word' id='word_1_142' title='bbox 893 1257 1122 1291; x_wconf 80' lang='lat' dir='ltr'>accommoda</span> <span class='ocrx_word' id='word_1_143' title='bbox 1140 1256 1439 1301; x_wconf 82' lang='lat' dir='ltr'>interpretatione</span> <span class='ocrx_word' id='word_1_144' title='bbox 1460 1256 1713 1296; x_wconf 71' lang='lat' dir='ltr'>considerans,</span> <span class='ocrx_word' id='word_1_145' title='bbox 1736 1255 1834 1300; x_wconf 90' lang='lat' dir='ltr'>quod</span> <span class='ocrx_word' id='word_1_146' title='bbox 1855 1254 1891 1287; x_wconf 91' lang='lat' dir='ltr'>id</span> <span class='ocrx_word' id='word_1_147' title='bbox 1913 1266 1985 1287; x_wconf 93' lang='lat' dir='ltr'>non</span> <span class='ocrx_word' id='word_1_148' title='bbox 2007 1253 2054 1286; x_wconf 82' lang='lat' dir='ltr'>ol)</span> <span class='ocrx_word' id='word_1_149' title='bbox 2074 1253 2172 1286; x_wconf 88' lang='lat' dir='ltr'>aliud</span> <span class='ocrx_word' id='word_1_150' title='bbox 2193 1252 2342 1298; x_wconf 86' lang='lat' dir='ltr'>petitur,</span> 
     </span>
     <span class='ocr_line' id='line_1_13' title="bbox 465 1318 2341 1372; baseline -0.004 -12"><span class='ocrx_word' id='word_1_151' title='bbox 465 1327 534 1360; x_wconf 90' lang='lat' dir='ltr'>nisi</span> <span class='ocrx_word' id='word_1_152' title='bbox 557 1334 596 1360; x_wconf 88' lang='lat' dir='ltr'>ut</span> <span class='ocrx_word' id='word_1_153' title='bbox 616 1339 681 1372; x_wconf 88' lang='lat' dir='ltr'>per</span> <span class='ocrx_word' id='word_1_154' title='bbox 700 1326 768 1359; x_wconf 91' lang='lat' dir='ltr'>hoc</span> <span class='ocrx_word' id='word_1_155' title='bbox 789 1326 831 1358; x_wconf 92' lang='lat' dir='ltr'>ad</span> <span class='ocrx_word' id='word_1_156' title='bbox 853 1325 984 1358; x_wconf 79' lang='lat' dir='ltr'>melius</span> <span class='ocrx_word' id='word_1_157' title='bbox 1007 1324 1226 1357; x_wconf 83' lang='lat' dir='ltr'>studendum</span> <span class='ocrx_word' id='word_1_158' title='bbox 1254 1323 1363 1356; x_wconf 88' lang='lat' dir='ltr'>animi</span> <span class='ocrx_word' id='word_1_159' title='bbox 1385 1322 1609 1356; x_wconf 84' lang='lat' dir='ltr'>studentium</span> <span class='ocrx_word' id='word_1_160' title='bbox 1632 1322 1848 1363; x_wconf 80' lang='lat' dir='ltr'>excitentur,</span> <span class='ocrx_word' id='word_1_161' title='bbox 1875 1321 2047 1366; x_wconf 90' lang='lat' dir='ltr'>quodque</span> <span class='ocrx_word' id='word_1_162' title='bbox 2068 1320 2164 1353; x_wconf 91' lang='lat' dir='ltr'>idem</span> <span class='ocrx_word' id='word_1_163' title='bbox 2186 1318 2277 1353; x_wconf 84' lang='lat' dir='ltr'>ordo</span> <span class='ocrx_word' id='word_1_164' title='bbox 2297 1330 2341 1353; x_wconf 90' lang='lat' dir='ltr'>eo</span> 
     </span>
     <span class='ocr_line' id='line_1_14' title="bbox 466 1385 2342 1437; baseline -0.004 -10"><span class='ocrx_word' id='word_1_165' title='bbox 466 1394 504 1427; x_wconf 87' lang='lat' dir='ltr'>fit</span> <span class='ocrx_word' id='word_1_166' title='bbox 537 1393 731 1431; x_wconf 77' lang='lat' dir='ltr'>celebrior,</span> <span class='ocrx_word' id='word_1_167' title='bbox 766 1405 837 1437; x_wconf 92' lang='lat' dir='ltr'>quo</span> <span class='ocrx_word' id='word_1_168' title='bbox 872 1391 1086 1424; x_wconf 82' lang='lat' dir='ltr'>famosiores</span> <span class='ocrx_word' id='word_1_169' title='bbox 1116 1390 1239 1423; x_wconf 88' lang='lat' dir='ltr'>clerici</span> <span class='ocrx_word' id='word_1_170' title='bbox 1269 1390 1406 1423; x_wconf 86' lang='lat' dir='ltr'>suerint.</span> <span class='ocrx_word' id='word_1_171' title='bbox 1440 1389 1477 1422; x_wconf 89' lang='lat' dir='ltr'>in</span> <span class='ocrx_word' id='word_1_172' title='bbox 1511 1389 1639 1422; x_wconf 88' lang='lat' dir='ltr'>eodem</span> <span class='ocrx_word' id='word_1_173' title='bbox 1662 1401 1670 1421; x_wconf 87' lang='lat'><strong>:</strong></span> <span class='ocrx_word' id='word_1_174' title='bbox 1693 1389 1827 1422; x_wconf 91' lang='lat' dir='ltr'>dilecto</span> <span class='ocrx_word' id='word_1_175' title='bbox 1858 1387 1934 1420; x_wconf 84' lang='lat' dir='ltr'>filio</span> <span class='ocrx_word' id='word_1_176' title='bbox 1963 1386 2064 1420; x_wconf 82' lang='lat' dir='ltr'>fratri</span> <span class='ocrx_word' id='word_1_177' title='bbox 2098 1385 2275 1428; x_wconf 90' lang='lat' dir='ltr'>Guidoni,</span> <span class='ocrx_word' id='word_1_178' title='bbox 2309 1385 2342 1419; x_wconf 88' lang='lat' dir='ltr'>si</span> 
     </span>
     <span class='ocr_line' id='line_1_15' title="bbox 467 1442 2342 1505; baseline -0.004 -12"><span class='ocrx_word' id='word_1_179' title='bbox 467 1461 601 1505; x_wconf 87' lang='lat' dir='ltr'>dignus</span> <span class='ocrx_word' id='word_1_180' title='bbox 628 1466 695 1501; x_wconf 88' lang='lat' dir='ltr'>est,</span> <span class='ocrx_word' id='word_1_181' title='bbox 729 1466 764 1492; x_wconf 90' lang='lat' dir='ltr'>et</span> <span class='ocrx_word' id='word_1_182' title='bbox 790 1459 870 1492; x_wconf 85' lang='lat' dir='ltr'>aliis</span> <span class='ocrx_word' id='word_1_183' title='bbox 898 1457 1032 1491; x_wconf 88' lang='lat' dir='ltr'>ibidem</span> <span class='ocrx_word' id='word_1_184' title='bbox 1062 1456 1308 1498; x_wconf 81' lang='lat' dir='ltr'>studentibus,</span> <span class='ocrx_word' id='word_1_185' title='bbox 1336 1469 1416 1490; x_wconf 90' lang='lat' dir='ltr'>cum</span> <span class='ocrx_word' id='word_1_186' title='bbox 1445 1456 1487 1489; x_wconf 88' lang='lat' dir='ltr'>ad</span> <span class='ocrx_word' id='word_1_187' title='bbox 1510 1456 1545 1489; x_wconf 91' lang='lat' dir='ltr'>id</span> <span class='ocrx_word' id='word_1_188' title='bbox 1570 1442 1707 1489; x_wconf 84' lang='lat' dir='ltr'>fuerint</span> <span class='ocrx_word' id='word_1_189' title='bbox 1732 1454 1868 1496; x_wconf 87' lang='lat' dir='ltr'>idonei,</span> <span class='ocrx_word' id='word_1_190' title='bbox 1898 1453 2098 1499; x_wconf 90' lang='lat' dir='ltr'>incipiendi</span> <span class='ocrx_word' id='word_1_191' title='bbox 2126 1459 2162 1486; x_wconf 89' lang='lat' dir='ltr'>et</span> <span class='ocrx_word' id='word_1_192' title='bbox 2187 1451 2342 1498; x_wconf 88' lang='lat' dir='ltr'>regendi</span> 
     </span>
     <span class='ocr_line' id='line_1_16' title="bbox 467 1519 2341 1571; baseline -0.004 -11"><span class='ocrx_word' id='word_1_193' title='bbox 467 1540 539 1560; x_wconf 87' lang='lat' dir='ltr'>non</span> <span class='ocrx_word' id='word_1_194' title='bbox 561 1527 726 1560; x_wconf 81' lang='lat' dir='ltr'>obstante</span> <span class='ocrx_word' id='word_1_195' title='bbox 748 1526 842 1571; x_wconf 91' lang='lat' dir='ltr'>quod</span> <span class='ocrx_word' id='word_1_196' title='bbox 866 1525 1029 1570; x_wconf 81' lang='lat' dir='ltr'>religiosi</span> <span class='ocrx_word' id='word_1_197' title='bbox 1057 1531 1142 1557; x_wconf 82' lang='lat' dir='ltr'>sunt</span> <span class='ocrx_word' id='word_1_198' title='bbox 1166 1524 1202 1556; x_wconf 93' lang='lat' dir='ltr'>in</span> <span class='ocrx_word' id='word_1_199' title='bbox 1227 1523 1396 1557; x_wconf 82' lang='lat' dir='ltr'>facultate</span> <span class='ocrx_word' id='word_1_200' title='bbox 1422 1523 1584 1569; x_wconf 85' lang='lat' dir='ltr'>predicta</span> <span class='ocrx_word' id='word_1_201' title='bbox 1610 1523 1792 1556; x_wconf 85' lang='lat' dir='ltr'>licentiam</span> <span class='ocrx_word' id='word_1_202' title='bbox 1819 1528 1928 1567; x_wconf 87' lang='lat' dir='ltr'>prout</span> <span class='ocrx_word' id='word_1_203' title='bbox 1954 1521 1998 1554; x_wconf 88' lang='lat' dir='ltr'>ad</span> <span class='ocrx_word' id='word_1_204' title='bbox 2023 1527 2057 1554; x_wconf 87' lang='lat' dir='ltr'>te</span> <span class='ocrx_word' id='word_1_205' title='bbox 2083 1520 2242 1566; x_wconf 82' lang='lat' dir='ltr'>pertinet</span> <span class='ocrx_word' id='word_1_206' title='bbox 2261 1519 2341 1552; x_wconf 86' lang='lat' dir='ltr'>sine</span> 
     </span>
    </p>
   </div>
   <div class='ocr_carea' id='block_1_8' title="bbox 468 1589 1909 1637">
    <p class='ocr_par' dir='ltr' id='par_1_8' title="bbox 468 1589 1909 1637">
     <span class='ocr_line' id='line_1_17' title="bbox 468 1589 1909 1637; baseline -0.003 -11"><span class='ocrx_word' id='word_1_207' title='bbox 468 1594 676 1626; x_wconf 85' lang='lat' dir='ltr'>difficultate</span> <span class='ocrx_word' id='word_1_208' title='bbox 697 1592 856 1637; x_wconf 84' lang='lat' dir='ltr'>qualibet</span> <span class='ocrx_word' id='word_1_209' title='bbox 878 1592 1077 1636; x_wconf 80' lang='lat' dir='ltr'>largiaris⁴.</span> <span class='ocrx_word' id='word_1_210' title='bbox 1101 1593 1178 1624; x_wconf 82' lang='lat' dir='ltr'>Dat.</span> <span class='ocrx_word' id='word_1_211' title='bbox 1203 1590 1367 1624; x_wconf 84' lang='lat' dir='ltr'>Laterani</span> <span class='ocrx_word' id='word_1_212' title='bbox 1388 1603 1409 1624; x_wconf 93' lang='lat' dir='ltr'><strong>v</strong></span> <span class='ocrx_word' id='word_1_213' title='bbox 1430 1590 1499 1623; x_wconf 88' lang='lat' dir='ltr'>kal.</span> <span class='ocrx_word' id='word_1_214' title='bbox 1524 1589 1725 1630; x_wconf 80' lang='lat' dir='ltr'>Februarii,</span> <span class='ocrx_word' id='word_1_215' title='bbox 1747 1601 1841 1622; x_wconf 90' lang='lat' dir='ltr'>anno</span> <span class='ocrx_word' id='word_1_216' title='bbox 1862 1589 1909 1633; x_wconf 90' lang='lat' dir='ltr'>xj.</span> 
     </span>
    </p>
   </div>
   <div class='ocr_carea' id='block_1_9' title="bbox 560 1693 2343 1731">
    <p class='ocr_par' dir='ltr' id='par_1_9' title="bbox 560 1693 2343 1731">
     <span class='ocr_line' id='line_1_18' title="bbox 560 1693 2343 1731; baseline -0.003 -8"><span class='ocrx_word' id='word_1_217' title='bbox 560 1701 622 1731; x_wconf 83' lang='lat' dir='ltr'>Reg.</span> <span class='ocrx_word' id='word_1_218' title='bbox 645 1701 700 1725; x_wconf 81' lang='lat' dir='ltr'>Vat.</span> <span class='ocrx_word' id='word_1_219' title='bbox 727 1698 868 1722; x_wconf 80' lang='lat' dir='ltr'>innocentii</span> <span class='ocrx_word' id='word_1_220' title='bbox 886 1699 918 1721; x_wconf 85' lang='lat' dir='ltr'>IV</span> <span class='ocrx_word' id='word_1_221' title='bbox 933 1707 974 1721; x_wconf 83' lang='lat' dir='ltr'>an.</span> <span class='ocrx_word' id='word_1_222' title='bbox 995 1699 1030 1726; x_wconf 78' lang='lat'>11,</span> <span class='ocrx_word' id='word_1_223' title='bbox 1051 1707 1093 1729; x_wconf 86' lang='lat' dir='ltr'>ep.</span> <span class='ocrx_word' id='word_1_224' title='bbox 1114 1699 1168 1726; x_wconf 59' lang='lat'>402,</span> <span class='ocrx_word' id='word_1_225' title='bbox 1186 1699 1229 1721; x_wconf 79' lang='lat' dir='ltr'>sol.</span> <span class='ocrx_word' id='word_1_226' title='bbox 1248 1698 1275 1721; x_wconf 87' lang='lat'>51</span> <span class='ocrx_word' id='word_1_227' title='bbox 1283 1702 1303 1721; x_wconf 74' lang='lat'>¹¹.</span> <span class='ocrx_word' id='word_1_228' title='bbox 1320 1698 1348 1720; x_wconf 91' lang='lat' dir='ltr'>ln</span> <span class='ocrx_word' id='word_1_229' title='bbox 1369 1697 1444 1720; x_wconf 76' lang='lat' dir='ltr'>Arch.</span> <span class='ocrx_word' id='word_1_230' title='bbox 1462 1697 1564 1728; x_wconf 72' lang='lat' dir='ltr'>depart.</span> <span class='ocrx_word' id='word_1_231' title='bbox 1584 1697 1615 1719; x_wconf 83' lang='lat' dir='ltr'>(le</span> <span class='ocrx_word' id='word_1_232' title='bbox 1630 1696 1722 1720; x_wconf 79' lang='lat' dir='ltr'>l&#39;Aubc</span> <span class='ocrx_word' id='word_1_233' title='bbox 1742 1695 1870 1727; x_wconf 75' lang='lat' dir='ltr'>(Ti-oyes),</span> <span class='ocrx_word' id='word_1_234' title='bbox 1888 1695 1990 1726; x_wconf 75' lang='lat' dir='ltr'><strong><em>3Hs257</em></strong></span> <span class='ocrx_word' id='word_1_235' title='bbox 2006 1694 2139 1718; x_wconf 76' lang='lat' dir='ltr'>invenitur</span> <span class='ocrx_word' id='word_1_236' title='bbox 2157 1693 2343 1726; x_wconf 74' lang='lat' dir='ltr'>apographum</span> 
     </span>
    </p>
   </div>
   <div class='ocr_carea' id='block_1_10' title="bbox 466 1744 703 1776">
    <p class='ocr_par' dir='ltr' id='par_1_10' title="bbox 466 1744 703 1776">
     <span class='ocr_line' id='line_1_19' title="bbox 466 1744 703 1776; baseline 0 -9"><span class='ocrx_word' id='word_1_237' title='bbox 466 1744 556 1776; x_wconf 80' lang='lat' dir='ltr'>utiquc</span> <span class='ocrx_word' id='word_1_238' title='bbox 571 1753 703 1767; x_wconf 85' lang='lat' dir='ltr'>coaevum.</span> 
     </span>
    </p>
   </div>
   <div class='ocr_carea' id='block_1_11' title="bbox 563 1830 2344 1863">
    <p class='ocr_par' dir='ltr' id='par_1_11' title="bbox 563 1830 2344 1863">
     <span class='ocr_line' id='line_1_20' title="bbox 563 1830 2344 1863; baseline -0.003 -3"><span class='ocrx_word' id='word_1_239' title='bbox 563 1838 581 1860; x_wconf 95' lang='lat' dir='ltr'>l.</span> <span class='ocrx_word' id='word_1_240' title='bbox 603 1838 675 1860; x_wconf 82' lang='lat' dir='ltr'>Sicut</span> <span class='ocrx_word' id='word_1_241' title='bbox 690 1846 720 1860; x_wconf 89' lang='lat' dir='ltr'>ex</span> <span class='ocrx_word' id='word_1_242' title='bbox 734 1838 791 1860; x_wconf 80' lang='lat' dir='ltr'>dor.</span> <span class='ocrx_word' id='word_1_243' title='bbox 810 1841 837 1859; x_wconf 89' lang='lat' dir='ltr'>n⁰</span> <span class='ocrx_word' id='word_1_244' title='bbox 853 1838 894 1859; x_wconf 69' lang='lat'>‘2611</span> <span class='ocrx_word' id='word_1_245' title='bbox 919 1837 984 1859; x_wconf 83' lang='lat' dir='ltr'>inl&#39;ra</span> <span class='ocrx_word' id='word_1_246' title='bbox 1002 1836 1071 1859; x_wconf 83' lang='lat' dir='ltr'>edito</span> <span class='ocrx_word' id='word_1_247' title='bbox 1088 1836 1217 1863; x_wconf 67' lang='lat' dir='ltr'>videnum,</span> <span class='ocrx_word' id='word_1_248' title='bbox 1234 1836 1265 1858; x_wconf 84' lang='lat' dir='ltr'>sr.</span> <span class='ocrx_word' id='word_1_249' title='bbox 1288 1835 1372 1859; x_wconf 84' lang='lat' dir='ltr'>Guido</span> <span class='ocrx_word' id='word_1_250' title='bbox 1388 1843 1439 1858; x_wconf 88' lang='lat' dir='ltr'>non</span> <span class='ocrx_word' id='word_1_251' title='bbox 1456 1834 1566 1858; x_wconf 76' lang='lat' dir='ltr'>Parisiis</span> <span class='ocrx_word' id='word_1_252' title='bbox 1590 1835 1634 1857; x_wconf 79' lang='lat' dir='ltr'>sed</span> <span class='ocrx_word' id='word_1_253' title='bbox 1658 1834 1683 1857; x_wconf 89' lang='lat' dir='ltr'>in</span> <span class='ocrx_word' id='word_1_254' title='bbox 1702 1833 1775 1857; x_wconf 82' lang='lat' dir='ltr'>curin</span> <span class='ocrx_word' id='word_1_255' title='bbox 1792 1834 1908 1858; x_wconf 80' lang='lat' dir='ltr'>Romanu</span> <span class='ocrx_word' id='word_1_256' title='bbox 1925 1832 2088 1856; x_wconf 76' lang='lat' dir='ltr'>examinatus</span> <span class='ocrx_word' id='word_1_257' title='bbox 2107 1835 2148 1855; x_wconf 74' lang='lat' dir='ltr'>est</span> <span class='ocrx_word' id='word_1_258' title='bbox 2166 1834 2193 1855; x_wconf 79' lang='lat' dir='ltr'>et</span> <span class='ocrx_word' id='word_1_259' title='bbox 2210 1830 2344 1855; x_wconf 72' lang='lat' dir='ltr'>licentiam</span> 
     </span>
    </p>
   </div>
   <div class='ocr_carea' id='block_1_12' title="bbox 465 1881 710 1914">
    <p class='ocr_par' dir='ltr' id='par_1_12' title="bbox 465 1881 710 1914">
     <span class='ocr_line' id='line_1_21' title="bbox 465 1881 710 1914; baseline -0.004 -9"><span class='ocrx_word' id='word_1_260' title='bbox 465 1882 571 1914; x_wconf 77' lang='lat' dir='ltr'>regendi</span> <span class='ocrx_word' id='word_1_261' title='bbox 590 1881 710 1906; x_wconf 84' lang='lat' dir='ltr'>obtinuit.</span> 
     </span>
    </p>
   </div>
   <div class='ocr_carea' id='block_1_13' title="bbox 470 2027 2347 2920">
    <p class='ocr_par' dir='ltr' id='par_1_13' title="bbox 470 2027 2341 2071">
     <span class='ocr_line' id='line_1_22' title="bbox 470 2027 2341 2071; baseline -0.004 -8"><span class='ocrx_word' id='word_1_262' title='bbox 470 2027 580 2064; x_wconf 85' lang='lat'><strong>230.</strong></span> <span class='ocrx_word' id='word_1_263' title='bbox 605 2037 729 2062; x_wconf 79' lang='lat' dir='ltr'>Litterae</span> <span class='ocrx_word' id='word_1_264' title='bbox 749 2036 946 2061; x_wconf 67' lang='lat' dir='ltr'>Universilalis</span> <span class='ocrx_word' id='word_1_265' title='bbox 961 2036 1138 2061; x_wconf 73' lang='lat' dir='ltr'>parisiensis</span> <span class='ocrx_word' id='word_1_266' title='bbox 1159 2035 1199 2061; x_wconf 85' lang='lat' dir='ltr'>ad</span> <span class='ocrx_word' id='word_1_267' title='bbox 1216 2035 1368 2071; x_wconf 81' lang='lat' dir='ltr'>praelatos</span> <span class='ocrx_word' id='word_1_268' title='bbox 1389 2035 1528 2061; x_wconf 72' lang='lat' dir='ltr'>ecclesiae</span> <span class='ocrx_word' id='word_1_269' title='bbox 1549 2039 1575 2060; x_wconf 81' lang='lat' dir='ltr'>et</span> <span class='ocrx_word' id='word_1_270' title='bbox 1597 2034 1744 2060; x_wconf 80' lang='lat' dir='ltr'>scholares</span> <span class='ocrx_word' id='word_1_271' title='bbox 1765 2035 1918 2067; x_wconf 68' lang='lat' dir='ltr'>universo-⁹,</span> <span class='ocrx_word' id='word_1_272' title='bbox 1945 2033 2048 2068; x_wconf 82' lang='lat' dir='ltr'>quibus</span> <span class='ocrx_word' id='word_1_273' title='bbox 2068 2031 2184 2058; x_wconf 83' lang='lat' dir='ltr'>ordines</span> <span class='ocrx_word' id='word_1_274' title='bbox 2203 2030 2341 2066; x_wconf 74' lang='lat' dir='ltr'>religiosi,</span> 
     </span>
    </p>

    <p class='ocr_par' dir='ltr' id='par_1_14' title="bbox 558 2084 1262 2121">
     <span class='ocr_line' id='line_1_23' title="bbox 558 2084 1262 2121; baseline 0 -11"><span class='ocrx_word' id='word_1_275' title='bbox 558 2086 696 2121; x_wconf 82' lang='lat' dir='ltr'>imprimis</span> <span class='ocrx_word' id='word_1_276' title='bbox 714 2086 822 2118; x_wconf 81' lang='lat' dir='ltr'>fi-atres</span> <span class='ocrx_word' id='word_1_277' title='bbox 838 2084 1067 2118; x_wconf 50' lang='lat' dir='ltr'>Praedia-atores,</span> <span class='ocrx_word' id='word_1_278' title='bbox 1086 2085 1262 2111; x_wconf 79' lang='lat' dir='ltr'>incusantur.</span> 
     </span>
    </p>

    <p class='ocr_par' dir='ltr' id='par_1_15' title="bbox 1626 2130 2055 2166">
     <span class='ocr_line' id='line_1_24' title="bbox 1626 2130 2055 2166; baseline -0.007 -7"><span class='ocrx_word' id='word_1_279' title='bbox 1626 2133 1701 2163; x_wconf 83' lang='grc'><strong><em>1254,</em></strong></span> <span class='ocrx_word' id='word_1_280' title='bbox 1717 2132 1850 2159; x_wconf 75' lang='lat' dir='ltr'>Februarii</span> <span class='ocrx_word' id='word_1_281' title='bbox 1861 2133 1886 2161; x_wconf 84' lang='lat'>4,</span> <span class='ocrx_word' id='word_1_282' title='bbox 1902 2130 2055 2166; x_wconf 69' lang='lat' dir='ltr'>[Parisii-91.</span> 
     </span>
    </p>

    <p class='ocr_par' dir='ltr' id='par_1_16' title="bbox 471 2200 2347 2920">
     <span class='ocr_line' id='line_1_25' title="bbox 560 2200 2346 2253; baseline -0.003 -12"><span class='ocrx_word' id='word_1_283' title='bbox 560 2208 783 2241; x_wconf 60' lang='lat' dir='ltr'>lieven-endis</span> <span class='ocrx_word' id='word_1_284' title='bbox 811 2209 844 2240; x_wconf 89' lang='lat' dir='ltr'>iu</span> <span class='ocrx_word' id='word_1_285' title='bbox 874 2208 1020 2241; x_wconf 80' lang='lat' dir='ltr'>Christo</span> <span class='ocrx_word' id='word_1_286' title='bbox 1049 2208 1212 2253; x_wconf 74' lang='lat' dir='ltr'>patribus</span> <span class='ocrx_word' id='word_1_287' title='bbox 1242 2208 1542 2253; x_wconf 79' lang='lat' dir='ltr'>archiepiscopis,</span> <span class='ocrx_word' id='word_1_288' title='bbox 1571 2208 1770 2253; x_wconf 87' lang='lat' dir='ltr'>episcopis,</span> <span class='ocrx_word' id='word_1_289' title='bbox 1800 2206 2006 2247; x_wconf 79' lang='lat' dir='ltr'>abbatibus,</span> <span class='ocrx_word' id='word_1_290' title='bbox 2036 2204 2197 2245; x_wconf 85' lang='lat' dir='ltr'>decanis,</span> <span class='ocrx_word' id='word_1_291' title='bbox 2228 2200 2346 2236; x_wconf 83' lang='lat' dir='ltr'>archi-</span> 
     </span>
     <span class='ocr_line' id='line_1_26' title="bbox 472 2258 2344 2320; baseline -0.003 -13"><span class='ocrx_word' id='word_1_292' title='bbox 472 2275 634 2308; x_wconf 86' lang='lat' dir='ltr'>diaconis</span> <span class='ocrx_word' id='word_1_293' title='bbox 662 2281 697 2307; x_wconf 90' lang='lat' dir='ltr'>et</span> <span class='ocrx_word' id='word_1_294' title='bbox 723 2275 803 2307; x_wconf 83' lang='lat' dir='ltr'>aliis</span> <span class='ocrx_word' id='word_1_295' title='bbox 829 2275 1063 2307; x_wconf 83' lang='lat' dir='ltr'>ecclesiarum</span> <span class='ocrx_word' id='word_1_296' title='bbox 1087 2275 1249 2320; x_wconf 80' lang='lat' dir='ltr'>prelatiS,</span> <span class='ocrx_word' id='word_1_297' title='bbox 1272 2287 1413 2308; x_wconf 88' lang='lat' dir='ltr'>necnon</span> <span class='ocrx_word' id='word_1_298' title='bbox 1436 2274 1604 2320; x_wconf 89' lang='lat' dir='ltr'>capitulis</span> <span class='ocrx_word' id='word_1_299' title='bbox 1631 2281 1666 2307; x_wconf 85' lang='lat' dir='ltr'>et</span> <span class='ocrx_word' id='word_1_300' title='bbox 1686 2273 1890 2307; x_wconf 87' lang='lat' dir='ltr'>scolaribus</span> <span class='ocrx_word' id='word_1_301' title='bbox 1916 2271 2100 2306; x_wconf 82' lang='lat' dir='ltr'>universis</span> <span class='ocrx_word' id='word_1_302' title='bbox 2125 2258 2344 2304; x_wconf 84' lang='lat' dir='ltr'>universitas</span> 
     </span>
     <span class='ocr_line' id='line_1_27' title="bbox 471 2334 2345 2387; baseline -0.003 -13"><span class='ocrx_word' id='word_1_303' title='bbox 471 2342 724 2387; x_wconf 86' lang='lat' dir='ltr'>magistrorum</span> <span class='ocrx_word' id='word_1_304' title='bbox 753 2348 788 2374; x_wconf 88' lang='lat' dir='ltr'>et</span> <span class='ocrx_word' id='word_1_305' title='bbox 813 2341 1005 2374; x_wconf 88' lang='lat' dir='ltr'>scolarium</span> <span class='ocrx_word' id='word_1_306' title='bbox 1035 2342 1196 2374; x_wconf 86' lang='lat' dir='ltr'>Parisius</span> <span class='ocrx_word' id='word_1_307' title='bbox 1223 2342 1444 2374; x_wconf 87' lang='lat' dir='ltr'>studentium</span> <span class='ocrx_word' id='word_1_308' title='bbox 1475 2341 1627 2375; x_wconf 78' lang='lat' dir='ltr'>salutem</span> <span class='ocrx_word' id='word_1_309' title='bbox 1655 2341 1691 2374; x_wconf 92' lang='lat' dir='ltr'>in</span> <span class='ocrx_word' id='word_1_310' title='bbox 1720 2340 1876 2374; x_wconf 92' lang='lat' dir='ltr'>Domino</span> <span class='ocrx_word' id='word_1_311' title='bbox 1902 2339 2172 2384; x_wconf 86' lang='lat' dir='ltr'>sempiternam.</span> <span class='ocrx_word' id='word_1_312' title='bbox 2200 2334 2345 2370; x_wconf 85' lang='lat' dir='ltr'>Excelsi</span> 
     </span>
     <span class='ocr_line' id='line_1_28' title="bbox 472 2404 2344 2453; baseline -0.003 -13"><span class='ocrx_word' id='word_1_313' title='bbox 472 2408 615 2440; x_wconf 81' lang='lat' dir='ltr'>dextera</span> <span class='ocrx_word' id='word_1_314' title='bbox 645 2408 849 2452; x_wconf 88' lang='lat' dir='ltr'>paradisum</span> <span class='ocrx_word' id='word_1_315' title='bbox 877 2408 1072 2452; x_wconf 87' lang='lat' dir='ltr'>voluptatis</span> <span class='ocrx_word' id='word_1_316' title='bbox 1099 2408 1191 2453; x_wconf 74' lang='lat' dir='ltr'>olym</span> <span class='ocrx_word' id='word_1_317' title='bbox 1224 2408 1397 2453; x_wconf 88' lang='lat' dir='ltr'>plantavit</span> <span class='ocrx_word' id='word_1_318' title='bbox 1426 2408 1587 2441; x_wconf 85' lang='lat' dir='ltr'>Parisius</span> <span class='ocrx_word' id='word_1_319' title='bbox 1616 2407 1861 2441; x_wconf 81' lang='lat' dir='ltr'>venerandum</span> <span class='ocrx_word' id='word_1_320' title='bbox 1892 2405 2100 2452; x_wconf 84' lang='lat' dir='ltr'>gignasium</span> <span class='ocrx_word' id='word_1_321' title='bbox 2128 2404 2344 2445; x_wconf 76' lang='lat' dir='ltr'>litterarum,</span> 
     </span>
     <span class='ocr_line' id='line_1_29' title="bbox 474 2460 2343 2520; baseline -0.002 -14"><span class='ocrx_word' id='word_1_322' title='bbox 474 2474 568 2507; x_wconf 76' lang='lat' dir='ltr'>und‹=</span> <span class='ocrx_word' id='word_1_323' title='bbox 590 2474 765 2519; x_wconf 75' lang='lat' dir='ltr'>sapientie</span> <span class='ocrx_word' id='word_1_324' title='bbox 785 2474 867 2506; x_wconf 81' lang='lat' dir='ltr'>sons</span> <span class='ocrx_word' id='word_1_325' title='bbox 887 2475 1062 2516; x_wconf 85' lang='lat' dir='ltr'>ascendit,</span> <span class='ocrx_word' id='word_1_326' title='bbox 1086 2475 1145 2520; x_wconf 90' lang='lat' dir='ltr'>qui</span> <span class='ocrx_word' id='word_1_327' title='bbox 1169 2475 1204 2507; x_wconf 91' lang='lat' dir='ltr'>in</span> <span class='ocrx_word' id='word_1_328' title='bbox 1226 2482 1380 2520; x_wconf 87' lang='lat' dir='ltr'>quatuor</span> <span class='ocrx_word' id='word_1_329' title='bbox 1398 2475 1599 2517; x_wconf 81' lang='lat' dir='ltr'>facultates,</span> <span class='ocrx_word' id='word_1_330' title='bbox 1621 2474 1792 2509; x_wconf 89' lang='lat' dir='ltr'>videlicet.</span> <span class='ocrx_word' id='word_1_331' title='bbox 1813 2473 2046 2518; x_wconf 86' lang='lat' dir='ltr'>theologiam,</span> <span class='ocrx_word' id='word_1_332' title='bbox 2064 2460 2343 2516; x_wconf 81' lang='lat' dir='ltr'>jurisperitiam‚</span> 
     </span>
     <span class='ocr_line' id='line_1_30' title="bbox 474 2525 2345 2588; baseline -0.002 -16"><span class='ocrx_word' id='word_1_333' title='bbox 474 2540 700 2581; x_wconf 80' lang='lat' dir='ltr'>medicinam,</span> <span class='ocrx_word' id='word_1_334' title='bbox 730 2552 870 2573; x_wconf 88' lang='lat' dir='ltr'>necnon</span> <span class='ocrx_word' id='word_1_335' title='bbox 899 2541 1122 2582; x_wconf 84' lang='lat' dir='ltr'>rationalem,</span> <span class='ocrx_word' id='word_1_336' title='bbox 1152 2542 1365 2583; x_wconf 83' lang='lat' dir='ltr'>naturalem,</span> <span class='ocrx_word' id='word_1_337' title='bbox 1388 2542 1559 2575; x_wconf 86' lang='lat' dir='ltr'>moralem</span> <span class='ocrx_word' id='word_1_338' title='bbox 1587 2541 1854 2588; x_wconf 88' lang='lat' dir='ltr'>philosophiam</span> <span class='ocrx_word' id='word_1_339' title='bbox 1881 2539 1985 2585; x_wconf 84' lang='lat' dir='ltr'>quasi</span> <span class='ocrx_word' id='word_1_340' title='bbox 2010 2539 2047 2572; x_wconf 90' lang='lat' dir='ltr'>in</span> <span class='ocrx_word' id='word_1_341' title='bbox 2072 2537 2153 2583; x_wconf 70' lang='lat' dir='ltr'>iiij⁰¹</span> <span class='ocrx_word' id='word_1_342' title='bbox 2177 2525 2345 2582; x_wconf 79' lang='lat' dir='ltr'>paradysi</span> 
     </span>
     <span class='ocr_line' id='line_1_31' title="bbox 474 2601 2347 2652; baseline -0.002 -13"><span class='ocrx_word' id='word_1_343' title='bbox 474 2607 620 2639; x_wconf 85' lang='lat' dir='ltr'>flumina</span> <span class='ocrx_word' id='word_1_344' title='bbox 655 2606 870 2639; x_wconf 80' lang='lat' dir='ltr'>distributus</span> <span class='ocrx_word' id='word_1_345' title='bbox 905 2620 969 2652; x_wconf 85' lang='lat' dir='ltr'>per</span> <span class='ocrx_word' id='word_1_346' title='bbox 1003 2615 1156 2652; x_wconf 89' lang='lat' dir='ltr'>quatuor</span> <span class='ocrx_word' id='word_1_347' title='bbox 1189 2609 1313 2641; x_wconf 90' lang='lat' dir='ltr'>mundi</span> <span class='ocrx_word' id='word_1_348' title='bbox 1349 2609 1489 2642; x_wconf 85' lang='lat' dir='ltr'>climata</span> <span class='ocrx_word' id='word_1_349' title='bbox 1524 2609 1708 2642; x_wconf 88' lang='lat' dir='ltr'>derivatus</span> <span class='ocrx_word' id='word_1_350' title='bbox 1743 2608 1949 2641; x_wconf 85' lang='lat' dir='ltr'>universam</span> <span class='ocrx_word' id='word_1_351' title='bbox 1985 2612 2116 2639; x_wconf 85' lang='lat' dir='ltr'>terram</span> <span class='ocrx_word' id='word_1_352' title='bbox 2150 2603 2279 2649; x_wconf 80' lang='lat' dir='ltr'>irrigat</span> <span class='ocrx_word' id='word_1_353' title='bbox 2310 2601 2347 2635; x_wconf 75' lang='lat' dir='ltr'>et</span> 
     </span>
     <span class='ocr_line' id='line_1_32' title="bbox 475 2667 2345 2720; baseline -0.002 -16"><span class='ocrx_word' id='word_1_354' title='bbox 475 2672 643 2712; x_wconf 87' lang='lat' dir='ltr'>infundit,</span> <span class='ocrx_word' id='word_1_355' title='bbox 666 2684 709 2704; x_wconf 86' lang='lat' dir='ltr'>ex</span> <span class='ocrx_word' id='word_1_356' title='bbox 730 2684 800 2716; x_wconf 90' lang='lat' dir='ltr'>quo</span> <span class='ocrx_word' id='word_1_357' title='bbox 823 2684 925 2717; x_wconf 88' lang='lat' dir='ltr'>quam</span> <span class='ocrx_word' id='word_1_358' title='bbox 950 2674 1178 2716; x_wconf 85' lang='lat' dir='ltr'>multifarios,</span> <span class='ocrx_word' id='word_1_359' title='bbox 1205 2675 1413 2720; x_wconf 86' lang='lat' dir='ltr'>spirituales</span> <span class='ocrx_word' id='word_1_360' title='bbox 1434 2687 1473 2708; x_wconf 88' lang='lat' dir='ltr'>ac</span> <span class='ocrx_word' id='word_1_361' title='bbox 1496 2674 1715 2720; x_wconf 84' lang='lat' dir='ltr'>temporales</span> <span class='ocrx_word' id='word_1_362' title='bbox 1737 2674 1922 2720; x_wconf 84' lang='lat' dir='ltr'>profectus</span> <span class='ocrx_word' id='word_1_363' title='bbox 1943 2671 2138 2705; x_wconf 87' lang='lat' dir='ltr'>christiana</span> <span class='ocrx_word' id='word_1_364' title='bbox 2163 2667 2345 2715; x_wconf 84' lang='lat' dir='ltr'>professio</span> 
     </span>
     <span class='ocr_line' id='line_1_33' title="bbox 476 2733 2344 2784; baseline -0.002 -13"><span class='ocrx_word' id='word_1_365' title='bbox 476 2738 670 2783; x_wconf 87' lang='lat' dir='ltr'>experitur,</span> <span class='ocrx_word' id='word_1_366' title='bbox 710 2738 790 2770; x_wconf 82' lang='lat' dir='ltr'>luce</span> <span class='ocrx_word' id='word_1_367' title='bbox 828 2739 960 2771; x_wconf 82' lang='lat' dir='ltr'>clarius</span> <span class='ocrx_word' id='word_1_368' title='bbox 1000 2746 1096 2784; x_wconf 84' lang='lat' dir='ltr'>patet</span> <span class='ocrx_word' id='word_1_369' title='bbox 1134 2742 1286 2774; x_wconf 84' lang='lat' dir='ltr'>cunetis.</span> <span class='ocrx_word' id='word_1_370' title='bbox 1328 2742 1419 2775; x_wconf 90' lang='lat' dir='ltr'>Huic</span> <span class='ocrx_word' id='word_1_371' title='bbox 1458 2741 1666 2775; x_wconf 87' lang='lat' dir='ltr'>venerando</span> <span class='ocrx_word' id='word_1_372' title='bbox 1708 2747 1743 2774; x_wconf 90' lang='lat' dir='ltr'>et</span> <span class='ocrx_word' id='word_1_373' title='bbox 1781 2738 1918 2773; x_wconf 90' lang='lat' dir='ltr'>salubri</span> <span class='ocrx_word' id='word_1_374' title='bbox 1959 2737 2128 2784; x_wconf 87' lang='lat' dir='ltr'>gignasio</span> <span class='ocrx_word' id='word_1_375' title='bbox 2163 2733 2344 2781; x_wconf 88' lang='lat' dir='ltr'>quondam</span> 
     </span>
     <span class='ocr_line' id='line_1_34' title="bbox 476 2791 2346 2851; baseline -0.002 -13"><span class='ocrx_word' id='word_1_376' title='bbox 476 2805 642 2850; x_wconf 86' lang='lat' dir='ltr'>presuerc</span> <span class='ocrx_word' id='word_1_377' title='bbox 664 2804 839 2849; x_wconf 84' lang='lat' dir='ltr'>magistri,</span> <span class='ocrx_word' id='word_1_378' title='bbox 862 2805 929 2838; x_wconf 87' lang='lat' dir='ltr'>viri</span> <span class='ocrx_word' id='word_1_379' title='bbox 952 2807 1141 2840; x_wconf 88' lang='lat' dir='ltr'>reverendi</span> <span class='ocrx_word' id='word_1_380' title='bbox 1163 2808 1233 2840; x_wconf 90' lang='lat' dir='ltr'>vita</span> <span class='ocrx_word' id='word_1_381' title='bbox 1255 2815 1290 2841; x_wconf 89' lang='lat' dir='ltr'>et</span> <span class='ocrx_word' id='word_1_382' title='bbox 1310 2809 1474 2841; x_wconf 87' lang='lat' dir='ltr'>doctrina</span> <span class='ocrx_word' id='word_1_383' title='bbox 1495 2807 1702 2849; x_wconf 86' lang='lat' dir='ltr'>clarissimi,</span> <span class='ocrx_word' id='word_1_384' title='bbox 1725 2813 1845 2840; x_wconf 89' lang='lat' dir='ltr'>mente</span> <span class='ocrx_word' id='word_1_385' title='bbox 1867 2804 2046 2851; x_wconf 88' lang='lat' dir='ltr'>religiosi,</span> <span class='ocrx_word' id='word_1_386' title='bbox 2073 2791 2200 2836; x_wconf 86' lang='lat' dir='ltr'>omnes</span> <span class='ocrx_word' id='word_1_387' title='bbox 2225 2808 2346 2835; x_wconf 85' lang='lat' dir='ltr'>tamen</span> 
     </span>
     <span class='ocr_line' id='line_1_35' title="bbox 477 2868 2347 2920; baseline -0.002 -16"><span class='ocrx_word' id='word_1_388' title='bbox 477 2872 652 2916; x_wconf 83' lang='lat' dir='ltr'>degentes</span> <span class='ocrx_word' id='word_1_389' title='bbox 686 2870 722 2902; x_wconf 92' lang='lat' dir='ltr'>in</span> <span class='ocrx_word' id='word_1_390' title='bbox 752 2870 873 2903; x_wconf 84' lang='lat' dir='ltr'>habitu</span> <span class='ocrx_word' id='word_1_391' title='bbox 904 2872 1070 2914; x_wconf 79' lang='lat' dir='ltr'>seculari,</span> <span class='ocrx_word' id='word_1_392' title='bbox 1103 2874 1163 2918; x_wconf 91' lang='lat' dir='ltr'>qui</span> <span class='ocrx_word' id='word_1_393' title='bbox 1193 2886 1369 2919; x_wconf 89' lang='lat' dir='ltr'>processu</span> <span class='ocrx_word' id='word_1_394' title='bbox 1400 2875 1574 2920; x_wconf 86' lang='lat' dir='ltr'>temporis</span> <span class='ocrx_word' id='word_1_395' title='bbox 1604 2880 1792 2907; x_wconf 89' lang='lat' dir='ltr'>crescente</span> <span class='ocrx_word' id='word_1_396' title='bbox 1821 2883 1974 2906; x_wconf 88' lang='lat' dir='ltr'>numero</span> <span class='ocrx_word' id='word_1_397' title='bbox 2003 2870 2222 2911; x_wconf 81' lang='lat' dir='ltr'>auditorum,</span> <span class='ocrx_word' id='word_1_398' title='bbox 2252 2868 2347 2901; x_wconf 91' lang='lat' dir='ltr'>sicut</span> 
     </span>
    </p>
   </div>
   <div class='ocr_carea' id='block_1_14' title="bbox 477 2935 2344 2986">
    <p class='ocr_par' dir='ltr' id='par_1_17' title="bbox 477 2935 2344 2986">
     <span class='ocr_line' id='line_1_36' title="bbox 477 2935 2344 2986; baseline -0.002 -15"><span class='ocrx_word' id='word_1_399' title='bbox 477 2937 649 2983; x_wconf 86' lang='lat' dir='ltr'>oportuit,</span> <span class='ocrx_word' id='word_1_400' title='bbox 679 2936 849 2980; x_wconf 84' lang='lat' dir='ltr'>ampliati,</span> <span class='ocrx_word' id='word_1_401' title='bbox 882 2944 918 2969; x_wconf 87' lang='lat' dir='ltr'>ut</span> <span class='ocrx_word' id='word_1_402' title='bbox 947 2937 1099 2971; x_wconf 85' lang='lat' dir='ltr'>liberius</span> <span class='ocrx_word' id='word_1_403' title='bbox 1129 2947 1163 2972; x_wconf 87' lang='lat' dir='ltr'>et</span> <span class='ocrx_word' id='word_1_404' title='bbox 1194 2941 1424 2986; x_wconf 80' lang='lat' dir='ltr'>tranquillius</span> <span class='ocrx_word' id='word_1_405' title='bbox 1454 2953 1579 2975; x_wconf 91' lang='lat' dir='ltr'>vacare</span> <span class='ocrx_word' id='word_1_406' title='bbox 1610 2947 1759 2986; x_wconf 86' lang='lat' dir='ltr'>possent</span> <span class='ocrx_word' id='word_1_407' title='bbox 1790 2939 1911 2972; x_wconf 85' lang='lat' dir='ltr'>studio</span> <span class='ocrx_word' id='word_1_408' title='bbox 1938 2936 2097 2979; x_wconf 82' lang='lat' dir='ltr'>litterali,</span> <span class='ocrx_word' id='word_1_409' title='bbox 2129 2936 2160 2970; x_wconf 89' lang='lat' dir='ltr'>si</span> <span class='ocrx_word' id='word_1_410' title='bbox 2188 2935 2344 2981; x_wconf 88' lang='lat' dir='ltr'>quodam</span> 
     </span>
    </p>
   </div>
   <div class='ocr_carea' id='block_1_15' title="bbox 2563 431 2580 1036">
    <p class='ocr_par' dir='ltr' id='par_1_18' title="bbox 2563 431 2580 1054">
     <span class='ocr_line' id='line_1_37' title="bbox 2563 431 2580 1036; textangle 90"><span class='ocrx_word' id='word_1_411' title='bbox 2573 1029 2580 1036; x_wconf 76' lang='grc' dir='ltr'>ι</span> <span class='ocrx_word' id='word_1_412' title='bbox 2571 959 2580 1016; x_wconf 53' lang='lat' dir='ltr'>:nn-nr</span> <span class='ocrx_word' id='word_1_413' title='bbox 2574 939 2580 952; x_wconf 51' lang='lat'>.2</span> <span class='ocrx_word' id='word_1_414' title='bbox 2574 887 2580 931; x_wconf 52' lang='lat' dir='ltr'>-·—n„1</span> <span class='ocrx_word' id='word_1_415' title='bbox 2563 523 2580 879; x_wconf 43' lang='lat' dir='ltr'>&amp;siem-«anjahwm1.</span> <span class='ocrx_word' id='word_1_416' title='bbox 2572 475 2580 517; x_wconf 60' lang='lat' dir='ltr'>mm.</span> <span class='ocrx_word' id='word_1_417' title='bbox 2576 431 2580 452; x_wconf 83' lang='lat'>..-</span> 
     </span>
    </p>
   </div>
  </div>
 </body>
</html>
