2580 3528
240 395 337 436 1260]
579 405 627 427 ΑΒ
660 404 768 427 auno
802 404 880 428 mcc
915 405 1047 434 usqua
1081 405 1131 428 an
1166 406 1394 430 pnimppun
1428 408 1469 430 1v
1503 409 1592 431 nnc.
1630 410 1767 433 εμπ.
2048 405 2113 439 417

238 478 503 521 misericordia,
531 484 568 512 et
597 477 747 512 meliora
775 484 862 512 sunt
889 477 999 512 verba
1028 479 1134 513 amici
1164 491 1270 525 quam
1299 481 1529 515 fraudulenta
1559 482 1683 516 oscula
1716 484 1865 517 inimici.
1894 486 1988 520 Illud
2018 488 2113 521 enim

237 545 422 591 pretendit
444 544 506 579 illa
534 545 730 579 auctoritas
754 544 943 578 amborum
974 557 1086 592 super
1110 547 1257 586 Lucam,
1287 559 1393 592 quam
1422 554 1543 581 vestra
1567 547 1775 594 benignitas
1803 551 1911 584 michi
1937 553 1973 585 in
1999 553 2113 598 palam

237 611 400 654 adduxit,
430 611 529 658 quod
560 611 813 645 misericordie
839 624 904 658 pro
934 611 1178 658 possibilitate
1205 613 1429 647 conditionis
1458 613 1614 648 humane
1645 617 1821 650 servanda
1852 618 1899 651 sit
1931 630 2115 661 mensura,

238 684 279 712 ut
306 690 380 712 non
406 677 478 712 sibi
506 684 621 712 totum
651 678 808 724 quisque
837 678 980 724 eripiat,
1010 679 1076 712 sed
1109 679 1207 725 quod
1237 679 1345 714 habet
1373 692 1454 714 cum
1481 693 1640 727 paupere
1666 683 1899 729 percipiatur,
1926 684 1994 718 hoc
2018 686 2114 719 enim

238 743 394 779 infirmis
417 744 611 779 consilium
633 745 755 779 datum
780 752 848 787 est,
877 745 1011 791 quibus
1037 745 1168 780 melius
1194 753 1250 780 est
1275 759 1341 792 pro
1366 754 1466 793 parte
1492 760 1658 794 erogare,
1685 761 1791 795 quam
1817 757 1900 796 post
1924 751 1969 785 de
1994 752 2115 798 inopia

239 823 465 846 murmurare
488 838 553 845 .....
575 812 780 847 Consilium
806 812 919 859 igitur
942 819 1104 847 vestrum
1131 825 1210 847 mee
1235 813 1435 848 infirmitati
1456 814 1615 848 oblatum
1641 823 1826 862 gratanter
1850 818 2001 864 accipio.
2030 819 2116 852 ldeo

239 889 306 912 nec
339 879 459 913 omnia
492 878 603 913 michi
636 879 769 921 adimo,
804 891 871 913 nec
906 879 1167 926 perfectionem
1200 880 1310 914 michi
1344 893 1489 928 arrogo,
1530 894 1635 927 quam
1669 883 1876 918 infirmitate
1911 885 2117 919 retrahente

239 944 385 991 ingredi
415 957 488 979 non
517 945 634 988 valeo,
665 946 732 980 sed
758 945 861 991 plura
888 951 924 980 et
952 946 1044 980 sorte
1071 946 1257 992 superflua
1285 947 1394 981 michi
1421 948 1574 982 retineo.
1607 949 1737 983 Libros
1767 951 1862 984 enim
1893 951 2118 986 ducentenas

240 1010 353 1046 libras
372 1011 536 1046 valentes
555 1019 591 1046 et
609 1012 766 1058 amplius
786 1012 896 1047 michi
917 1024 1080 1055 reservo,
1107 1013 1151 1046 de
1172 1025 1326 1059 quorum
1353 1014 1589 1048 distractione
1614 1016 1645 1050 si
1666 1028 1819 1051 necesse
1840 1018 1961 1060 suerit,
1983 1019 2117 1052 victum

240 1078 464 1113 sufficienter
487 1078 642 1113 habebo.
669 1080 743 1113 Nec
768 1079 899 1113 sactum
927 1079 1023 1113 beati
1050 1080 1196 1114 Martini
1220 1080 1316 1114 valet
1339 1093 1418 1115 mea
1445 1081 1635 1116 infirmitas
1656 1083 1694 1116 in
1713 1083 1782 1117 hoc
1810 1085 1928 1130 sequi,
1957 1086 2019 1131 qui
2045 1098 2118 1120 non

241 1145 361 1179 solum
398 1145 444 1179 de
482 1145 727 1180 exterioribus
765 1152 802 1180 et
839 1146 1037 1192 superfluis
1071 1146 1137 1180 sed
1171 1146 1217 1180 de
1252 1148 1461 1182 necessario
1496 1149 1663 1194 corporis
1697 1150 1911 1185 indumento
1946 1153 2118 1199 pauperis

240 1211 402 1246 membra
421 1212 522 1255 texit,
548 1219 585 1246 et
608 1224 674 1259 pro
699 1219 800 1259 parte
825 1212 947 1247 nudus
973 1213 1158 1247 remansit.
1186 1214 1227 1247 In
1254 1213 1322 1248 hoc
1344 1226 1433 1260 ergo
1453 1215 1547 1249 sacto
1573 1223 1608 1249 et
1632 1216 1811 1262 singulari
1833 1230 1905 1252 non
1935 1219 2121 1265 expedivit

229 1278 404 1325 gloriari,
431 1285 549 1312 tamen
574 1279 612 1312 in
638 1279 796 1313 Domino
821 1279 995 1325 oportuit,
1023 1280 1107 1325 quia
1132 1291 1197 1314 vos
1223 1292 1280 1314 me
1305 1281 1493 1327 coegistis.
1524 1283 1653 1316 Factus
1681 1295 1760 1316 sum
1783 1284 1976 1330 insipiens,
2003 1298 2117 1320 meam

239 1345 486 1391 insipientiam
506 1351 732 1392 supportate,
753 1345 823 1379 hoc
844 1345 940 1379 enim
962 1346 1094 1379 sactum
1115 1358 1134 1379 a
1154 1345 1261 1380 vobis
1283 1346 1410 1380 debuit
1434 1349 1701 1390 commendari3
1729 1350 1765 1383 in
1786 1351 2002 1397 insipient-ia
2022 1353 2118 1386 enim

238 1410 384 1446 locutus
404 1423 484 1446 sum
506 1423 580 1446 non
599 1411 647 1445 ob
672 1423 787 1446 meam
811 1412 849 1445 in
873 1411 943 1446 hoc
967 1413 1061 1446 sacto
1085 1413 1453 1456 commendationem,
1480 1415 1580 1449 Deus
1600 1416 1714 1458 novit,
1741 1417 1807 1450 sed
1828 1425 1977 1464 propter
1997 1420 2121 1453 amici-

239 1478 323 1512 tiam
345 1485 381 1512 et
399 1478 600 1513 veritatem.

329 1545 405 1579 Hoc
430 1545 556 1592 igitur,
582 1552 684 1592 pater
708 1553 744 1580 et
767 1546 896 1580 doctor
920 1546 1085 1592 egregie,
1107 1546 1143 1579 in
1163 1558 1277 1580 meam
1300 1547 1451 1593 recipite
1472 1549 1757 1592 excusationem,
1785 1557 1821 1584 et
1844 1551 1890 1584 de
1916 1552 2121 1597 prolixitate

238 1611 381 1646 veniam
411 1612 506 1655 date,
537 1612 599 1658 qui
628 1612 676 1647 ob
707 1625 823 1647 meam
853 1613 1047 1647 ruditatem
1076 1613 1202 1659 paucis
1231 1613 1355 1648 verbis
1390 1614 1516 1648 nescio
1545 1615 1715 1662 proloqui
1749 1618 1937 1652 veritatem
1967 1620 2121 1653 maxime

239 1677 358 1721 vobis,
387 1691 495 1725 quem
522 1679 559 1713 in
586 1679 695 1714 tantis
723 1686 938 1726 occupatum
963 1691 1042 1714 mea
1067 1691 1141 1714 non
1166 1679 1278 1714 debui
1302 1680 1524 1715 verbositate
1550 1681 1742 1717 honerare.
1767 1684 1837 1718 Sed
1859 1686 1994 1730 parcite
2021 1687 2122 1720 infir-

239 1745 353 1779 mitati
383 1752 419 1780 et
445 1746 675 1793 congaudete
702 1747 857 1781 veritati.
888 1746 1038 1780 Librum
1066 1758 1174 1792 quem
1201 1746 1307 1781 vobis
1335 1747 1431 1790 misi,
1463 1749 1525 1794 qui
1552 1749 1681 1795 incipit
1707 1762 1714 1783 :
1742 1751 1877 1786 Manus
1904 1764 1967 1798 que
1995 1759 2122 1788 contra

237 1812 350 1847 Deum
365 1812 562 1855 tenditur‘,
579 1818 659 1856 etc.,
681 1813 795 1848 miror
814 1813 913 1860 quod
933 1826 1007 1848 non
1027 1813 1235 1856 invenistis,
1253 1814 1284 1848 si
1301 1821 1421 1848 tamen
1437 1815 1664 1861 diligentiam
1686 1819 1865 1863 querendi
1886 1819 2120 1863 adhibuistis,

239 1879 324 1926 quia
353 1879 391 1913 in
415 1879 592 1923 Ordine',
623 1880 669 1914 de
698 1892 770 1926 quo
801 1880 890 1915 alias
919 1880 1064 1915 locutus
1094 1893 1189 1923 sum,
1219 1887 1259 1915 ut
1289 1893 1307 1915 a
1338 1882 1495 1927 quodam
1526 1883 1571 1916 de
1600 1884 1765 1929 predicto
1795 1885 1933 1919 Ordine
1964 1899 2121 1932 persona

239 1945 408 1981 credibili
426 1947 562 1990 audivi,
579 1947 616 1981 in
635 1954 730 1982 tanta
747 1948 961 1982 auctoritate
979 1955 1036 1982 est
1055 1947 1200 1982 habitus
1222 1955 1261 1982 ut
1280 1949 1520 1994 quorumdam
1539 1949 1584 1983 de
1604 1951 1770 1996 predicto
1791 1952 1930 1987 Ordine
1951 1954 2122 2000 impetra-

239 2012 339 2047 tione
364 2013 402 2047 in
428 2013 535 2048 archa
560 2026 626 2048 seu
651 2015 806 2049 armario
831 2015 952 2050 Sancti
977 2015 1097 2049 Petri⁶
1121 2014 1166 2049 ad
1191 2015 1505 2050 confirmationem
1531 2029 1597 2051 sue
1622 2019 1847 2053 auctoritatis
1873 2021 1985 2054 Rome
2012 2022 2122 2055 suerit

240 2078 453 2123 collocatus,
470 2087 507 2115 et
523 2081 722 2115 verendum
746 2094 791 2116 ne
812 2082 849 2116 in
870 2087 995 2116 sancto
1016 2082 1097 2116 loco
1117 2081 1266 2128 ydolum
1287 2082 1364 2116 sive
1386 2083 1626 2118 desolationis
1643 2084 1890 2121 abhominatio
1909 2095 2118 2133 reponatur.

240 2145 356 2180 Valde
381 2146 476 2181 enim
503 2147 613 2182 michi
632 2148 763 2194 placet,
786 2155 826 2183 ut
845 2161 926 2183 eum
949 2148 1146 2195 diligenter
1166 2149 1370 2196 inspiciatis
1395 2157 1435 2183 ut
1459 2162 1604 2184 errores
1630 2158 1669 2185 ut
1693 2153 1804 2186 credo
1832 2154 2120 2200 quamplurimos

240 2212 457 2255 advertatis3
485 2226 567 2248 cum
594 2220 714 2249 tamen
743 2212 993 2262 expedierifis,
1021 2215 1130 2249 michi
1157 2216 1189 2249 si
1219 2215 1338 2262 placet
1360 2228 1441 2250 cum
1469 2224 1590 2251 vestra
1618 2219 1797 2252 sententia
1829 2221 2030 2255 remittatis.
2060 2223 2119 2256 Me

241 2279 347 2313 etiam
368 2291 478 2326 spero
498 2281 654 2315 Domino
675 2281 901 2315 concedente
921 2293 1016 2316 anno
1037 2282 1205 2328 sequenti
1228 2283 1389 2317 Parisius
1410 2295 1476 2317 vos
1497 2284 1675 2327 visurum,
1698 2292 1733 2319 et
1753 2298 1864 2331 super
1885 2286 1952 2320 hoc
1979 2294 2014 2322 et
2037 2288 2118 2322 aliis

240 2345 419 2392 vobisque
450 2346 595 2393 plenius
624 2347 844 2382 locuturum.
881 2350 939 2382 Me
969 2355 1005 2383 et
1034 2360 1111 2382 mea
1146 2349 1182 2382 in
1212 2355 1373 2383 vestrum
1405 2350 1608 2392 servitium,
1643 2352 1711 2385 etsi
1742 2364 1867 2397 parum
1903 2354 1950 2387 sit
1986 2355 2118 2389 vestris

240 2411 444 2456 beneficiis,
464 2413 618 2448 letanter
644 2414 758 2449 offero
786 2421 822 2449 et
846 2421 1041 2462 gratanter.
1073 2415 1251 2449 Dominus
1272 2428 1338 2449 vos
1368 2416 1404 2450 in
1435 2428 1499 2450 sua
1529 2417 1643 2463 gratia
1673 2426 1880 2462 conservet,
1903 2432 1968 2454 sue
1995 2428 2118 2456 sancte

241 2478 397 2514 ecclesie
417 2492 502 2514 vere
523 2480 745 2516 venerabilis
765 2494 805 2516 ac
826 2482 1000 2529 egregius
1021 2482 1160 2516 doctor.
1184 2482 1292 2516 Orate
1314 2494 1379 2528 pro
1401 2483 1583 2529 discipulo
1604 2491 1740 2518 vestro.

334 2599 404 2625 Bibt.
422 2601 542 2625 Univen.
560 2602 644 2626 Puris.
658 2610 708 2626 un.
723 2605 742 2627 t.
759 2602 791 2631 11,
807 2603 863 2632 110⁵,
881 2603 925 2627 ῐοΙ.
941 2603 1058 2627 ata-222.

334 2697 357 2722 1.
373 2697 438 2721 Vide
452 2698 593 2730 epistolum
616 2699 826 2732 praecedentem.
843 2714 875 2718 —
893 2702 916 2725 2.
932 2700 1020 2725 Refert
1039 2701 1132 2724 deinde
1153 2700 1303 2724 testimonia
1316 2701 1455 2724 duodecim
1479 2701 1616 2725 doctorum
1637 2706 1788 2727 sanctorum
1814 2705 1949 2737 Cypriani,
1972 2707 2118 2739 Athanasii,

241 2740 344 2771 uit-rit,
359 2741 500 2771 Ambra-ii,
518 2743 680 2776 Hieronymi,
694 2745 843 2777 Augustini,
859 2744 960 2772 Basilii.
977 2745 1168 2777 chrysostomi.
1186 2745 1318 2777 ors-gorii,
1336 2745 1468 2777 Prosperi.
1488 2745 1581 2774 nedae,
1599 2746 1709 2777 Rubnni,
1731 2751 1759 2771 ut
1779 2749 1873 2781 probet
1887 2750 1996 2775 clericos
2010 2756 2119 2785 propter

239 2785 381 2810 eon-ilium
395 2786 499 2811 Domini
514 2788 624 2820 propria
641 2788 737 2813 debere
751 2792 926 2818 contemnere,
946 2790 1084 2814 facultate·
1100 2797 1162 2813 vero
1177 2789 1312 2820 eccle-iae,
1326 2798 1386 2813 cum
1401 2790 1555 2822 expedierit,
1573 2799 1584 2814 α
1598 2794 1627 2815 ut
1643 2792 1711 2816 unde
1725 2794 1889 2825 pauperibus
1905 2795 2117 2826 subministrant,

239 2828 301 2854 indo
313 2833 339 2854 et
353 2830 405 2863 ipai
421 2833 547 2864 tanquam
562 2840 694 2866 paupere·
708 2834 852 2858 voluntarii
869 2834 959 2858 vivunt
974 2843 995 2858 n.
1013 2834 1125 2858 Adducit
1139 2837 1232 2867 postea
1249 2835 1369 2867 exemplu
1385 2838 1546 2863 sanctorum,
1562 2835 1607 2868 qui
1621 2844 1672 2860 non
1685 2841 1761 2861 orant
1775 2847 1952 2870 possessor-on,
1969 2842 2014 2865 aad
2031 2850 2118 2866 rorum

239 2873 390 2899 divinarum
405 2879 600 2908 procuratorem
615 2891 648 2897 —
661 2879 683 2902 3.
696 2878 733 2902 Ad
754 2878 942 2911 subsequentia
954 2878 1013 2903 vide
1027 2878 1105 2911 epist.
1123 2879 1332 2911 praecedentem.
1343 2893 1368 2898 -
1380 2880 1405 2903 4.
1420 2879 1461 2904 Cf.
1475 2879 1540 2904 ibid.
1556 2888 1582 2904 n.
1596 2881 1618 2904 2.
1630 2894 1661 2899 —
1676 2882 1739 2906 5.1n
1750 2882 1848 2907 Ordine
1865 2884 1992 2909 Minui-um
2009 2886 2119 2912 avitia-ot.

239 2930 271 2937 —
282 2919 307 2944 8.
322 2918 352 2943 ld
368 2922 410 2944 ent
422 2919 448 2944 in
465 2921 578 2946 Archivo
592 2930 639 2947 aen
654 2922 818 2947 Bibliotheca
832 2926 950 2948 nutante
968 2923 994 2948 in
1011 2923 1122 2948 aedibu-
1138 2923 1271 2948 vaticani·
1286 2923 1319 2947 ad
1333 2924 1360 2950 S.
1377 2924 1493 2949 Petrum.
1504 2925 1544 2949 Cf.
1559 2924 1594 2949 De
1610 2925 1694 2954 iloni,
1709 2926 1750 2951 De
1762 2928 1881 2959 oriyim'.
1896 2929 2024 2958 lutum-ia,
2042 2931 2118 2955 imii-

240 2963 322 2989 σίδη
337 2964 441 2990 scrinii
454 2969 480 2990 et
493 2965 671 2992 bibliothecae
683 2967 758 2993 sedis
771 2971 870 3000 apost..
885 2977 914 3001 p.
929 2969 1002 2993 XCV.
1019 2969 1126 2993 Dicendi
1147 2977 1231 3001 genu·
1248 2977 1254 2992 2
1272 2978 1283 2991 α
1301 2969 1330 2993 Ιιι
1346 2969 1462 2992 armario
1483 2970 1508 2993 S.
1526 2969 1596 2993 Patri
1616 2979 1637 2998 ιο,
1653 2971 1769 2995 occurrit
1789 2972 1856 2995 inu-r
1875 2973 1926 2996 nlin
1944 2974 1968 2997 in
1987 2974 2118 3007 principio

367 3009 463 3035 Chare.
486 3009 564 3035 Unio.
583 3011 679 3038 Paris.
697 3011 717 3036 1.
1964 3019 1993 3042 5³
