2580 3528
281 402 378 444 1247]
620 414 668 435 ,113
700 414 808 436 Asso
841 413 920 436 mcc
954 413 1087 443 usQus
1120 414 1170 436 An
1204 414 1434 437 rnimrruu
1469 416 1509 437 1v
1546 416 1634 438 REG.
1672 417 1808 439 rnmsc.
2089 409 2156 441 205

367 488 441 520 Hec
468 487 648 521 sanctitati
673 494 794 521 vestre
819 487 1055 534 presentibus
1081 488 1256 530 intimavi,
1279 495 1315 522 ut
1342 489 1385 522 ad
1411 489 1559 534 plenum
1581 490 1626 522 de
1647 489 1752 524 libris
1779 491 1954 536 predictis
1974 493 2153 526 sanctitati

276 549 398 588 vestre
424 554 557 588 veritas
584 554 799 588 innotescat.
827 554 859 588 A
886 555 1072 601 magistris
1099 561 1218 588 autem
1245 555 1445 589 Judeorum
1475 556 1574 601 petii,
1604 563 1643 590 ut
1662 556 1815 590 Talmud
1845 564 1880 591 et
1909 570 2036 592 omnes
2061 559 2152 593 alios

276 619 391 654 libros
423 632 512 655 suos
541 620 650 656 michi
679 620 906 663 exhiberent,
937 621 999 667 qui
1029 628 1165 655 tantum
1193 634 1215 656 v
1241 622 1349 656 michi
1381 622 1566 656 volumina
1595 623 1771 658 vilissima
1799 624 2056 667 exhibuerunt,
2082 638 2152 671 que

270 688 372 733 juxta
391 687 542 721 formam
562 688 720 722 mandati
740 689 853 722 vestri
873 688 966 722 facio
986 689 1118 735 inspici
1139 689 1348 735 diligenter.

367 785 436 810 Bihl.
456 789 510 810 nat.
531 786 626 814 Paris„
645 794 694 810 ms.
714 786 760 810 lut.
782 787 859 811 16558
879 788 956 817 (suec.
979 787 1057 819 XIII),
1078 787 1123 811 fol.
1144 787 1295 811 23212-23312.
1317 788 1345 811 111
1365 788 1498 820 principio
1519 788 1638 820 legitur:
1655 797 1667 812 α
1683 789 1736 813 Hec
1750 792 1812 813 sunt
1826 790 1987 822 transcripta
2002 790 2151 814 litterarum

273 837 354 862 cuper
367 830 602 863 condempnatione
617 831 731 855 Telmud
745 831 876 855 editarum
893 840 914 855 ιι.
929 845 961 849 -
975 831 1088 860 Echard,
1104 832 1226 857 Summa
1241 832 1343 857 Sancti
1360 832 1482 858 Thomae
1494 840 1547 858 suo
1562 834 1675 858 auctori
1688 833 1841 863 vindicata,
1852 843 1879 866 p.
1891 836 1936 858 592
1951 843 2008 867 sqq.
2021 835 2072 860 SS.
2085 835 2150 860 0νά.

272 875 386 904 Praeti..
402 875 422 903 1.
439 875 493 899 128.
511 876 678 907 D'Argentre,
696 876 764 901 coll.
774 877 850 907 βίαι,
865 877 885 905 1,
902 877 955 900 153.
975 877 1030 901 Hoc
1044 877 1200 901 documento
1215 877 1287 901 card.
1303 878 1407 910 legatus
1422 878 1479 902 Odo
1494 878 1525 902 de
1543 878 1636 902 Castro
1651 879 1784 911 Radulphi
1799 880 1942 911 respondet
1955 880 2084 911 epistolae
2098 880 2150 904 sibi

272 927 288 943 a
301 927 373 952 papa
387 920 539 944 Innocentio
553 921 587 944 IV
602 920 708 950 missae,
725 929 802 953 quae,
824 924 854 945 ut
869 921 925 953 jum
946 921 1070 950 diximus,
1093 922 1126 945 ud
1147 930 1194 945 nos
1214 930 1265 945 non
1284 922 1414 954 pervenit,
1435 923 1510 955 eujus
1530 926 1717 955 argumentum
1735 926 1823 947 tumen
1843 932 1874 948 ex
1891 924 1987 948 litteris
2006 933 2092 957 papae
2107 925 2149 949 die

272 964 302 988 12
316 965 428 997 Augusti
442 973 484 989 1111.
501 965 563 989 1247
577 965 611 989 ad
626 974 716 997 regem
730 966 857 990 Franciee
871 966 978 990 directis
993 969 1019 990 et
1033 966 1060 990 in
1076 971 1105 990 n⁴²
1119 967 1287 998 praecedenti
1302 967 1380 991 editis
1401 967 1478 991 facile
1497 968 1692 1000 cognoscimus,
1708 969 1746 992 Ex
1763 968 1812 992 hoc
1831 969 1969 998 evincitur,
1990 978 2042 993 non
2066 971 2149 994 multo

271 1009 363 1041 elapso
388 1009 529 1034 intervallo
551 1013 614 1042 post
636 1010 707 1035 diem
734 1011 764 1034 12
790 1010 903 1043 Augusti
926 1011 1027 1035 odonis
1049 1019 1206 1043 responsum
1229 1012 1400 1036 subsecutum
1423 1021 1489 1036 esse.
1512 1013 1549 1036 De
1572 1013 1789 1037 condemnatione
1812 1013 1874 1037 libri
1896 1014 2008 1038 Telmud
2030 1018 2150 1047 tempore

271 1053 394 1086 Gregorii
408 1054 442 1078 lx
456 1057 482 1078 et
501 1055 645 1079 innocentii
667 1055 701 1079 lv
715 1058 742 1079 et
755 1055 787 1079 de
808 1055 1015 1080 circumstantiis
1030 1056 1083 1088 ipsi
1102 1056 1234 1088 adjunctis
1256 1057 1339 1080 multa
1361 1057 1519 1088 prodierunt
1537 1057 1646 1089 scripta,
1669 1066 1736 1090 quae
1756 1058 1845 1082 videre
1863 1058 1929 1082 libet
1948 1060 2019 1091 apud
2039 1060 2147 1091 Berger,

270 1099 322 1124 Les
336 1098 479 1130 Reos-ures
498 1098 667 1124 d'Innooent
686 1099 737 1129 IV,
751 1103 815 1124 tom.
832 1100 864 1124 II.
881 1099 1090 1129 Introduction,
1111 1109 1137 1132 p.
1159 1101 1253 1129 CCXV,
1269 1109 1295 1125 n.
1312 1102 1335 1125 2.
1355 1101 1504 1126 Novissime
1518 1102 1551 1126 de
1565 1102 1657 1126 endem
1670 1110 1698 1125 re
1713 1102 1822 1134 scripsit
1838 1103 1868 1127 A.
1882 1103 2031 1133 Neubauer,
2045 1104 2148 1130 Jewish

269 1147 450 1174 controversy
463 1144 524 1168 and
544 1144 590 1168 tlte
605 1153 617 1167 α
631 1144 725 1175 Puqt'o
743 1145 810 1177 fidei
824 1153 836 1168 »
852 1145 878 1168 in
901 1145 958 1170 The
971 1145 1131 1176 Expositor,
1151 1150 1181 1169 n⁰
1203 1146 1242 1174 38,
1259 1154 1287 1177 p.
1310 1147 1341 1170 95
1365 1154 1422 1178 sqq.
1441 1147 1481 1171 Cf.
1500 1149 1638 1178 praeterea
1653 1155 1684 1170 ex
1702 1147 1818 1179 antiquis
1839 1147 1967 1171 Thomnni
1987 1148 2146 1180 Cautiprut„

269 1187 353 1213 Liber
365 1195 464 1219 apum,
479 1188 499 1212 i.
512 1189 535 1218 1,
549 1196 572 1213 c.
587 1189 611 1212 3.

364 1272 386 1296 1.
402 1272 460 1297 Odo
473 1273 506 1297 de
521 1272 614 1297 Castro
629 1273 770 1305 deulphi.
791 1287 822 1291 —
837 1274 859 1297 2.
881 1273 1004 1298 Nicolauu
1020 1274 1104 1298 Douin
1119 1275 1152 1298 de
1168 1275 1195 1298 111
1214 1275 1345 1304 Rochelle,
1361 1275 1423 1299 circ.
1439 1284 1481 1299 su.
1505 1276 1566 1299 1236
1585 1284 1728 1300 conversus
1748 1285 1779 1300 ex
1798 1277 1946 1305 Judaismo,
1967 1277 2012 1310 qui
2032 1278 2062 1302 24
2076 1278 2149 1302 Junii

269 1317 331 1341 12110
343 1317 551 1349 disputationem
565 1325 625 1341 cum
639 1318 740 1342 Judueo
750 1318 850 1342 Jechiel
865 1318 915 1342 ben
930 1319 1006 1342 Joset'
1018 1318 1131 1351 aliisque
1141 1319 1250 1343 Judeeis
1263 1319 1365 1344 habuit.
1383 1321 1435 1344 Iste
1450 1320 1574 1344 Nicoluus
1589 1321 1693 1352 primus
1709 1321 1767 1350 fuit,
1784 1321 1829 1354 qui
1845 1322 1967 1354 Gregorii
1983 1323 2016 1346 IX
2031 1322 2149 1346 animum

268 1361 302 1386 ed
317 1369 422 1385 errores
431 1361 459 1385 in
473 1361 542 1385 libro
557 1362 670 1386 Talmnd
684 1365 820 1386 contentos
839 1362 1035 1387 animadvertit.
1051 1377 1083 1381 -—
1102 1364 1124 1387 3.
1146 1364 1215 1392 1239,
1231 1364 1292 1388 Jun.
1309 1365 1332 1388 9.
1348 1378 1380 1382 —
1393 1365 1416 1388 4.
1434 1365 1504 1393 1239,
1519 1365 1580 1389 Jun.
1598 1366 1636 1389 20.
1652 1379 1684 1383 -
1699 1368 1721 1389 5.
1738 1365 1883 1398 Gregorius
1899 1367 1933 1390 lx
1947 1375 2000 1390 una
2015 1375 2075 1390 cum
2091 1367 2148 1391 suis

267 1406 388 1439 epistolis
404 1407 447 1432 35
460 1406 600 1431 articulos
613 1406 735 1439 (errores,
755 1407 948 1439 blasphemias,
964 1409 1025 1438 etc.)
1041 1416 1072 1431 ex
1086 1408 1155 1432 libro
1170 1408 1283 1432 Tulmud
1303 1412 1440 1441 excerptos
1463 1409 1544 1438 misit,
1563 1418 1629 1441 quos
1645 1418 1704 1433 cum
1721 1411 1911 1435 commentario
1935 1419 1966 1435 ex
1987 1419 2036 1436 ms.
2062 1412 2146 1436 Paris.

267 1459 350 1484 supra
359 1451 450 1480 allato,
466 1451 513 1475 tol.
525 1451 589 1475 211¹»
599 1459 668 1484 sqq„
681 1451 765 1475 edidit
776 1451 855 1481 Loeb,
869 1452 911 1477 La
924 1456 1100 1478 controversa
1112 1453 1146 1477 de
1160 1453 1247 1478 1240
1260 1460 1315 1478 sur
1327 1454 1352 1478 le
1367 1454 1498 1483 Talmud,
1510 1454 1537 1478 in
1551 1455 1648 1479 Revue
1657 1456 1705 1480 des
1718 1450 1824 1480 Etuaes
1834 1455 1938 1486 juives,
1954 1459 2018 1481 tom.
2031 1457 2064 1485 n,
2078 1462 2108 1480 ¹10
2122 1458 2147 1486 4,

266 1504 294 1528 p.
310 1496 356 1520 252
371 1504 445 1528 sqq.;
460 1499 480 1521 t.
496 1496 542 1525 III,
555 1500 585 1519 n⁰
599 1498 623 1525 5,
638 1505 666 1528 p.
679 1497 710 1520 39
731 1505 790 1529 sqq.
805 1497 870 1520 Vide
884 1496 994 1529 insuper
1014 1497 1077 1521 ibid.
1100 1501 1129 1521 n⁰
1144 1498 1166 1526 2,
1183 1506 1210 1530 p.
1224 1499 1269 1522 2117
1288 1507 1346 1530 sqq.
1362 1512 1390 1516 —
1405 1499 1429 1522 6.
1446 1499 1485 1522 Ct'.
1502 1499 1534 1522 de
1555 1499 1614 1531 ipso
1635 1500 1811 1524 Darmesteter
1826 1500 1852 1524 in
1870 1501 1964 1526 Revue
1983 1502 2029 1526 des
2043 1497 2145 1535 Etudes

259 1539 366 1572 Jm'ves,
384 1543 446 1564 tom.
463 1541 484 1569 1,
502 1545 532 1564 11ο
549 1541 572 1568 1,
583 1549 611 1573 p.
626 1541 672 1565 140
687 1549 745 1573 sqq.
759 1555 791 1559 —
806 1542 829 1565 7.
850 1542 888 1565 Ex
900 1541 999 1566 Ordine
1020 1542 1245 1566 Praedicatorum.
1261 1542 1326 1566 Vide
1341 1551 1424 1575 supro
1439 1543 1472 1567 ad
1487 1547 1516 1567 n⁰
1532 1544 1585 1572 108,
1602 1552 1627 1567 n.
1645 1545 1668 1568 3.
1684 1558 1712 1562 —
1728 1545 1752 1568 8.
1769 1545 1807 1568 Cf.
1825 1553 1907 1577 supra
1922 1549 1950 1568 n⁰
1965 1546 2018 1569 172.
2036 1559 2065 1564 -
2081 1546 2146 1570 Vide

266 1585 301 1609 ud
314 1585 364 1609 hoc
378 1593 460 1618 supra
472 1589 503 1609 110
517 1585 573 1610 1³1.

270 1734 379 1773 174.
402 1745 584 1771 Innocentius
595 1746 641 1772 IV
649 1745 788 1781 magistro
805 1745 955 1773 Guillelmo
970 1745 1007 1773 de
1023 1747 1128 1773 Sancto
1143 1747 1256 1782 Amore,
1270 1747 1408 1774 canonico
1423 1747 1600 1782 Belvacensi,
1619 1747 1750 1783 indulget
1765 1751 1796 1774 ut
1808 1751 1928 1784 praeter
1942 1748 2093 1776 ecclesiam
2108 1749 2145 1776 de

356 1792 483 1820 Gravilla
497 1794 611 1820 unicum
625 1794 710 1821 aliud
725 1794 902 1830 beneficium,
919 1795 1055 1822 similiter
1068 1805 1130 1822 cum
1146 1804 1217 1822 cura
1232 1797 1405 1831 animarum,
1424 1796 1520 1823 valeat
1534 1797 1666 1824 retinere.

1466 1886 1542 1917 1247,
1558 1886 1668 1920 Augusti
1678 1888 1724 1917 22.
1740 1887 1856 1920 Lugduni.

352 1958 529 2004 Magistro
548 1958 745 1995 Willermo
767 1959 812 1993 de
834 1960 964 1993 Sancto
987 1960 1123 1993 Amore
1144 1960 1320 1994 canonico
1345 1960 1572 1995 Belvacensi.
1595 1961 1652 1995 Ad
1672 1962 1871 1995 faciendam
1899 1962 1964 1996 tibi
1989 1963 2139 2009 gratiam

262 2023 457 2070 specialem
487 2024 611 2059 dilecti
638 2025 745 2059 filii..
763 2025 870 2060 electi
899 2026 1207 2060 Tarantasiensis¹
1240 2033 1276 2060 et
1302 2026 1438 2061 nobilis
1466 2027 1534 2062 viri
1559 2027 1698 2062 Thome
1719 2028 1764 2062 de
1791 2028 1971 2062 Sobaudia
1997 2029 2141 2063 comitis

262 2089 460 2124 affectuose
488 2102 555 2137 pro
584 2098 618 2125 te
648 2091 756 2126 nobis
785 2099 951 2138 porrecta
981 2093 1182 2139 rogamina,
1214 2105 1280 2127 nec
1308 2105 1382 2127 non
1406 2100 1442 2127 et
1469 2100 1527 2127 tua
1549 2095 1675 2128 merita
1701 2094 1893 2140 probitatis
1918 2096 2140 2142 propensius

262 2167 331 2190 nos
357 2156 546 2191 inducunt.
571 2157 813 2192 Attendentes
837 2158 950 2204 igitur
976 2158 1158 2193 laudabile
1184 2160 1433 2194 testimonium
1462 2160 1560 2206 quod
1586 2160 1651 2194 tibi
1675 2161 1720 2194 de
1746 2161 1946 2195 litterarum
1973 2162 2138 2204 scientia,

261 2222 334 2256 vite
358 2222 548 2257 honestate
576 2236 616 2258 ac
646 2223 754 2258 bonis
782 2225 946 2259 moribus
975 2225 1202 2272 perhibetur,
1231 2239 1271 2260 ac
1299 2239 1364 2273 per
1392 2226 1461 2261 hoc
1487 2234 1521 2261 te
1546 2227 1779 2261 intendentes
1805 2229 1979 2274 prosequi
2004 2229 2138 2262 favoris

261 2289 491 2336 prerogativa
515 2290 630 2336 gratie
653 2290 854 2337 amplioris,
876 2298 916 2326 ut
938 2299 1060 2338 preter
1085 2292 1275 2326 ecclesiam
1303 2293 1348 2327 de
1373 2293 1552 2327 Gravilla²
1571 2306 1693 2327 curam
1719 2294 1918 2328 animarum
1945 2294 2136 2328 habentem

261 2367 367 2401 quam
393 2355 538 2391 obtines
564 2357 711 2390 unicum
739 2357 957 2392 beneficium
985 2358 1272 2393 ecclesiasticum
1301 2359 1358 2394 vel
1382 2366 1615 2405 personatum
1642 2372 1707 2394 seu
1728 2360 1955 2406 dignitatem,
1977 2361 2083 2395 etiam
2105 2362 2135 2395 si

261 2421 416 2456 similem
445 2435 566 2457 curam
594 2422 736 2466 habeat,
764 2424 796 2458 si
824 2424 888 2458 tibi
915 2425 1089 2459 canonice
1119 2425 1303 2468 offeratur,
1332 2425 1448 2460 libere
1476 2426 1639 2472 recipere
1668 2439 1708 2460 ac
1737 2439 1818 2460 cum
1849 2427 2008 2461 obtentis
2038 2427 2136 2462 licite

260 2489 418 2523 retinere
445 2489 565 2523 valeas
594 2490 854 2525 constitutione
881 2491 1066 2538 generalis
1095 2491 1251 2527 Concilii
1282 2504 1355 2526 non
1385 2492 1552 2526 obstante
1581 2493 1793 2527 auctoritate
1819 2493 1884 2527 tibi
1910 2494 2134 2540 presentium

259 2555 507 2602 indulgemus.
539 2557 690 2591 Proviso
718 2563 757 2591 ut
785 2557 910 2592 eadem
943 2557 1133 2601 beneficia,
1161 2564 1225 2594 etc.
1259 2570 1364 2605 usque
1393 2559 1613 2605 negligatur.
1644 2559 1742 2594 Nulli
1772 2572 1876 2606 ergo,
1900 2566 1980 2604 etc.‚
2010 2568 2134 2595 nostre

259 2623 524 2666 concessionis,
545 2629 609 2659 etc.
638 2624 674 2658 Si
695 2624 778 2670 quis
798 2631 932 2667 autem,
951 2631 1016 2660 etc.
1041 2627 1118 2660 Dat.
1140 2626 1310 2672 Lugduni
1331 2627 1364 2671 xj
1387 2625 1456 2660 kal.
1480 2626 1719 2672 Septembris,
1741 2639 1836 2661 anno
1857 2628 1999 2674 quinto.

352 2722 415 2755 Reg.
431 2721 488 2746 vat.
505 2722 649 2747 Innocentii
664 2722 698 2747 IV
713 2730 755 2747 an.
772 2725 796 2752 5,
811 2731 852 2756 ep.
871 2723 925 2753 139,
942 2723 986 2748 sol.
1002 2724 1057 2748 454.

352 2806 374 2830 1.
390 2806 495 2831 liudolfi
505 2806 607 2832 Groui.
624 2809 780 2832 Anteceuor
794 2807 851 2840 eju·
867 2808 1010 2833 uertuinus
1027 2808 1134 2833 minime
1148 2818 1190 2833 nn.
1208 2810 1277 2839 1248,
1294 2810 1340 2834 sed
1355 2813 1431 2834 antee
1447 2810 1521 2835 obiit.
1538 2824 1568 2828 —
1583 2811 1605 2835 2.
1622 2811 1685 2843 aeg.
1703 2819 1709 2835 ι
1730 2820 1742 2835 a
1757 2810 1891 2836 Gai-ovilla
1908 2819 1930 2836 1).
