2580 3528
268 416 366 456 1222]
610 424 657 446 AB
690 423 797 445 ANNo
831 422 910 446 nce
943 423 1075 452 usqua
1110 422 1159 445 An
1193 423 1423 445 PlttLlPPUM
1460 424 1499 445 ιν
1534 424 1622 446 nec..
1661 424 1797 446 rame.
2082 415 2145 448 103

265 499 380 545 ipsam
401 499 439 532 in
460 497 606 544 propria
626 508 783 543 persona
802 496 949 530 volebat
966 508 974 529 z
995 496 1139 530 tandem
1161 503 1371 542 expectatus
1393 496 1531 530 diutius
1552 509 1624 530 non
1645 497 1812 538 accessit,
1834 498 1891 530 cui
1913 510 1981 530 nos
2001 498 2143 531 deferre

264 565 431 600 volentes
464 564 650 598 noluimus
684 563 766 609 ipso
802 563 953 597 absente
983 563 1021 596 in
1048 563 1197 608 negotio
1230 562 1364 596 habere
1395 575 1628 608 processum,
1660 564 1778 609 ipsum
1809 563 1878 596 sul)
1906 571 2002 597 certa
2030 565 2143 598 forma

264 631 465 666 venerabili
486 631 586 664 fratri
607 637 733 664 nostro
753 657 774 663 ..
793 630 1064 664 Cenomanensi
1081 630 1256 675 episcopo
1277 637 1313 663 et
1333 630 1411 663 suis
1431 629 1689 675 conjudicibus
1709 630 1991 663 committentes.
2007 632 2141 664 Verum

267 699 351 745 quia
370 699 408 732 in
428 698 702 732 universitatem
723 697 980 743 magistrorum
1003 703 1038 730 et
1058 696 1252 730 scolarium
1270 697 1477 742 generales,
1494 698 1531 730 in
1551 697 1728 742 quosdam
1749 709 1836 730 vero
1857 697 2020 742 ipsorum
2042 710 2146 731 occa—

267 766 371 800 sione
400 765 510 811 hujus
540 764 685 798 discidii
715 763 906 809 speciales,
942 764 1328 797 excommunicationis
1358 764 1496 809 prolate
1530 764 1711 797 sententie
1746 763 1972 805 dicebantur,
2009 777 2076 798 nos
2108 765 2143 798 in

264 832 428 878 predicto
444 831 593 878 negotio
610 831 655 864 de
672 830 900 877 providentia
917 842 1021 876 quam
1040 831 1153 876 exigit
1169 831 1411 876 procedentes
1428 843 1488 864 eas
1505 843 1634 864 omnes
1650 831 1890 864 relaxavimus
1906 831 1950 864 ad
1967 831 2140 865 cautelam

263 906 299 933 et
317 899 566 933 revocavimus
587 898 623 931 in
644 898 800 938 irritum,
822 897 1010 943 quicquid,
1033 904 1223 943 postquam
1248 898 1375 943 prefati
1401 898 1565 944 magistri
1587 905 1623 931 et
1641 898 1802 932 scolares
1824 898 1892 931 iter
1910 899 2139 944 arripuerunt

262 966 307 1000 ad
332 965 457 1000 sedem
487 964 722 1011 apostolicam
752 964 938 1006 veniendi,
970 971 1026 998 est
1053 964 1098 998 ab
1126 965 1314 1010 episcopo,
1342 964 1559 998 cancellario
1590 972 1626 998 et
1653 965 1797 998 officiali
1830 965 2005 1010 predictis
2036 965 2094 999 vel
2123 978 2141 999 a

263 1044 445 1079 quoquam
466 1032 630 1078 ipsorum
650 1031 798 1065 nomine
818 1031 1042 1073 innovatum,
1063 1031 1230 1065 volentes
1251 1038 1291 1065 ut
1310 1032 1455 1065 interim
1477 1032 1641 1077 magistri
1663 1032 1699 1065 in
1721 1044 1785 1065 sua
1807 1032 1968 1078 plenaria
1994 1044 2142 1078 posses-

263 1100 367 1133 sione
395 1099 454 1133 vel
487 1099 591 1144 quasi
621 1105 826 1140 serventur,
855 1110 921 1131 nec
954 1098 1149 1132 innovetur
1179 1098 1317 1144 aliquid
1349 1098 1393 1132 ab
1423 1099 1576 1132 eisdem.
1613 1100 1693 1132 Non
1727 1099 1914 1144 capiantur
1948 1099 2140 1132 occasione

263 1166 555 1212 delinquentium
585 1166 815 1207 innocentes,
848 1172 904 1198 set
933 1165 963 1198 si
995 1172 1120 1199 contra
1152 1165 1309 1211 aliquem
1343 1166 1505 1212 suspicio
1535 1165 1711 1200 habeatur
1740 1165 1956 1212 probabilis,
1986 1166 2139 1199 honeste

262 1233 434 1267 detentus
453 1233 621 1266 cautione
642 1232 791 1278 prestita
819 1232 1032 1274 dimittatur,
1054 1244 1121 1265 nec
1145 1233 1342 1278 episcopus
1365 1239 1426 1266 aut
1445 1233 1610 1266 officialis
1631 1233 1748 1278 ipsius
1770 1233 1890 1266 medio
1910 1240 2074 1278 tempore
2095 1233 2139 1266 ad

262 1300 424 1333 defuncti
454 1299 606 1344 scolaris
635 1298 730 1332 bona
762 1311 889 1332 manus
920 1299 1101 1341 extendat,
1129 1311 1248 1344 neque
1276 1300 1430 1345 predicti
1457 1300 1654 1346 episcopus
1682 1306 1717 1333 et
1743 1300 1907 1333 officialis
1935 1312 1974 1333 ac
1997 1300 2139 1334 cancel-

263 1367 374 1400 larius
394 1379 412 1400 a
433 1366 664 1399 licentiandis
688 1367 935 1410 juramentum
961 1373 1021 1399 aut
1045 1365 1290 1399 obedientiam
1317 1367 1464 1412 exigant
1487 1367 1544 1400 vel
1569 1367 1672 1400 aliam
1695 1367 1914 1408 cautionem,
1936 1367 2053 1400 donce
2075 1379 2139 1412 per

262 1449 330 1471 nos
356 1437 544 1484 negotium
574 1437 801 1470 terminetur.
837 1437 1062 1470 Demoliatur
1091 1438 1234 1483 precise
1261 1450 1384 1471 carcer
1404 1450 1422 1471 a
1449 1438 1665 1471 cancellario
1692 1438 1771 1483 ipso
1798 1445 2044 1479 constructus,
2071 1450 2137 1472 nec

260 1504 417 1550 aliquem
451 1503 692 1537 incarcerabit
721 1503 962 1537 cancellarius
994 1511 1229 1546 memoratus,
1264 1511 1321 1538 set
1349 1505 1546 1550 episcopus
1582 1505 1612 1538 si
1643 1505 1928 1538 incarceratione
1959 1517 2053 1550 opus
2082 1513 2139 1538 est

260 1570 478 1617 culpabilem
505 1570 660 1604 honeste
685 1571 722 1603 in
751 1582 896 1604 carcere
924 1570 1113 1604 detinebit.
1138 1571 1285 1604 Interim
1314 1584 1460 1617 quoquc
1486 1584 1552 1605 nec
1576 1572 1773 1617 episcopus
1798 1584 1864 1604 nec
1886 1571 2050 1605 officialis
2071 1583 2138 1604 nec

259 1637 500 1672 cancellarius
527 1637 771 1683 pecuniariam
798 1649 926 1683 penam
948 1650 966 1671 a
988 1638 1173 1684 magistris
1198 1638 1257 1672 vel
1284 1638 1488 1672 scolaribus
1514 1639 1636 1684 exiget
1660 1651 1726 1684 pro
1752 1638 2138 1671 excommunicationis

260 1693 516 1746 emendasnec
538 1704 734 1750 episcopus
755 1711 791 1738 et
810 1703 975 1738 officialis
996 1717 1035 1738 ac
1057 1705 1298 1738 cancellarius
1318 1705 1507 1738 memorati
1529 1705 1735 1738 licentiatos
1755 1705 1799 1738 ab
1816 1732 1837 1738 ..
1859 1704 1988 1738 abbate
2010 1706 2138 1738 Sancte

261 1771 449 1806 Genovel'e
470 1771 559 1817 quin
587 1770 651 1804 ubi
671 1771 932 1805 consueverint
956 1771 1072 1805 libere
1094 1772 1256 1818 incipere
1279 1772 1421 1806 valeant
1442 1772 1586 1806 interim
1607 1772 1865 1806 molestabunt.
1889 1772 2138 1807 Cancellarius

260 1845 426 1885 preterea
455 1837 576 1871 medio
606 1844 768 1884 tempore
798 1838 842 1871 ad
870 1839 1071 1884 regendum
1103 1839 1139 1872 in
1169 1839 1288 1885 aliqua
1318 1839 1485 1873 facultate
1519 1839 1676 1885 aliquem
1708 1851 1780 1872 non
1811 1839 1988 1879 admittet,
2019 1839 2090 1873 nisi
2121 1852 2138 1873 a

261 1905 435 1952 magistro
452 1905 601 1951 proprio
622 1917 702 1938 cum
723 1905 980 1951 magistrorum
1002 1906 1045 1939 ad
1067 1906 1135 1939 hoc
1151 1919 1169 1940 a
1187 1907 1372 1952 magistris
1390 1906 1588 1940 electorum
1610 1907 1835 1948 testimonio,
1853 1907 1914 1952 qui
1936 1907 2137 1952 presentari

260 1971 388 2014 soleat,
409 1978 671 2018 presentatum,
693 1978 729 2005 et
753 1971 872 2006 taliter
896 1979 1106 2019 presentato
1133 1973 1215 2017 (nisi
1237 1974 1475 2014 examinatus,
1497 1974 1528 2006 si
1550 1974 1745 2007 examinari
1771 1973 1888 2007 soleat
1908 1986 1973 2019 per
1997 1973 2139 2007 cancel-

259 2039 402 2081 larium,
420 2038 647 2072 insufficiens
663 2046 831 2085 repertus
851 2040 971 2084 suerit)
992 2039 1036 2073 ab
1058 2040 1186 2074 eodem
1204 2040 1421 2074 cancellario
1438 2041 1583 2074 lieentia
1600 2041 1836 2080 concedetur,
1859 2053 1926 2074 nec
1942 2041 2139 2086 episcopus

260 2117 327 2140 nec
353 2105 486 2151 aliquis
513 2117 557 2139 ex
583 2112 683 2151 parte
711 2106 828 2152 ipsius
856 2106 932 2140 ullo
960 2107 1068 2140 modo
1090 2107 1126 2140 in
1149 2108 1422 2141 universitatem
1449 2108 1611 2153 ipsorum
1640 2115 1696 2141 set
1715 2120 1781 2141 ncc
1804 2108 1841 2141 in
1865 2119 1990 2141 eorum
2013 2120 2139 2153 quem—

260 2172 353 2218 piam
375 2172 519 2206 interim
541 2172 612 2206 nisi
634 2184 699 2218 pro
723 2173 802 2218 ejus
828 2174 977 2219 proprio
1003 2174 1156 2207 crimine
1175 2174 1234 2208 vel
1257 2175 1482 2208 contumacia
1505 2175 1694 2208 manifesta
1716 2181 1752 2208 et
1772 2175 1808 2207 in
1830 2174 1898 2208 alia
1919 2186 2041 2216 causa,
2068 2186 2138 2219 que

259 2238 470 2284 hujusmodi
494 2239 681 2285 negotium
707 2251 780 2273 non
805 2241 1004 2286 contingat,
1030 2242 1417 2275 excommunicationis
1446 2242 1662 2275 sententiam
1686 2242 1858 2287 proferat,
1882 2253 1952 2286 que
1983 2241 2081 2274 nulla
2109 2241 2138 2274 si

260 2317 368 2339 secus
384 2304 522 2351 prolata
540 2305 651 2339 suerit
670 2305 855 2340 habeatur.
878 2307 935 2340 Ad
955 2307 1035 2349 hec,
1058 2308 1174 2341 donec
1196 2308 1291 2342 idem
1314 2309 1510 2354 episcopus
1531 2308 1573 2341 ad
1596 2308 1815 2354 presentiam
1839 2314 1999 2341 nostram
2019 2307 2138 2341 veniat

259 2371 317 2406 vel
338 2371 578 2405 sufficientem
604 2384 669 2417 pro
690 2383 730 2406 se
750 2380 1022 2418 procuratorem
1050 2375 1268 2408 transmittat
1288 2375 1325 2408 in
1346 2375 1501 2408 termino
1527 2374 1597 2408 sibi
1620 2381 1655 2408 et
1675 2374 1778 2408 alteri
1803 2374 1892 2419 parti
1915 2387 1933 2407 a
1949 2373 2139 2419 judicibus

260 2438 496 2484 assignando,
526 2450 616 2471 usus
641 2438 755 2485 sigilli
786 2440 979 2474 scolarium
1007 2447 1237 2486 preterquam
1272 2442 1308 2474 in
1338 2441 1424 2483 hiis,
1457 2453 1527 2487 que
1556 2441 1599 2474 ad
1626 2441 1782 2474 officium
1810 2441 2077 2486 procurationis
2103 2441 2139 2473 in

260 2505 325 2539 hac
359 2517 467 2539 causa
496 2505 696 2551 pertinent,
730 2507 987 2552 suspendatur.
1027 2509 1107 2541 Non
1136 2508 1343 2542 indicantur
1377 2508 1497 2542 medio
1533 2515 1696 2554 tempore
1731 2508 1958 2541 cessationes
1993 2507 2138 2553 publice

260 2578 385 2606 contra
406 2572 619 2618 episcopum
635 2579 697 2606 aut
715 2573 985 2616 cancellarium,
1011 2575 1183 2620 quamdiu
1214 2587 1333 2608 coram
1361 2574 1466 2608 vobis
1490 2575 1565 2620 juri
1590 2581 1697 2608 erunt
1723 2581 1818 2608 stare
1844 2575 1970 2620 parati,
1997 2574 2068 2608 nisi
2094 2574 2138 2607 ab

260 2639 434 2685 episcopo
471 2645 532 2672 aut
568 2639 784 2674 cancellario
820 2640 878 2674 vel
922 2641 1065 2675 officiali
1102 2642 1211 2675 fucrit
1247 2648 1371 2675 contra
1411 2641 1591 2688 prohibita
1635 2642 1826 2675 manifeste
1871 2647 2136 2687 presumptum.

261 2705 426 2752 Magistri
454 2706 559 2740 etiam
581 2719 599 2739 a
620 2707 795 2752 magistro
821 2707 879 2742 vel
907 2708 1038 2742 scolari
1061 2721 1187 2755 penam
1216 2709 1460 2755 pecuniariam
1490 2721 1555 2754 per
1575 2715 1718 2754 tempus
1745 2720 1818 2742 non
1839 2708 1988 2754 exigent
2011 2720 2138 2753 supra—

261 2771 411 2815 dictum,
428 2784 495 2806 nec
515 2772 676 2807 scolares
696 2773 840 2808 interim
863 2775 1065 2809 secundum
1087 2775 1254 2809 nationes
1275 2788 1360 2809 suas
1381 2775 1452 2808 sibi
1473 2787 1689 2821 quemquam
1712 2775 1902 2821 prcficient
1921 2775 1964 2808 ad
1986 2775 2138 2820 injurias

262 2838 506 2882 ulciscendas,
527 2839 589 2886 qui
614 2840 719 2874 etiam
745 2853 842 2875 arma
868 2853 941 2875 non
967 2849 1125 2888 portent,
1148 2843 1218 2876 nisi
1241 2842 1288 2876 ob
1310 2842 1455 2876 tutelam
1478 2843 1535 2876 sui
1556 2854 1599 2876 ex
1619 2854 1726 2876 causa
1747 2842 1952 2875 necessaria
1978 2841 2138 2887 compel-

262 2904 394 2948 lantur,
416 2918 482 2940 nec
503 2905 719 2952 prohibeant
740 2908 903 2954 magistri
925 2909 1143 2951 scolaribus,
1166 2922 1211 2943 ne
1231 2910 1404 2943 accedant
1423 2909 1518 2955 apud
1541 2910 1708 2943 Sanctum
1726 2909 1909 2943 Victorem
1931 2909 1975 2942 ad
1995 2908 2139 2941 conses-

262 2971 403 3006 sionem
423 2972 481 3007 vel
507 2973 679 3019 exequias
700 2981 941 3015 mortuorum,
963 2982 998 3010 et
1024 2975 1068 3010 ab
1094 2976 1148 3009 cis
1169 2977 1200 3009 si
1228 2977 1316 3010 sacta
1344 2977 1454 3010 suerit
1478 2976 1687 3022 hujusmodi
1714 2975 1912 3021 prohibitio
1934 2981 2135 3008 revocetur.
