2580 3528
478 395 543 428 278
1059 403 1376 426 GHARTULAMUM
1412 402 1602 424 UNIVERS.
1641 401 1768 423 rmus.
2251 394 2351 434 [1255

479 478 692 524 periculum,
719 479 815 523 quod
842 478 878 510 in
904 477 1069 510 facultate
1096 483 1217 510 nostra
1246 471 1481 517 imminebat,
1498 475 1680 520 magistris
1707 474 1890 520 aliquibus
1915 474 2094 510 lectiones
2119 488 2204 511 suas
2227 478 2350 511 termi-

477 557 562 578 nare
588 544 857 586 festinantibus,
884 551 1072 588 antequam
1103 543 1276 575 librorum
1300 542 1479 587 quantitas
1506 548 1542 574 et
1564 541 1757 575 difficultas
1778 541 1995 586 requireret,
2023 549 2172 589 propter
2192 543 2290 589 quod
2315 550 2351 578 et

477 611 640 657 magistri
660 611 831 656 legendo,
849 618 882 643 et
904 610 1064 643 scolares
1085 610 1120 642 in
1142 609 1337 649 audiendo,
1356 609 1476 640 minus
1497 607 1747 652 proficiebant,
1770 619 1882 653 super
1902 608 2005 643 ruina
2026 616 2150 646 nostre
2171 610 2349 644 facultatis

476 678 674 719 anxiantes,
698 684 733 710 et
752 677 859 710 statui
885 683 1010 709 nostro
1035 687 1228 720 precavere
1249 674 1428 714 volentes,
1451 686 1516 719 pro
1538 674 1721 707 communi
1742 673 1896 709 utilitate
1917 681 1953 708 et
1973 675 2084 709 studii
2109 677 2226 712 nostri
2246 688 2350 723 repa-

477 745 614 777 ratione
635 744 678 777 ad
703 743 877 776 honorem
907 743 972 775 Dei
1001 749 1034 775 et
1062 741 1279 774 universalis
1308 740 1463 774 ecclesie
1485 740 1677 773 statuimus
1698 747 1734 774 et
1754 741 2017 782 ordinavimus,
2044 743 2142 787 quod
2168 755 2295 778 omnes
2314 750 2350 778 et

477 810 612 856 singuli
643 810 805 855 magistri
836 815 958 842 nostre
986 808 1163 841 facultatis
1191 808 1429 852 imposterum
1458 806 1587 848 libros,
1617 819 1710 852 quos
1731 807 1768 840 in
1788 807 1882 841 sesto
1908 807 2003 841 beati
2025 809 2181 855 Remigii
2202 810 2348 856 incepe-

475 877 558 917 rint,
581 875 804 921 temporibus
826 875 977 907 inferius
998 874 1178 907 annotatis
1194 873 1400 914 absolvere,
1422 885 1496 906 non
1516 880 1611 915 ante,
1634 876 1853 908 teneantur¹.

569 944 723 976 Veterem
753 942 918 986 logicam,
943 940 1112 974 videlicet
1146 940 1278 974 librum
1312 940 1502 985 Porfir·z'1'²,
1529 939 1894 985 predicamentorum,
1926 943 2219 987 peri'armenz'as',
2253 942 2348 979 divi·-

471 1014 607 1046 sionum
634 1019 668 1045 et
693 1012 914 1056 thopz'corum
942 1011 1079 1051 Boecii7
1111 1017 1261 1055 excepto
1290 1017 1431 1055 quarto,
1460 1011 1496 1044 in
1522 1011 1615 1044 festo
1640 1011 1946 1046 Annunciationis
1972 1013 2076 1047 beate
2100 1014 2266 1059 Virginis
2285 1014 2347 1051 vol

472 1079 594 1111 ultima
616 1079 674 1111 die
696 1077 836 1123 legibili
858 1077 1093 1122 p1¹ecedent03
1116 1077 1346 1110 Priscianum
1363 1077 1535 1112 minorem
1552 1083 1588 1111 et
1607 1080 1810 1123 maJ'orem⁴,
1828 1079 1946 1123 topica
1967 1086 2002 1113 et
2021 1079 2188 1122 elenchos,
2212 1081 2347 1125 priora

472 1152 508 1177 et
526 1145 751 1189 posteriora⁵
772 1144 868 1176 dicto
895 1150 1056 1188 tempore
1078 1143 1134 1176 vel
1155 1142 1274 1188 equali
1296 1143 1490 1177 terminare
1512 1151 1714 1178 teneantur.
1735 1145 1904 1179 Ethicas⁶
1925 1153 2097 1191 quantum
2123 1146 2167 1180 ad
2193 1153 2347 1192 quatuor

472 1211 585 1244 libros
612 1211 648 1243 in
674 1211 720 1255 xij
750 1210 974 1255 septimanis,
1003 1210 1034 1242 si
1058 1222 1140 1255 cum
1165 1209 1235 1242 alio
1261 1209 1447 1255 legantur3
1475 1211 1506 1244 si
1528 1223 1593 1256 per
1613 1223 1652 1244 se
1675 1223 1748 1245 non
1773 1224 1854 1244 cum
1878 1212 1961 1254 alio,
1985 1213 2022 1247 in
2042 1213 2235 1249 medietate
2260 1220 2346 1249 tem-

472 1279 582 1323 poris.
605 1279 695 1310 Tres
717 1289 846 1322 parvos
875 1276 1002 1317 libros,
1023 1276 1194 1310 videlicet
1219 1288 1282 1311 sex
1301 1277 1520 1322 princt'piffl,
1544 1278 1836 1317 barbarismqu
1860 1279 2090 1316 Priscianum
2112 1279 2157 1313 de
2177 1286 2343 1322 accentu,

469 1346 501 1378 si
537 1344 644 1378 simul
679 1344 847 1389 legantur
876 1350 912 1376 et
941 1343 1059 1376 solum
1094 1343 1130 1375 in
1161 1355 1225 1376 sex
1255 1343 1479 1389 septimanis.
1520 1344 1712 1390 Physicam
1748 1345 1976 1387 Aristotelis,
2012 1347 2276 1391 metapbisicam
2310 1353 2347 1381 et

471 1412 602 1444 librum
622 1411 664 1445 de
678 1410 892 1444 animalibus
908 1411 943 1442 in
965 1411 1057 1443 festo
1074 1410 1189 1443 sancti
1205 1410 1381 1445 Johannis
1398 1411 1576 1456 Baptiste3
1595 1410 1728 1445 librum
1744 1411 1812 1446 celi
1826 1417 1860 1446 et
1880 1412 2015 1453 mundi,
2033 1412 2167 1447 librum
2187 1413 2344 1460 primum

467 1479 682 1512 metlzeorum
710 1490 789 1510 cum
821 1484 947 1521 quarto
979 1477 1014 1509 in
1044 1477 1288 1517 Ascensione3
1321 1477 1454 1510 librum
1484 1476 1527 1512 de
1550 1478 1683 1519 anima,
1714 1479 1745 1511 si
1770 1491 1851 1512 eum
1878 1479 2103 1514 naturalibus
2130 1480 2286 1526 legatur,
2306 1480 2344 1514 in

470 1546 562 1578 sesto
596 1544 846 1584 Ascensionis,
883 1544 913 1576 si
948 1550 1065 1576 autem
1102 1555 1182 1576 eum
1217 1543 1448 1594 logicalibus,
1481 1544 1517 1577 in
1552 1544 1646 1577 sesto
1681 1545 1986 1579 Annuneiationis
2020 1545 2124 1579 beate
2157 1546 2342 1593 Virginis;

469 1611 601 1644 librum
622 1610 664 1645 de
685 1611 914 1656 generatione
944 1610 980 1642 in
1006 1609 1176 1643 cathedra
1203 1610 1318 1644 sancti
1343 1611 1457 1651 Petri;
1490 1610 1622 1645 librum
1649 1610 1692 1646 de
1716 1612 1848 1646 causis⁹
1880 1612 1917 1647 in
1944 1619 2083 1658 septem
2109 1613 2342 1658 septimanis;

470 1678 601 1711 librum
620 1677 677 1711 ‘de
702 1689 802 1711 sensu
830 1683 863 1710 et
891 1682 1028 1710 sensato
1058 1677 1095 1709 in
1125 1688 1189 1710 sex
1224 1677 1454 1722 septimanis3
1491 1676 1624 1710 librum
1660 1677 1702 1711 de
1730 1689 1874 1723 sompno
1899 1684 1933 1712 et
1956 1679 2088 1724 vigilia
2114 1679 2152 1712 in
2182 1680 2343 1725 quinque

469 1745 696 1790 septimani&
726 1744 857 1776 librum
884 1743 926 1777 de
943 1743 1084 1788 plantis
1109 1744 1146 1776 in
1167 1743 1329 1788 quinque
1355 1744 1585 1789 septimanis;
1618 1743 1751 1778 librum
1772 1744 1815 1779 de
1835 1746 2006 1780 memoria
2026 1751 2060 1780 et
2080 1746 2344 1784 reminiscentia

468 1813 504 1845 in
541 1811 680 1845 duabus
720 1810 948 1858 septimanis3
990 1809 1122 1843 librum
1156 1809 1198 1844 cle
1226 1809 1435 1855 differentia
1463 1811 1620 1855 spiritus
1648 1816 1682 1844 et
1706 1811 1850 1845 anime¹⁰
1876 1812 1912 1844 in
1941 1812 2082 1845 duabus
2109 1813 2340 1858 septimanis3

467 1879 598 1911 librum
628 1877 670 1912 cle
696 1883 809 1911 morte
838 1882 870 1911 et
899 1878 974 1911 vita
1005 1879 1041 1910 in
1072 1889 1141 1910 una
1171 1877 1383 1922 septimana.
1419 1877 1455 1910 Si
1483 1884 1600 1910 autem
1629 1877 1699 1911 alio
1727 1884 1891 1924 tempore
1921 1891 2027 1923 quam
2048 1879 2086 1912 in
2112 1879 2205 1914 festo
2227 1879 2342 1915 sancti

469 1945 623 1991 Remigii
654 1945 815 1989 magistri
853 1944 1036 1989 predictos
1071 1943 1186 1976 libros
1217 1943 1434 1989 inceperint,
1468 1944 1691 1977 tantumdem
1727 1945 1902 1990 temporis
1928 1945 1965 1978 in
1995 1945 2154 1991 legendo
2192 1946 2341 1979 eosdem

464 2018 661 2057 apponent,
699 2017 870 2055 quantmn
906 2010 1044 2044 lecture
1086 2022 1211 2043 eorum
1249 2011 1420 2055 superius
1455 2017 1510 2044 est
1542 2017 1710 2044 taxatum.
1747 2010 1910 2054 Quilibet
1945 2018 2063 2045 autem
2095 2012 2342 2057 predictorum

465 2079 498 2111 si
521 2090 584 2124 per
604 2090 643 2111 se
663 2077 816 2122 legatur,
848 2089 919 2110 non
946 2090 1025 2110 cum
1055 2077 1139 2119 alio,
1162 2077 1296 2122 poterit
1315 2077 1412 2110 finiri
1434 2077 1471 2109 in
1492 2077 1684 2110 medietate
1707 2078 1882 2123 temporis
1904 2090 1969 2111 sue
1995 2078 2132 2111 lecture
2153 2079 2339 2124 pretaxati.

468 2147 507 2178 In
534 2145 663 2177 minori
693 2151 809 2177 autem
842 2156 913 2176 non
943 2143 1068 2176 licebit
1099 2144 1266 2188 cuiquam
1297 2143 1482 2188 predictos
1513 2143 1628 2176 libros
1660 2144 1866 2177 terminare.
1900 2144 1986 2178 Plus
2016 2151 2135 2178 tamen
2166 2145 2340 2191 temporis

466 2211 589 2245 licebit
614 2211 779 2255 cuiquam
805 2222 999 2255 apponere.
1025 2211 1060 2243 Si
1081 2217 1198 2243 autem
1227 2210 1358 2255 aliquis
1384 2210 1539 2255 aliquam
1566 2217 1702 2255 partem
1728 2210 1882 2255 alicujus
1902 2210 1986 2244 libri
2007 2211 2151 2257 legerit,
2173 2212 2220 2244 ita
2242 2212 2340 2257 quod

465 2286 577 2312 totum
601 2278 792 2311 terminare
815 2277 973 2310 noluerit
993 2284 1053 2309 aut
1073 2289 1146 2309 non
1167 2277 1296 2322 possit,
1319 2277 1417 2322 legat
1436 2277 1473 2309 in
1495 2277 1663 2322 portione
1681 2278 1856 2322 temporis
1876 2278 2081 2322 portionem
2101 2278 2185 2311 libri
2202 2278 2339 2312 contin·

466 2352 585 2390 gente.
615 2345 651 2377 Si
676 2356 762 2378 vero
784 2343 1026 2376 bachellarius
1047 2344 1138 2376 infra
1159 2344 1290 2376 festum
1311 2343 1407 2378 beati
1433 2343 1625 2389 Dyonisii¹¹
1647 2344 1836 2389 inceperit,
1859 2343 1966 2378 liceat
1985 2344 2018 2378 ei
2039 2356 2124 2378 suas
2144 2345 2339 2381 terminare

464 2412 639 2444 lectiones
660 2423 740 2443 cum
763 2409 1034 2443 resumentibus
1056 2410 1093 2442 in
1113 2410 1206 2443 sesto
1228 2409 1323 2443 beati
1345 2410 1514 2455 Remigii.

552 2477 772 2522 incipientes
802 2483 919 2509 autem
948 2483 1030 2521 post
1057 2477 1189 2509 festum
1217 2476 1312 2509 beati
1341 2476 1506 2521 Dyonisii
1532 2483 1631 2510 tanto
1657 2477 1842 2522 posterius
1868 2477 1949 2510 aliis
1970 2489 2057 2510 suos
2082 2477 2198 2511 libros
2218 2478 2337 2511 termi-

465 2551 566 2585 nent,
598 2550 730 2588 quanto
762 2543 898 2576 tardius
933 2543 1012 2575 aliis
1049 2536 1263 2588 inceperint.
1297 2543 1560 2588 Unusquisque
1595 2542 1689 2576 bona
1719 2543 1790 2579 fide
1826 2544 2027 2577 secundum
2060 2555 2161 2581 suam
2193 2544 2337 2579 estima-

464 2611 596 2643 tionem
628 2609 915 2654 proportienabit
949 2609 1125 2642 librorum
1160 2621 1308 2642 suorum
1345 2609 1549 2654 portionem
1585 2609 1786 2642 secundum
1822 2610 2026 2655 portionem
2061 2610 2236 2655 temporis
2270 2621 2335 2643 sue

465 2677 599 2708 lecture
635 2675 768 2708 statuti.
806 2676 959 2719 Insuper
990 2675 1080 2708 nu-lli
1110 2675 1217 2708 liceat
1245 2675 1370 2720 legere
1400 2675 1578 2708 lectiones
1608 2675 1812 2709 ordinarias
1841 2676 1966 2721 plures
1994 2675 2148 2717 duabus,
2180 2688 2247 2709 nec
2275 2688 2336 2710 eas

464 2741 764 2775 extraordinarias
786 2742 914 2781 facere,
938 2753 1004 2773 nee
1034 2753 1094 2774 eas
1126 2742 1196 2774 nisi
1222 2741 1311 2774 hora
1337 2741 1520 2774 ordinaria
1546 2748 1580 2774 et
1605 2742 1642 2774 in
1669 2741 1793 2774 habitu
1815 2742 2000 2775 ordinario
2021 2742 2157 2787 legere.
2186 2742 2218 2775 A
2241 2743 2335 2776 festo

463 2813 579 2841 autem
615 2807 710 2839 beati
740 2807 914 2840 Johannis
945 2808 1103 2852 Baptiste
1138 2820 1254 2853 usque
1292 2808 1336 2840 ad
1369 2808 1499 2841 festum
1535 2807 1630 2841 beati
1660 2808 1815 2853 Remigii
1850 2807 2004 2853 quilibet
2037 2820 2122 2841 suas
2157 2808 2334 2842 lectiones

461 2874 617 2915 ordinet,
648 2879 756 2918 prout
785 2873 914 2906 melius
945 2873 1014 2906 sibi
1049 2880 1084 2907 et
1113 2873 1342 2907 auditoribus
1377 2874 1454 2907 suis
1489 2874 1621 2907 viderit
1655 2874 1838 2918 expedire.
1876 2875 1964 2908 Item
1999 2874 2122 2909 nullus
2157 2874 2334 2909 lectiones

462 2940 643 2974 cursorias
669 2939 792 2984 plures
818 2939 958 2972 duabus
985 2940 1105 2985 aliquo
1132 2940 1190 2973 die
1216 2940 1358 2986 legibili
1384 2940 1509 2985 legere
1530 2947 1726 2985 presumat,
1749 2952 1816 2976 nee
1840 2940 1964 2985 plures
1986 2940 2102 2977 tribus
2122 2941 2161 2974 in
2180 2941 2240 2977 die
2260 2954 2334 2977 non
