2580 3528
280 417 377 458 1233]
626 425 673 447 ΑΒ
708 424 815 447 Anno
849 424 927 446 nce
962 424 1095 452 USQUE
1130 423 1179 445 An
1214 423 1446 445 PHILtPPUM
1483 423 1523 445 iv
1558 423 1646 444 nizo.
1685 423 1822 444 rnANc.
2099 414 2162 446 149

278 507 337 533 tua
371 505 518 546 ponant,
550 505 586 532 et
613 489 750 532 sensim
786 497 978 531 thesauros
1012 504 1082 531 tam
1117 496 1284 530 celebres
1313 496 1465 538 violent,
1497 503 1532 529 et
1566 496 1795 541 diripiendos
1830 498 2035 541 exponant?
2069 498 2160 529 Ecce

277 565 441 612 quidem,
470 565 569 611 quod
597 565 766 598 dolentes
794 564 1001 605 referimus,
1026 563 1207 609 quendam
1238 570 1299 596 tue
1329 575 1464 596 corone
1494 562 1651 608 lapidem
1683 562 1883 607 pretiosum
1915 563 2162 595 contaminare

277 632 383 666 nisus
405 638 462 666 est
488 638 524 665 et
547 631 705 665 avellere
732 631 878 676 quidam
904 630 1009 664 miles
1031 632 1070 663 E.
1093 629 1320 663 senescallus
1339 629 1656 670 Viromandensis,
1680 629 1764 662 dum
1787 628 1959 661 dilectum
1986 629 2099 661 filium
2123 630 2159 661 P.

277 698 534 733 cancellarium
563 698 821 739 Parisiensem,
852 698 957 743 cujus
987 697 1066 730 laus
1094 697 1200 730 etiam
1229 696 1325 742 apud
1355 703 1500 729 exteros
1530 695 1600 729 late
1630 702 1740 741 patet,
1768 696 1955 740 prefocare
1986 695 2022 727 in
2050 695 2161 728 choro

277 765 434 799 ecclesie
468 777 576 798 manu
610 764 788 810 sacrilega
823 771 879 797 est
912 770 1077 805 conatus,
1113 763 1150 796 in
1182 775 1289 808 quein
1325 762 1382 796 bis
1412 763 1572 804 irruens,
1607 762 1735 795 scissis
1768 761 1946 803 vestibus,
1983 762 2035 795 sic
2070 762 2162 795 male

277 832 442 866 tractavit
475 831 650 873 eundem,
686 830 784 876 quod
819 831 918 864 tedet
951 830 1096 876 plenius
1131 842 1292 871 exarare,
1323 830 1406 875 quia
1436 841 1502 862 nec
1538 835 1664 862 nostro
1698 828 1755 862 vel
1790 835 1851 862 tuo
1885 829 1983 862 cedit
2015 828 2161 869 honori,

276 898 470 944 presertim
499 910 580 932 cum
609 904 643 931 te
665 897 820 942 jubente
846 904 973 943 captus
1003 897 1099 930 idem
1131 896 1335 942 sacrilegus
1374 903 1458 942 post
1493 896 1676 929 modicum
1712 896 1822 928 fuerit
1856 895 1956 928 velut
1983 895 2162 929 innocens

276 965 481 999 absolutus.
524 964 763 998 Serenitatem
798 964 919 1009 itaque
961 964 1098 1009 regiam
1134 975 1306 1009 rogamus
1340 969 1475 996 attente
1511 969 1546 995 et
1574 962 1773 1004 hortamur,
1806 962 1977 1007 quatinus
2012 969 2160 1007 pensata

277 1031 494 1078 diligentius
528 1037 624 1065 tanta
658 1031 695 1064 in
730 1037 867 1064 tantuin
903 1037 938 1064 et
972 1030 1078 1063 talem
1108 1030 1224 1064 virum
1259 1029 1392 1075 injuria
1426 1029 1478 1063 sic
1514 1029 1648 1075 regalis
1682 1041 1836 1062 censura
1871 1029 2030 1074 corrigat
2064 1028 2160 1062 hunc

277 1110 469 1132 excessum
491 1105 528 1131 et
547 1097 748 1143 prescripta
770 1098 806 1130 in
828 1097 885 1131 sui
907 1097 1051 1130 roboris
1073 1097 1249 1142 dignitate
1274 1102 1480 1138 conservet,
1502 1096 1600 1141 quod
1617 1095 1758 1141 justitia
1779 1102 1815 1128 et
1834 1095 1984 1128 libertas
2005 1095 2161 1129 ecclesie

279 1171 338 1198 tue
366 1164 631 1210 magnitudinis
661 1170 825 1210 tempore
853 1176 926 1197 non
953 1163 1142 1202 vilescant,
1164 1175 1231 1196 nec
1258 1163 1468 1208 iniquorum
1497 1162 1631 1196 malitia
1658 1162 1857 1195 insolescat
1877 1174 1942 1208 per
1962 1162 2159 1203 licentiam,

276 1231 335 1265 vel
357 1231 527 1264 decurrat
551 1231 588 1264 in
614 1237 783 1276 posteros
809 1242 875 1276 per
901 1230 1121 1276 exemplum,
1150 1230 1215 1263 sed
1243 1229 1481 1275 amplitudine
1507 1229 1630 1275 gaudii
1658 1228 1863 1270 dilatemur,
1890 1241 1971 1262 cum
2000 1235 2034 1261 te
2058 1229 2161 1262 audi-

276 1298 438 1331 verimus
468 1309 538 1343 que
569 1297 680 1343 digna
709 1303 794 1330 sunt
827 1297 993 1342 principe
1023 1297 1180 1342 operari,
1211 1303 1247 1330 et
1276 1296 1328 1329 sic
1358 1297 1436 1329 sore
1465 1308 1529 1341 per
1558 1296 1678 1329 omnia
1713 1295 1998 1329 orthodoxorum
2030 1308 2157 1341 regum

277 1364 391 1398 filium
408 1363 598 1398 nobilitate
618 1364 729 1397 animi
749 1370 856 1409 atque
878 1375 1033 1405 morum,
1055 1370 1094 1396 ut
1114 1375 1196 1396 esse
1218 1362 1385 1408 probaris
1404 1362 1466 1395 alti
1487 1363 1679 1408 sanguinis
1699 1362 1872 1396 claritate.
1897 1364 1974 1396 Dat.
1993 1363 2160 1408 Anagnie
2187 1388 2198 1394 ,

277 1431 314 1477 iij
337 1430 407 1464 kal.
425 1430 558 1472 Martii,
581 1442 676 1464 anno
697 1437 813 1463 sexto.

370 1529 434 1561 neg.
451 1529 509 1552 Vnt.
526 1528 649 1560 Gregorii
664 1528 697 1552 IX
714 1536 756 1552 sn.
773 1529 796 1557 6,
811 1536 852 1560 ep.
869 1529 924 1556 346,
941 1528 986 1552 sol.
1002 1528 1058 1551 99¹¹.

276 1708 356 1746 97.
383 1717 534 1752 Gregorius
550 1718 595 1744 IX
605 1716 744 1744 laudibus
763 1716 877 1743 extollit
896 1716 1048 1743 ecclesiam
1071 1716 1261 1752 Gallicanam,
1279 1720 1307 1743 et
1326 1716 1493 1753 Philippum
1512 1715 1719 1742 cancellarium
1734 1716 1939 1751 Par-islensem,
1958 1725 2040 1752 quem
2061 1717 2159 1751 magni

365 1766 448 1802 facit,
466 1769 567 1793 contra
581 1766 773 1793 senescallum
794 1765 1045 1793 Viromandensem
1061 1765 1201 1800 defendit.

1440 1815 1515 1845 1233,
1530 1815 1665 1842 Februarii
1675 1816 1719 1845 28,
1735 1815 1871 1848 Anagniae.

368 1890 587 1936 ..Episcopo
608 1890 879 1924 Noviomensi'.
902 1891 1087 1935 Tanquam
1109 1901 1244 1935 sponsa
1269 1889 1436 1924 decorata
1458 1889 1685 1935 fulgentibus
1711 1890 1882 1923 virtutum
1914 1890 2156 1935 spiritualium

276 1956 495 2003 margaritis,
524 1962 560 1990 et
585 1962 709 1990 ornata
736 1955 936 1990 monilibus
963 1956 1084 1990 aureis
1111 1956 1358 1990 vermiculatis
1385 1963 1552 2002 argento,
1579 1956 1759 1990 donorum
1784 1956 1954 1990 videlicet
1981 1956 2157 1998 ubertate,

275 2023 372 2057 inter
401 2030 541 2057 ceteras
570 2022 772 2069 apostolice
803 2023 903 2057 sedis
932 2023 1026 2056 filias
1056 2035 1121 2069 per
1150 2023 1273 2056 secula
1302 2023 1451 2056 emicuit
1480 2023 1635 2056 ecclesia
1664 2023 1861 2057 Gallicana.
1895 2025 1975 2069 Ipsa
2003 2035 2159 2068 namque

275 2088 403 2123 lactata
441 2089 628 2123 uberibus*
660 2101 788 2136 regum
824 2096 860 2124 et
892 2089 1097 2135 principum
1133 2089 1361 2135 aliorumque
1398 2089 1559 2123 fidelium
1595 2102 1680 2123 cura
1715 2097 1751 2123 et
1784 2090 1974 2135 diligentia
2009 2090 2158 2123 educata

275 2159 469 2207 magnifice
489 2159 630 2194 habens
651 2160 874 2194 domesticos
894 2161 1047 2195 vestitos
1069 2160 1291 2206 duplicibus,
1310 2161 1461 2206 ipsaque
1483 2167 1522 2194 ut
1542 2160 1614 2194 filia
1635 2161 1812 2206 principis
1832 2160 1978 2194 calciata
1994 2161 2158 2206 jacintho

277 2232 314 2260 et
346 2226 594 2260 discoloribus
628 2227 814 2269 adornata,
854 2233 955 2272 grata
994 2227 1135 2261 scilicet
1173 2227 1393 2273 religionum
1437 2227 1608 2261 varietate
1652 2227 1885 2269 circumdata,
1931 2227 2083 2272 profecit
2121 2227 2158 2260 in

276 2304 444 2339 regnum,
481 2293 695 2339 quinpotius
725 2294 815 2327 facta
845 2300 901 2327 est
930 2293 966 2326 in
998 2294 1123 2340 regnis
1153 2293 1289 2335 inclita,
1325 2293 1483 2327 mirabili
1517 2294 1750 2339 speciositate
1786 2293 1986 2339 refulgens
2032 2294 2158 2327 Multis

278 2359 427 2405 quidem
461 2359 593 2393 referta
639 2359 772 2406 opibus
806 2360 843 2393 in
878 2360 1094 2393 immensum
1134 2360 1322 2406 possessio
1366 2361 1446 2406 ejus
1489 2360 1620 2401 crevit,
1659 2359 1798 2393 habens
1843 2359 1970 2393 salutis
2013 2360 2158 2394 divitias

225 2471 229 2473 ῃ
277 2425 456 2472 sapientie
485 2437 525 2459 ac
555 2426 708 2460 scientie
738 2438 819 2460 cum
848 2425 1018 2460 thesauro
1045 2426 1187 2460 timoris
1215 2427 1375 2468 Domini,
1406 2433 1542 2460 turrem
1571 2426 1676 2460 etiam
1706 2426 1819 2460 David
1847 2426 2046 2459 edificatam
2075 2439 2156 2460 cum

277 2492 578 2538 propugnaculiS,
606 2504 650 2526 ex
677 2505 747 2539 qua
776 2492 874 2526 mille
894 2492 1003 2538 clipei
1031 2499 1067 2526 et
1093 2493 1212 2526 omnis
1238 2493 1384 2526 fortium
1415 2499 1592 2526 armatura
1620 2492 1815 2538 dependet,
1845 2492 1973 2538 stipata
2003 2492 2157 2527 nichilo-

277 2558 398 2592 minus
418 2559 573 2593 catervis
594 2559 762 2602 militum,
785 2571 828 2593 ex
848 2559 982 2605 quibus
997 2560 1140 2605 juratos
1161 2566 1197 2593 et
1217 2559 1354 2593 electos
1375 2565 1523 2605 tyrones
1544 2558 1669 2592 habuit
1689 2566 1846 2605 paratos,
1873 2559 2044 2604 quotiens
2064 2572 2157 2606 opus

276 2625 344 2659 fuit
364 2624 499 2672 ubique
521 2625 635 2672 prelia
658 2626 803 2659 Domini
826 2626 984 2672 preliari.
1009 2626 1126 2672 Super
1146 2638 1271 2659 muros
1292 2626 1397 2659 etiam
1418 2625 1551 2671 vigiles
1571 2625 1697 2659 habuit
1717 2632 1750 2659 ct
1772 2626 1958 2667 custodes,
1983 2639 2022 2659 ac
2043 2627 2156 2660 fortes

276 2704 320 2726 ex
343 2692 555 2736 fortissimis
581 2699 748 2727 tenentes
774 2693 918 2739 gladios
939 2699 975 2726 et
995 2705 1060 2726 sue
1081 2693 1215 2739 quietis
1240 2693 1413 2726 lectulum
1434 2692 1650 2734 ambientes,
1673 2705 1739 2726 nec
1765 2693 2017 2738 permittentes
2042 2694 2156 2739 evigi-

276 2757 342 2792 lari
372 2758 539 2793 dilectam
569 2759 627 2794 vel
658 2760 771 2806 ipsam
802 2759 941 2794 tediosa
973 2759 1226 2805 inquietudine
1254 2759 1451 2793 molestari.
1483 2760 1602 2803 Quare
1630 2759 1740 2793 multa
1768 2759 1956 2793 colebatur
1981 2772 1999 2793 a
2024 2761 2101 2794 suis
2123 2767 2155 2794 ct

277 2825 412 2859 exteris
441 2826 644 2860 reverentia
675 2833 711 2860 et
739 2826 879 2860 honore
909 2826 1101 2860 sublimata
1131 2833 1300 2872 potenter
1328 2826 1444 2872 gloria
1475 2826 1722 2860 ecclesiastice
1750 2825 1928 2860 libertatis
1954 2827 2154 2860 secundum

277 2891 582 2938 magnificentiam
617 2893 867 2940 principalem.
907 2895 1010 2927 Nunc
1044 2900 1163 2927 autem
1205 2893 1468 2940 refrigescente
1508 2893 1655 2927 caritate
1697 2892 1907 2935 multorum,
1943 2894 2157 2939 quinpotius

277 2957 517 2993 interioribus
551 2959 726 2994 ferventis
759 2960 873 2994 austri
912 2960 1102 2994 conversis
1137 2960 1319 2994 interdum
1355 2960 1391 2993 in
1421 2960 1532 2994 latera
1572 2959 1697 3006 frigidi
1731 2959 1927 3005 aquilonis,
1965 2960 2155 2993 commotis
