2580 3528
280 416 378 459 1235]
616 427 663 450 Aa
699 427 808 449 Anno
843 426 922 448 nce
956 425 1088 453 usqua
1122 425 1170 446 An
1206 424 1437 446 rmurrun
1475 424 1513 445 ιν
1549 424 1636 446 use.
1674 425 1810 446 muse.
2091 416 2151 449 157

278 501 439 535 scolares
469 501 641 546 prefatos,
673 499 954 540 archidiaconis,
984 498 1145 540 decanis,
1174 497 1501 543 archipresbyteris
1528 503 1562 530 et
1587 497 1668 530 aliis
1696 497 1865 542 personis
1896 498 2154 532 ecclesiasticis

276 579 398 601 curam
433 567 634 600 animarum
668 565 889 600 habentibus
923 565 1107 599 dumtaxat
1140 564 1319 610 exceptis,
1350 563 1466 597 libere
1497 563 1599 609 leges
1629 563 1764 596 ibidem
1799 563 1925 596 audire
1954 576 1993 597 ac
2021 565 2152 598 docere

277 634 476 680 permittas.
499 635 578 666 Dat.
600 633 742 666 Perusii
763 634 820 677 xvj
843 632 912 666 kal.
935 631 1138 672 Februarii,
1159 643 1254 664 anno
1275 637 1414 664 octavo.

369 733 434 764 Reg.
449 732 507 756 Vnt.
524 731 651 763 Gregorii
666 732 699 755 lx
715 740 756 754 an.
774 732 797 759 8,
816 739 857 762 ep.
874 731 929 758 1120,
947 730 992 754 fol.
1009 729 1079 753 2525.
1095 743 1127 747 -
1142 730 1177 753 De
1193 737 1271 752 sensu
1286 729 1365 761 hujus
1382 728 1495 760 insignis
1510 727 1638 760 epistolae
1653 728 1712 752 vide
1727 727 1834 756 Denisse,
1855 728 1907 752 Die
1930 728 2153 753 Universitaecm

274 777 323 802 aes
336 775 525 804 Mitaelalterffi
539 776 560 804 1,
577 775 650 804 xxv,
667 776 713 799 252
727 784 768 807 sq.

369 860 393 883 1.
405 859 469 883 Vide
485 868 567 891 supra
583 864 612 883 n⁰
626 860 665 888 ³2,
681 868 707 891 p.
724 860 763 883 92.

279 979 389 1017 107.
416 989 570 1023 Gregorius
588 989 633 1015 IX
638 988 760 1015 mandat
780 987 933 1025 Ranulplw
951 988 1156 1024 Corisopitensi
1174 991 1202 1014 et
1223 987 1346 1013 Cadioco
1367 987 1514 1013 Venetensi
1529 986 1672 1023 episcopis
1692 989 1723 1012 ut
1740 987 1768 1012 G.
1786 985 2023 1012 archidiaconum
2041 986 2153 1012 Cor-iso·

362 1038 512 1074 pistricem,
532 1037 583 1073 qui
598 1038 628 1063 in
638 1038 706 1073 jure
721 1037 859 1063 canonico
873 1037 999 1063 Parisiis
1015 1036 1112 1063 docuit
1127 1040 1155 1063 el
1168 1036 1319 1071 sufficiens
1335 1039 1379 1062 est
1392 1035 1433 1061 ad
1446 1035 1605 1062 docendum
1621 1035 1649 1061 in
1665 1034 1818 1070 theologia,
1835 1043 1923 1071 super
1937 1034 2155 1070 irregularitate

362 1086 539 1123 dispensent.

1439 1134 1515 1164 1325.
1530 1132 1682 1163 novembr-1³.
1696 1133 1742 1163 28,
1759 1132 1866 1160 riter-0512

367 1237 388 1243 ..
407 1210 677 1256 Corisopitensi
697 1217 733 1243 et
761 1210 995 1244 ..Venetensi
1017 1209 1213 1255 episcopis.
1237 1209 1313 1242 Etsi
1335 1208 1392 1242 lex
1412 1220 1592 1242 canonum
1613 1207 1811 1241 nonnullos
1834 1219 1988 1253 corpore
2007 1207 2153 1241 vitiatos

275 1277 457 1311 interdum
479 1276 683 1310 ministerio
704 1276 827 1310 altaris
848 1275 1040 1317 subducat,
1064 1275 1175 1321 longe
1198 1282 1316 1309 tamen
1337 1275 1523 1308 diversum
1549 1282 1605 1308 est
1625 1275 1655 1308 si
1677 1286 1716 1307 se
1738 1274 1828 1307 tales
1847 1274 2014 1308 volentes
2035 1274 2154 1307 absci—

274 1343 396 1377 derint
415 1338 522 1389 quam
548 1343 579 1377 si
607 1355 694 1376 casu
719 1342 840 1388 aliquo
869 1342 1068 1375 dummodo
1094 1342 1196 1387 operi
1221 1341 1322 1375 licito
1347 1354 1469 1374 curam
1491 1341 1746 1386 impenderent
1770 1340 2017 1381 abscidantur,
2048 1347 2087 1374 ut
2116 1341 2152 1373 in

274 1409 348 1443 illis
377 1409 583 1443 attendatur
611 1409 780 1443 voluntas
810 1421 880 1454 que
907 1421 992 1442 ausa
1025 1409 1090 1442 suit
1119 1408 1189 1441 sibi
1219 1409 1355 1441 ferrum
1386 1408 1536 1449 inicere,
1567 1408 1604 1440 in
1632 1407 1713 1440 istis
1747 1419 1834 1441 vero
1869 1419 1975 1441 casus
2010 1408 2150 1441 veniam

276 1483 470 1516 mereatur.
500 1477 551 1510 Ex
577 1483 678 1522 parte
712 1476 894 1522 siquidem
920 1475 1043 1508 dilecti
1069 1475 1133 1508 filii
1155 1476 1199 1508 G.
1222 1474 1467 1508 archidiaconi
1495 1474 1785 1519 Corisopitensis
1806 1473 1873 1507 suit
1907 1474 2014 1507 nobis
2035 1473 2154 1507 humi-

275 1543 358 1577 liter
394 1543 658 1589 supplicatum,
696 1549 736 1576 ut
771 1554 853 1576 cum
889 1542 976 1575 olim
1013 1554 1057 1575 eo
1094 1542 1131 1574 in
1165 1541 1271 1575 annis
1307 1541 1512 1587 puerilibus
1548 1541 1760 1581 constituto,
1796 1540 1976 1585 quoddam
2011 1531 2153 1585 lignum

243 1632 253 1642 .
274 1621 387 1656 super
415 1616 584 1656 quartum
619 1605 767 1643 dextere
799 1621 864 1643 sue
893 1609 1045 1655 digitum
1077 1609 1139 1654 qui
1170 1608 1328 1642 medius¹
1362 1608 1495 1642 dicitur
1522 1608 1671 1641 fortuito
1700 1619 1786 1641 casu
1816 1607 1964 1648 cadens,
1995 1607 2151 1641 eundem

272 1676 427 1723 digitum
455 1677 507 1710 sic
533 1675 742 1710 contuderit
768 1676 866 1722 quod
894 1682 1031 1722 partem
1057 1675 1175 1721 ipsius
1202 1675 1403 1708 ammiserit
1427 1687 1492 1720 per
1511 1674 1727 1720 imperitiam
1754 1674 1994 1715 medicorum,
2015 1680 2051 1707 et
2071 1674 2152 1707 talis

273 1743 485 1778 deformitas
512 1755 587 1776 non
613 1743 744 1777 existat
770 1731 868 1789 quod
896 1754 940 1776 ex
966 1742 1035 1775 hoc
1063 1742 1151 1788 quin
1179 1742 1298 1788 possit
1317 1741 1525 1788 promoveri
1552 1741 1596 1774 ad
1617 1752 1741 1774 sacros
1763 1740 1912 1774 ordines
1932 1740 1990 1774 vel
2015 1741 2150 1774 assumi

272 1810 315 1843 ad
337 1810 535 1856 dignitates
562 1809 830 1844 ecclesiasticas
856 1809 987 1843 debeat
1020 1809 1202 1855 impediri,
1229 1821 1296 1842 nee
1322 1809 1427 1842 etiam
1454 1807 1663 1841 scandalum
1691 1807 1749 1842 vel
1777 1807 1979 1853 periculum
2004 1807 2150 1852 aliquod

270 1876 471 1918 formidari,
502 1877 697 1923 providere
724 1889 836 1923 super
865 1876 933 1910 hoc
964 1876 1033 1910 sibi
1063 1871 1350 1909 misericorditer
1380 1875 1627 1921 dignaremur.
1659 1875 1733 1908 Nos
1764 1874 1888 1919 igitur,
1923 1874 2151 1907 attendentes

272 1943 453 1977 laudabile
482 1944 744 1985 testimonium,
773 1943 871 1989 quod
899 1943 931 1977 ei
958 1943 1003 1976 de
1030 1943 1102 1977 vite
1127 1943 1317 1982 munditia,
1342 1942 1532 1976 honestate
1559 1954 1699 1975 morum
1719 1948 1755 1974 et
1773 1941 1973 1974 litterarum
2001 1941 2150 1974 scientia

272 2009 498 2056 perhibetur,
527 2022 607 2043 cum
635 2011 688 2044 sic
716 2010 867 2044 scientia
893 2010 1059 2056 preditus
1086 2015 1283 2051 asseratur,
1311 2015 1351 2043 ut
1377 2009 1414 2042 in
1434 2010 1519 2054 jure
1545 2008 1721 2042 canonico
1748 2007 1910 2041 Parisius
1931 2007 2096 2041 docuerit
2117 2015 2150 2041 ct

271 2076 319 2110 sit
342 2076 528 2110 sufficiens
555 2077 598 2110 ad
626 2077 833 2110 docendum
862 2077 899 2110 in
929 2076 1135 2122 theologica
1163 2075 1344 2117 facultate,
1374 2083 1523 2121 propter
1550 2075 1648 2120 quod
1677 2074 1828 2120 dignum
1854 2086 1893 2107 se
1921 2074 2081 2108 reddidit
2106 2074 2148 2107 ad

272 2143 422 2190 gratiam
444 2142 700 2177 obtinendam:
719 2144 837 2190 ipsius
856 2143 999 2177 devotis
1020 2142 1350 2189 supplicationibus
1370 2142 1531 2176 inclinati
1554 2142 1765 2175 mandamus
1786 2141 1957 2186 quatinus
1978 2141 2009 2174 si
2030 2141 2151 2174 defor-

272 2209 432 2243 mitatem
459 2221 524 2243 seu
550 2209 773 2244 debilitatem
795 2222 869 2243 non
894 2209 1003 2243 habet
1024 2209 1120 2242 unde
1141 2209 1351 2242 scandalum
1376 2208 1434 2243 vel
1459 2208 1661 2255 periculum
1686 2214 1883 2253 generetur
1908 2207 2150 2240 consideratis

270 2275 552 2310 circumstantiis
579 2276 763 2310 universis
789 2277 904 2322 agatis
925 2288 1037 2322 super
1056 2275 1124 2309 hoc
1145 2287 1227 2309 cum
1248 2287 1292 2309 eo
1317 2276 1529 2309 auctoritate
1551 2274 1749 2321 apostolica
1771 2274 2019 2319 dispensando
2040 2280 2145 2319 prout

270 2342 403 2376 honori
425 2349 461 2376 et
480 2342 605 2376 decori
626 2343 782 2377 ecclesie
802 2343 969 2377 videritis
990 2342 1175 2388 expedire.
1199 2342 1277 2375 Dat.
1305 2341 1459 2376 Viterbii
1486 2342 1536 2387 iiij
1564 2341 1633 2375 kal.
1661 2340 1888 2382 Decembris,
1913 2352 2008 2374 anno
2035 2352 2144 2373 nono.

363 2441 426 2473 Reg.
442 2441 501 2466 Vnt.
517 2441 639 2473 Gregorii
654 2439 688 2465 lx
703 2449 746 2465 an.
761 2442 784 2470 9,
801 2449 844 2473 ep.
859 2442 914 2469 290,
931 2441 976 2465 fot.
992 2440 1047 2464 ⁸5¹¹.

364 2525 387 2548 1.
404 2525 468 2557 Reg.
485 2534 496 2546 ιι
514 2525 631 2549 medico·
648 2534 669 2548 ιι,

273 2630 382 2669 108.
410 2641 579 2678 Disputatio
606 2649 701 2667 coram
729 2640 878 2668 Guillelmo
906 2642 1040 2678 episcopo
1069 2640 1232 2667 parisiensi
1258 2641 1287 2667 in
1309 2640 1530 2676 congregatione
1557 2639 1757 2675 magistrorum
1787 2638 1964 2673 theologicae
1991 2637 2145 2673 facultatis

356 2692 482 2718 Parisiis
497 2691 599 2718 habita
615 2691 651 2718 de
664 2692 838 2728 pluralitate
853 2692 1062 2727 beneficiorum.

1565 2740 1623 2766 dnn.
1642 2739 1804 2766 1236-1238.

358 2814 465 2856 Volo,
494 2821 534 2849 ut
553 2816 773 2862 quicumque
802 2816 867 2850 hec
895 2816 1039 2862 legerit,
1069 2817 1171 2857 sciat,
1201 2828 1256 2850 me
1282 2828 1376 2849 anno
1403 2815 1447 2848 ab
1472 2814 1719 2848 incarnatione
1746 2813 1888 2846 Domini
1920 2813 2016 2847 MCC
2038 2813 2143 2846 trice-

267 2880 360 2914 simo
385 2888 512 2916 octavo
541 2881 655 2916 fuisse
685 2883 859 2926 Parisius,
891 2883 950 2917 ubi
980 2883 1200 2917 venerabilis
1230 2882 1451 2916 Guillclmus
1478 2881 1688 2927 episcopus,
1715 2880 1775 2926 qui
1803 2880 1838 2912 in
1865 2879 2046 2925 theologia
2068 2880 2141 2923 jam

268 2954 423 2989 rexerat,
453 2949 750 2983 convocationem
783 2950 916 2984 fecerat
945 2950 1105 2983 οιιιιιίιιιιι
1137 2949 1392 2996 magistrorum
1424 2949 1459 2982 in
1491 2947 1648 2994 capitulo
1675 2947 1822 2980 fratrum
1858 2946 2139 2979 predicatorum.
