2580 3528
454 389 521 422 418
1039 398 1359 421 CHARTULARIUM
1395 397 1587 420 UNIVERS.
1624 397 1755 419 PAnls.
2237 388 2337 429 [1260

452 472 569 505 catalogi
585 481 652 497 saec.
674 473 707 496 XI
722 474 793 505 apud
810 474 869 498 Mai.
888 474 985 504 Spicil.
1001 473 1133 502 Roman„
1151 474 1196 496 202
1211 481 1251 504 sq.
1265 472 1340 500 Quod
1353 480 1434 503 supra
1450 471 1555 499 dicitur,
1568 472 1649 494 refert
1659 470 1739 494 etiam
1750 474 1842 494 auctor
1855 470 1944 503 operis
1955 471 2037 496 Liber
2047 471 2236 503 apologeticus
2246 479 2256 497 .·
2266 481 2278 496 α
2289 480 2337 496 nec

453 518 553 541 librum
564 525 664 546 eorum¹
680 518 761 541 tantis
779 518 914 541 erroribus
926 519 1096 546 maculatum,
1111 517 1283 540 credebamus
1300 524 1346 539 nec
1357 516 1444 539 adhuc
1459 516 1565 539 credere
1580 515 1699 538 valemus
1711 518 1803 539 contra
1814 516 1959 540 Romanam
1969 516 2108 540 ecclesiam
2119 524 2134 540 a
2146 517 2263 541 Romano
2273 525 2338 549 pon-

453 562 524 586 tifice
540 562 719 594 approbatum
735 566 780 586 aut
796 563 864 586 sicut
875 563 977 594 jactant
989 563 1015 585 in
1027 562 1100 586 Beati
1111 562 1181 585 Petri
1194 560 1310 585 armario
1321 563 1412 583 contra
1427 561 1533 584 Petrum
1545 563 1570 583 et
1582 560 1652 591 quod
1663 559 1749 591 magis
1761 563 1809 589 est,
1820 563 1911 584 contra
1922 560 2007 592 ipsius
2017 561 2088 585 Petri
2103 561 2243 585 Dominum
2254 562 2337 585 cono-

454 610 543 630 catum
560 615 583 630 ›).
599 606 668 630 Bibl.
686 607 817 636 Univers.‚
834 608 851 631 I.
869 616 902 636 c.,
919 608 963 631 sol.
981 608 1034 630 212.

453 705 569 743 369.
595 720 739 743 Statumm
755 716 795 742 ad
810 716 886 752 quod
902 715 1007 742 bedelli
1027 715 1226 741 Universitatis
1242 714 1451 748 ‹za-tranguntur.

1656 749 1814 780 1251-7260.
1828 749 1848 785 [
1848 750 1954 777 Paridis
1954 750 1981 785 J

547 829 620 860 Hec
654 831 739 858 sunt
772 829 915 863 statuta,
947 833 1016 866 que
1052 820 1188 853 bedelli
1218 819 1476 854 Universitatis
1506 819 1725 853 Parisiensis
1755 819 1826 853 fide
1856 821 2036 866 corporali
2066 821 2216 866 prestita
2245 821 2338 855 ohli-

455 894 595 939 gabunt
619 904 658 925 se
684 890 836 924 firmiter
857 888 1066 921 observare.
1089 886 1234 920 Debent
1257 886 1438 920 interesse
1465 885 1663 931 cujuslibet
1687 886 1898 932 incipientis
1923 887 2117 933 principio,
2144 888 2221 922 sive
2251 900 2339 934 pau-

455 960 567 1006 peris,
598 959 674 992 sive
704 956 868 996 alterius,
890 967 907 987 a
929 954 1109 999 principio
1137 965 1255 998 usque
1280 953 1325 986 ad
1349 953 1471 994 finem,
1499 953 1571 986 nisi
1596 953 1779 987 notorium
1808 954 1856 987 sit
1883 954 1986 999 ipsos
2016 966 2098 988 esse
2130 955 2264 988 missos
2293 954 2338 988 ab

455 1026 653 1070 incipiente
687 1023 744 1057 vel
779 1027 1014 1067 procuratore
1050 1032 1115 1053 sue
1150 1020 1315 1053 nacionis
1349 1019 1396 1053 ob
1426 1019 1581 1065 aliquam
1613 1019 1808 1066 specialem
1843 1032 1988 1054 causam
2017 1021 2075 1054 vel
2106 1020 2152 1054 ob
2181 1021 2337 1067 aliquam

455 1103 646 1125 comunem
686 1088 988 1122 examinationem
1028 1099 1093 1120 sue
1131 1086 1297 1120 nacionis
1336 1086 1532 1132 specialem
1571 1086 1630 1120 vel
1664 1087 1736 1120 nisi
1769 1086 1926 1121 habeant
1958 1088 2139 1122 interesse
2173 1088 2339 1134 exequiis

456 1158 642 1204 cujusdam
670 1156 810 1189 funeris
835 1155 893 1188 vel
923 1154 1177 1199 quorumdam,
1199 1153 1258 1187 vel
1279 1154 1350 1187 nisi
1371 1154 1518 1199 propria
1544 1154 1711 1199 corporis
1737 1154 1945 1188 infirmitate
1973 1155 2123 1189 eosdem
2143 1155 2339 1202 contigerit

456 1237 539 1259 esse
561 1225 742 1262 detentos,
764 1222 822 1255 vel
843 1222 915 1254 nisi
935 1221 1053 1266 aliqua
1074 1221 1142 1254 alia
1164 1221 1357 1254 occasione
1377 1220 1540 1266 legitima
1562 1228 1597 1254 et
1617 1221 1772 1263 notoria,
1791 1222 1821 1255 si
1842 1234 1911 1267 qua
1932 1221 2000 1255 alia
2020 1234 2039 1255 a
2060 1222 2235 1268 predictis
2256 1233 2339 1256 esse

455 1292 586 1338 possit,
620 1291 756 1324 fuerint
785 1289 935 1322 detenti.
964 1288 1000 1321 Si
1027 1294 1146 1321 autem
1176 1287 1370 1321 absentent
1397 1299 1436 1321 se
1463 1287 1561 1321 nulla
1587 1288 1763 1322 dictarum
1790 1289 1983 1323 occasione
2009 1290 2183 1332 excusati,
2205 1273 2343 1323 debent*

455 1371 579 1392 carere
606 1357 772 1403 portione
799 1368 863 1389 sua
888 1355 988 1388 illius
1015 1354 1141 1396 burse,
1163 1367 1269 1400 quam
1297 1354 1396 1388 dabit
1420 1354 1482 1388 ille
1509 1355 1570 1400 qui
1597 1355 1738 1400 incipit,
1760 1367 1866 1401 quam
1892 1356 1974 1389 dico
2000 1356 2206 1402 portionem
2232 1355 2342 1390 debet

455 1426 589 1459 habere
611 1430 825 1470 procurator
845 1423 932 1455 dicti
952 1421 1102 1463 bedelli,
1125 1422 1188 1467 qui
1209 1421 1335 1455 eadem
1357 1418 1481 1455 carere
1502 1421 1623 1456 debet.
1652 1423 1740 1455 Item
1769 1423 1800 1456 si
1825 1423 2038 1469 injungatur
2059 1422 2206 1457 bedello
2232 1423 2340 1457 alicui

455 1494 574 1526 facere
595 1490 918 1536 congregationem
944 1489 1002 1523 vel
1028 1489 1224 1534 specialem
1250 1489 1309 1523 vel
1333 1489 1557 1534 generalem,
1586 1496 1622 1522 et
1646 1490 1764 1535 possit
1788 1489 1935 1535 probari
1963 1502 2028 1536 per
2048 1497 2123 1524 tres
2143 1491 2340 1536 magistros

455 1560 515 1593 vel
544 1565 710 1604 quatuor,
739 1557 837 1602 quod
867 1556 952 1589 illos
985 1568 1059 1588 non
1089 1555 1266 1597 citaverit,
1290 1555 1460 1589 similiter
1487 1556 1694 1601 portionem
1719 1557 1908 1601 cujusdam
1929 1556 2041 1590 bur-se
2069 1557 2224 1590 duorum
2252 1556 2340 1590 soli-

457 1627 587 1659 dorum
618 1624 761 1658 noverit
786 1635 825 1657 se
851 1623 1062 1664 cariturum,
1085 1634 1191 1667 quam
1218 1622 1387 1655 similiter
1412 1622 1618 1668 portionem
1645 1622 1755 1656 debet
1778 1623 1914 1657 habere
1938 1630 2152 1669 procurator
2176 1623 2341 1657 nacionis

458 1692 635 1738 ejusdem.
660 1693 749 1724 Item
771 1691 799 1723 si
823 1690 954 1723 debeat
973 1689 1128 1723 clamare
1148 1701 1296 1723 cursum
1323 1696 1358 1722 et
1383 1690 1502 1735 possit
1521 1689 1667 1735 probari
1689 1690 1810 1735 ipsum
1831 1690 1988 1724 deficere
2009 1702 2083 1724 non
2103 1690 2341 1724 circuieundo

459 1771 587 1793 omnes
615 1758 745 1799 scolas,
769 1758 921 1790 eandem
946 1757 1180 1790 incursurum
1208 1768 1248 1790 se
1274 1757 1418 1790 noverit
1446 1769 1575 1802 penam
1602 1764 1637 1790 et
1663 1757 1760 1790 idem
1787 1757 1982 1803 dampnum
2009 1765 2044 1791 et
2064 1758 2172 1791 modo
2199 1757 2341 1800 eodem,

460 1839 533 1872 quo
561 1832 758 1872 pretactum
786 1831 852 1857 est.
876 1825 964 1857 Item
991 1823 1102 1857 debet
1126 1823 1282 1868 quilibet
1305 1823 1475 1857 bedellus
1496 1836 1638 1857 summo
1660 1836 1764 1857 mane
1786 1824 1844 1858 die
1866 1824 2028 1870 qualibet
2047 1825 2203 1858 circuire
2223 1823 2344 1858 scolas

459 1906 533 1926 non
555 1892 673 1926 solum
695 1891 848 1925 rectoris
869 1891 926 1924 vel
948 1890 1196 1936 procuratoris
1217 1890 1286 1932 sui,
1309 1902 1436 1924 verum
1462 1891 1568 1924 etiam
1592 1891 1791 1936 cujuslibet
1811 1892 2058 1937 procuratoris
2079 1892 2343 1937 cujuscumque

461 1961 510 1993 sit
529 1959 709 2000 nacionis,
733 1958 830 2003 quod
852 1958 883 1991 si
904 1970 978 1991 non
998 1957 1139 1999 fecerit,
1166 1957 1311 1991 noverit
1337 1969 1376 1991 se
1401 1957 1498 1991 idem
1523 1958 1717 2003 dampnum
1747 1965 1782 1991 et
1806 1958 1935 1992 eodem
1961 1958 2070 1992 modo
2095 1958 2342 1992 incursurum.

462 2028 551 2060 Item
579 2027 609 2059 si
635 2025 777 2059 deficiat
802 2025 839 2058 in
865 2024 1129 2058 examinatione
1154 2024 1338 2058 communi
1364 2024 1519 2070 alicujus
1549 2036 1615 2058 sue
1644 2025 1822 2067 nacionis,
1849 2025 1907 2059 vel
1934 2032 2159 2059 secretorum
2189 2025 2345 2059 Univer-

462 2093 580 2127 sitatis
613 2092 791 2126 revelator
821 2091 995 2137 probatus
1024 2091 1146 2133 suerit,
1174 2091 1318 2124 noverit
1343 2103 1382 2124 se
1409 2090 1556 2124 bursam
1587 2103 1694 2125 unam
1725 2092 1820 2125 sicut
1849 2092 1984 2126 dictum
2013 2099 2069 2126 est
2093 2104 2167 2126 non
2195 2091 2344 2125 habere.

463 2161 553 2193 Item
579 2160 610 2193 si
638 2159 811 2192 defecerit
831 2158 889 2191 die
909 2158 1056 2192 veneris
1078 2158 1121 2191 ad
1142 2169 1316 2203 vesperas
1342 2169 1407 2191 sue
1433 2158 1611 2200 nacionis,
1634 2158 1727 2192 duos
1752 2159 1891 2192 amittet
1915 2159 2086 2192 denarios
2113 2165 2149 2192 et
2172 2159 2210 2191 in
2234 2157 2345 2192 missa

465 2227 570 2259 duos.
601 2227 689 2258 ltem
717 2226 747 2258 si
778 2237 850 2258 non
876 2224 984 2258 habet
1008 2224 1257 2258 kalendarium
1284 2231 1319 2257 et
1344 2225 1519 2258 defecerit
1546 2225 1584 2258 in
1613 2226 1869 2259 annunciando
1896 2226 2028 2259 festum
2057 2237 2131 2259 non
2161 2216 2344 2259 notorium

465 2293 637 2338 singuliS,
665 2292 722 2325 vel
748 2292 852 2324 etiam
882 2304 955 2324 non
983 2291 1185 2324 inhibendo
1208 2291 1393 2336 disputare
1419 2303 1499 2324 cum
1523 2304 1615 2337 opus
1636 2292 1758 2334 suerit,
1780 2305 1845 2338 pro
1867 2292 2025 2338 singulis
2046 2292 2170 2326 talium
2191 2298 2347 2337 quatuor

466 2360 604 2393 amittet
631 2359 814 2399 denarios,
844 2370 936 2403 quos
967 2370 1095 2391 omnes
1125 2358 1296 2391 denarios
1327 2358 1435 2392 debet
1462 2370 1608 2393 servare
1636 2366 1850 2405 procurator
1875 2360 2040 2393 nacionis
2067 2358 2203 2392 bedelli
2234 2357 2346 2391 delin-

466 2426 612 2471 quentis
633 2426 676 2458 ad
698 2437 790 2470 opus
812 2425 976 2458 nacionis
997 2437 1074 2458 sue.

561 2506 630 2530 Bibl.
656 2505 787 2536 Phillipps
813 2505 839 2528 in
864 2505 1044 2533 Cheltenhamy
1069 2513 1119 2530 ms,
1139 2506 1194 2534 876,
1220 2505 1265 2530 sol.
1292 2506 1330 2529 57.
1357 2506 1419 2529 Cod.
1446 2506 1503 2529 Vnt.
1530 2507 1593 2538 Βοὲς.
1618 2508 1673 2534 406,
1700 2507 1744 2530 sol.
1767 2508 1805 2535 54,
1826 2507 1871 2530 ubi
1888 2506 1957 2530 sicut
1976 2506 2042 2530 etin
2060 2507 2127 2530 Mus.
2143 2506 2263 2530 Britann.
2278 2505 2347 2530 Add.

467 2559 531 2573 mss.
550 2551 634 2577 17304,
652 2550 696 2573 sol.
712 2549 767 2577 64¹¹,
789 2552 873 2572 exstat
892 2549 960 2572 inter
978 2550 1135 2573 documenta
1155 2557 1285 2573 annorum
1303 2550 1362 2573 1251
1384 2558 1453 2582 sqq„
1470 2550 1496 2573 in
1514 2551 1645 2576 Chartul.
1667 2551 1766 2582 facult.
1788 2551 1897 2576 Dec-ret.
1916 2551 1984 2575 Bibl.
2002 2552 2094 2575 Arsen.
2109 2550 2193 2575 Paris.
2210 2559 2259 2574 ms.
2276 2549 2347 2579 1121,

470 2595 513 2618 fol.
531 2594 602 2622 1:38b,
619 2594 686 2617 inter
701 2594 827 2624 epistolas
844 2594 987 2617 Innocentii
1003 2594 1044 2618 1v.
1066 2594 1169 2626 Ubique
1185 2594 1292 2617 rubrica
1307 2597 1336 2618 ut
1351 2603 1441 2626 supra.
1456 2609 1489 2613 —
1501 2595 1640 2625 Jourdain,
1655 2601 1685 2619 n⁰
1699 2597 1753 2621 342.

470 2715 583 2752 370.
605 2724 741 2758 Definitio
758 2723 834 2759 quod
847 2726 902 2758 fiat
918 2724 1018 2750 domus
1030 2725 1156 2751 Parisiis
1169 2735 1223 2762 pro
1238 2726 1422 2753 studentibus
1439 2727 1520 2763 (Ord.
1542 2727 1760 2763 Cluniacensis),
1778 2730 1861 2763 facta
1876 2736 1951 2754 anno
1966 2727 2080 2754 Domini
2099 2727 2274 2753 MoccoLXI.

1696 2818 1765 2848 1281,
1780 2818 1842 2844 nali
1853 2818 1890 2848 15.
1905 2817 1925 2852 [
1926 2817 2036 2844 cluniaci
2033 2816 2060 2852 J.

561 2883 738 2926 Quoniam
774 2881 910 2915 multus
939 2883 1040 2915 favor
1076 2890 1132 2917 est
1167 2885 1331 2919 Cluniae.
1365 2887 1570 2921 scolaribus
1600 2888 1762 2922 Parisius
1792 2887 2025 2921 studentibus
2056 2898 2099 2920 ex
2135 2885 2346 2919 eorumdem

471 2951 593 2985 studio
628 2948 872 2990 adhibendus,
905 2955 941 2981 et
974 2948 1109 2982 ibidem
1146 2950 1246 2984 Ordo
1281 2953 1538 2988 Cluniacensis
1568 2955 1750 3001 propriam
1782 2955 1928 2988 domum
1959 2966 2034 2987 non
2067 2953 2197 2987 habeat
2225 2951 2347 2986 studio

595 3007 637 3033 53.
