2580 3528
246 394 343 435 1268]
585 402 632 425 ΑΒ
665 402 771 424 Auno
805 401 883 424 ucc
916 400 1048 429 usqua
1083 400 1131 421 An
1166 398 1395 421 PnlLlPPUM
1432 398 1471 420 {v
1505 398 1593 420 asc.
1630 398 1768 420 rame.
2052 388 2116 421 477

243 477 376 512 litteris
409 476 547 510 domini
581 476 694 522 regis,
727 475 764 508 in
797 475 878 520 pios
910 486 1001 508 usus
1032 480 1068 507 et
1100 472 1273 506 utilitates
1305 483 1504 518 pauperum
1539 470 1819 505 committendos
1846 483 1853 503 ι
1890 483 1959 515 ego
1990 471 2116 504 valens

243 555 398 590 corpore
437 549 474 576 et
509 542 642 576 mentis
681 552 832 587 compos
870 540 999 574 volens
1033 540 1078 573 de
1112 539 1220 573 bonis
1254 538 1342 572 mihi
1376 551 1394 571 a
1429 539 1505 571 Deo
1540 537 1682 570 collatis
1712 543 1747 570 et
1775 537 1964 581 acquisitis
1999 536 2117 581 aliqua

238 609 464 644 universalis
493 608 650 642 ecclesie
679 607 810 642 usibus
842 614 877 640 et
907 605 1227 640 commoditatibus
1256 617 1455 651 pauperum
1485 604 1680 650 applicare,
1713 603 1864 636 maxime
1895 603 1931 635 in
1961 602 2018 635 his
2048 615 2118 647 que

244 676 382 710 directe
401 675 572 710 videntur
592 674 776 720 respicere
797 673 1028 707 commodum
1051 673 1265 713 animarum,
1287 671 1332 705 de
1354 671 1528 717 predictis
1554 670 1661 704 bonis
1688 670 1806 703 taliter
1827 669 1958 702 ordino
1983 681 2022 702 ac
2049 669 2118 701 dis-

239 754 341 788 pono
373 742 479 775 etiam
514 741 710 774 donatione
747 741 843 774 inter
877 740 994 782 vivos,
1029 738 1201 773 videlicet
1238 737 1336 784 quod
1371 737 1564 771 duodecim
1596 736 1757 770 scolares
1789 735 1965 781 theologi,
2000 735 2030 767 si
2069 741 2120 767 tot

244 808 422 842 bonorum
452 807 602 842 facultas
628 814 662 841 et
689 807 863 853 temporis
891 818 974 840 esse
1001 805 1222 852 permiserit,
1244 811 1433 838 manentes
1459 803 1567 837 simul
1588 803 1625 836 in
1654 803 1762 836 domo
1783 814 1852 835 una
1874 802 2035 835 Parisius
2063 801 2120 834 vel

243 874 343 917 alibi,
372 874 434 908 ubi
460 874 650 920 solempne
677 873 837 907 studium
869 884 952 906 esse
981 872 1191 917 contigerit,
1214 870 1370 904 habeant
1398 869 1552 916 quilibet
1573 876 1647 903 tres
1675 869 1815 902 solidos
1836 868 2028 914 parisiens.
2057 880 2121 913 per

244 940 520 983 hebdomadam,
540 952 604 986 per
619 939 867 974 hebdomadas
888 939 1124 985 quadraginta
1146 938 1322 984 quinque,
1343 937 1498 970 termino
1520 936 1717 982 incipiente
1733 948 1751 968 a
1772 936 1865 969 sesto
1887 936 1922 968 S.
1941 934 2120 980 Dionysii,

243 1007 302 1042 vel
326 1008 438 1048 circa;
461 1008 545 1041 item
567 1007 666 1052 quod
691 1006 751 1040 alii
779 1005 972 1039 duodecim
1003 1005 1128 1038 artiste
1159 1004 1272 1050 parvi,
1303 1004 1333 1037 si
1364 1003 1560 1049 aliquando
1591 1015 1674 1036 esse
1704 1002 1859 1048 possint,
1891 1001 2045 1034 habeant
2075 1001 2120 1034 de

245 1074 420 1120 predictis
444 1073 650 1108 redditibus
676 1073 806 1118 viginti
827 1073 989 1118 quinque
1014 1071 1127 1105 libras
1154 1078 1342 1104 turonens.
1370 1077 1439 1103 tam
1467 1082 1532 1115 pro
1554 1069 1662 1102 domo
1684 1062 1789 1114 quam
1816 1080 1882 1114 pro
1908 1080 2013 1114 pane,
2039 1079 2119 1101 cum

245 1140 424 1174 beneficio
453 1140 707 1186 theologorum
735 1139 994 1185 predictorum.
1021 1138 1115 1172 Volo
1143 1138 1248 1171 etiam
1277 1144 1311 1170 et
1338 1137 1469 1170 ordino
1497 1136 1595 1182 quod
1624 1136 1777 1181 predicti
1805 1135 1965 1168 scolares
1994 1146 2121 1168 omnes

244 1207 439 1253 eligantur,
461 1219 541 1241 cum
563 1218 656 1252 opus
676 1206 798 1247 suerit,
815 1205 859 1239 ab
879 1205 1146 1239 archidiaconis
1167 1203 1313 1237 duobus
1330 1203 1480 1248 Majoris
1496 1202 1630 1236 Caleti'
1648 1209 1683 1236 et
1699 1202 1853 1235 Minoris
1870 1202 1985 1236 Caleti
2005 1201 2121 1235 cathe—

245 1273 357 1308 dralis
377 1273 532 1307 ecclesie
554 1271 859 1317 Rothomagensis
881 1271 942 1317 qui
970 1283 1035 1316 pro
1058 1277 1220 1316 tempore
1241 1270 1388 1311 suerint,
1411 1269 1676 1303 interveniente
1703 1269 1733 1302 si
1759 1268 1942 1302 videbitur
1966 1280 2119 1301 assensu

244 1340 382 1374 domini
404 1338 710 1385 Rothomagensis
729 1337 1008 1383 archiepiscopi,
1043 1337 1074 1370 si
1104 1343 1189 1370 tunc
1210 1336 1367 1370 inveniri
1389 1335 1741 1368 dictivarchidiaconi
1763 1347 1835 1368 non
1858 1335 2012 1380 possint,
2039 1347 2119 1368 cum

244 1406 375 1440 electio
403 1412 465 1440 aut
485 1405 646 1452 provisio
676 1405 746 1438 erit
768 1404 887 1438 fienda
916 1404 961 1437 de
989 1403 1145 1449 quodam
1167 1403 1354 1442 bursario3
1377 1402 1573 1447 quodque⁸
1595 1401 1681 1435 dicti
1703 1401 1864 1434 scolares
1885 1401 1956 1435 siut
1979 1408 2047 1434 tam
2075 1401 2120 1434 de

241 1473 371 1518 Majori
399 1472 538 1513 Caleto,
566 1484 672 1518 quam
702 1471 747 1504 de
777 1471 925 1512 Minori,
952 1470 984 1504 si
1009 1471 1046 1503 in
1080 1470 1162 1503 istis
1187 1469 1333 1502 duobus
1358 1468 1494 1503 Caletis
1523 1468 1747 1501 sufficientes
1775 1475 1810 1501 et
1839 1468 1994 1501 idoneos
2020 1468 2121 1501 inve-

244 1540 357 1581 niant,
382 1538 441 1573 vel
466 1539 498 1573 si
523 1551 597 1572 non
622 1538 854 1572 inveniantur
885 1537 922 1570 in
953 1537 1033 1571 istis
1064 1535 1210 1570 duobus
1239 1535 1388 1577 caletis,
1418 1535 1545 1568 saltem
1578 1547 1620 1568 ex
1650 1541 1722 1568 tota
1757 1534 1896 1567 diocesi
1933 1534 2122 1567 Rothoma-

245 1606 352 1652 gensi
374 1606 460 1640 sint.
482 1606 527 1639 Et
547 1605 637 1639 tales
657 1604 840 1650 eligantur
865 1610 1038 1649 quantum
1066 1603 1110 1637 ad
1145 1602 1352 1648 theologOS,
1384 1602 1445 1648 qui
1473 1601 1633 1635 rexerint
1659 1601 1898 1647 probabiliter
1918 1601 1954 1634 in
1983 1601 2122 1634 artibus

246 1672 479 1719 quibusdam,
500 1678 536 1706 et
560 1677 732 1718 quantum
757 1671 801 1705 ad
822 1677 1011 1716 utrosque,
1034 1670 1096 1716 qui
1118 1670 1191 1703 sint
1211 1675 1384 1715 quantum
1406 1669 1449 1702 ad
1470 1680 1592 1702 mores
1613 1668 1904 1702 conversationis
1928 1667 2122 1701 laudabilis

245 1746 282 1773 et
305 1739 472 1773 honeste.
495 1740 584 1772 Item
599 1738 684 1773 volo
704 1745 740 1772 et
759 1738 890 1771 ordino
911 1737 1010 1783 quod
1030 1737 1062 1771 si
1083 1737 1237 1783 predicti
1258 1736 1422 1781 theologi
1442 1735 1500 1769 vel
1520 1735 1631 1780 aliqui
1653 1741 1735 1781 post
1756 1747 1819 1769 sex
1839 1747 1955 1768 annos
1982 1734 2123 1768 theolo-

245 1806 340 1852 giam
359 1806 553 1848 audierint,
570 1805 628 1839 vel
648 1805 865 1839 beneficium
887 1804 1036 1850 aliquod
1057 1803 1243 1838 sufficiens
1263 1803 1399 1836 fuerint
1419 1802 1591 1842 assecuti,
1613 1802 1711 1847 quod
1732 1814 1775 1835 ex
1803 1808 1887 1835 tunc
1908 1802 1967 1835 alii
1999 1802 2121 1835 idonei

245 1879 281 1907 et
300 1872 523 1907 sufficientes
539 1872 721 1918 eligantur
742 1883 807 1918 per
827 1871 977 1904 eosdem
999 1870 1179 1904 electores
1200 1877 1235 1903 et
1255 1869 1524 1903 substituantur
1545 1869 1697 1910 eisdem,
1720 1868 1788 1902 sub
1810 1868 1929 1901 modis
1945 1875 1981 1902 et
2000 1869 2122 1901 condi-

244 1939 407 1974 tionibus
433 1939 639 1981 antedictis,
660 1939 758 1972 omni
780 1937 1069 1972 contradictione
1090 1943 1126 1971 et
1145 1937 1336 1971 affectione
1363 1936 1498 1970 carnali
1519 1935 1763 1977 cessantibus,
1786 1935 1857 1968 nisi
1884 1935 2016 1981 aliquis
2044 1935 2121 1968 illo-

246 2018 326 2040 rum
346 2006 383 2040 in
403 2013 499 2040 tanta
515 2005 742 2052 prerogativa
765 2005 916 2038 scientie
939 2004 1106 2046 emineat,
1129 2003 1226 2050 quod
1249 2003 1365 2049 possit
1384 1991 1422 2036 in
1443 2002 1555 2036 scolis
1575 2002 1730 2047 alicujus
1751 2002 1915 2048 magistri
1937 2001 2121 2047 theologie

247 2071 412 2118 publicas
431 2072 556 2119 legere
572 2072 770 2113 lectiones;
788 2078 824 2105 et
845 2078 928 2105 tunc
950 2071 1150 2104 dimittatur
1171 2069 1321 2107 ibidem,
1338 2069 1369 2103 si
1390 2069 1559 2111 voluerit,
1578 2069 1694 2102 donec
1716 2069 1759 2102 ad
1780 2068 1984 2102 cathedram
2007 2068 2119 2102 valeat

247 2138 446 2172 ascendere
473 2138 730 2185 magistralem.
753 2138 952 2172 Residuum
980 2144 1098 2171 autem
1126 2137 1371 2183 predictorum
1400 2135 1607 2169 reddituum
1637 2142 1670 2169 et
1699 2135 1845 2169 domum
1873 2148 1978 2181 quam
2005 2135 2120 2168 habeo

248 2204 463 2251 Rothomagi
496 2205 533 2238 in
567 2212 676 2251 ponte
710 2204 898 2246 Gausredi,
929 2204 1050 2238 soluto
1080 2216 1193 2237 censu
1224 2203 1355 2236 domus
1385 2203 1563 2236 dictorum
1595 2202 1862 2247 theologorum,
1895 2202 1941 2235 do
1973 2209 2004 2234 et
2036 2201 2120 2247 lego

248 2271 359 2318 priori
388 2272 496 2305 Beate
523 2271 774 2317 Magdalene⁴,
802 2283 868 2317 pro
895 2270 1116 2317 colligendis
1142 2277 1178 2303 et
1202 2269 1435 2315 assignandis
1462 2269 1570 2302 dictis
1598 2268 1802 2302 scolaribus
1830 2268 1994 2301 redditus
2021 2275 2122 2301 ante-

247 2338 379 2378 dictos,
401 2350 466 2384 pro
491 2338 569 2372 suis
593 2344 629 2371 et
653 2349 803 2371 suorum
824 2337 1013 2371 laboribus
1034 2343 1069 2370 et
1089 2337 1273 2382 expensis.
1296 2335 1390 2370 Volo
1411 2335 1516 2368 etiam
1539 2341 1574 2368 et
1594 2335 1725 2368 ordino
1750 2335 1847 2380 quod
1875 2334 1919 2367 de
1946 2335 2120 2380 predictis

248 2404 431 2450 theologis
466 2404 552 2445 duo,
583 2403 824 2437 consimiliter
848 2403 1023 2449 eligendi,
1045 2409 1253 2436 remaneant
1282 2409 1444 2447 tempore
1471 2401 1684 2440 vacationis,
1715 2401 1853 2434 scilicet
1886 2413 1950 2446 per
1981 2408 2119 2447 septem

247 2470 506 2510 hebdomadam,
524 2470 567 2504 ad
584 2470 785 2504 custodiam
807 2469 938 2503 domus
954 2482 993 2503 ae
1015 2469 1051 2502 in
1072 2481 1112 2502 ea
1132 2475 1400 2502 contentorum.
1427 2467 1477 2501 Ad
1500 2479 1593 2513 opus
1613 2474 1730 2500 autem
1750 2467 1994 2513 predictorum
2020 2467 2122 2501 theo-

247 2537 415 2583 logorum
437 2537 484 2570 do
504 2536 699 2570 donatione
721 2536 815 2570 inter
834 2536 937 2570 vivos
958 2535 1118 2576 domum,
1137 2547 1241 2581 quam
1263 2535 1333 2568 emi
1351 2534 1511 2568 Parisius
1532 2546 1550 2567 a
1571 2533 1769 2567 Guillelmo
1791 2534 1887 2567 dicto
1910 2534 2120 2568 Fructuario

242 2604 343 2650 juxta
365 2604 532 2649 Harpam,
555 2603 590 2636 in
612 2602 799 2649 parrochia
821 2602 940 2636 Sancti
962 2602 1140 2636 Severini.
1160 2602 1213 2635 Do
1234 2601 1340 2635 etiam
1363 2601 1453 2646 ipsis
1474 2600 1517 2634 ad
1539 2612 1632 2646 opus
1652 2600 1812 2633 omnium
1835 2607 1871 2634 et
1890 2601 2120 2646 singulorum

249 2677 361 2704 totum
391 2682 526 2716 corpus
555 2669 753 2715 theologie,
778 2669 950 2703 videlicet
976 2667 1108 2702 biblias
1138 2667 1325 2714 simplices
1352 2674 1384 2701 et
1414 2667 1651 2707 sufficientes,
1682 2667 1763 2700 item
1796 2666 1910 2701 libros
1937 2667 2121 2712 glossatos

248 2748 376 2770 omnes
409 2743 446 2770 et
478 2736 653 2782 quosdam
693 2735 910 2782 duplicatos,
945 2747 1027 2769 cum
1066 2734 1224 2781 postillis
1259 2741 1293 2767 et
1328 2734 1478 2767 lecturis
1515 2733 1796 2775 sufficientibus,
1830 2740 1865 2768 et
1903 2734 2119 2780 quibusdam

249 2803 401 2837 summis
441 2802 653 2844 moralibus,
688 2814 769 2836 cum
806 2801 1039 2836 sermonibus
1073 2802 1299 2835 diversarum
1326 2800 1659 2846 cotnpilationmn⁸‚
1691 2800 1773 2834 item
1801 2800 1983 2834 volumina
2020 2801 2121 2846 plura

249 2868 508 2905 sententiarum
535 2881 615 2903 cum
642 2869 794 2903 summis
819 2875 852 2903 et
879 2868 1026 2915 scriptis
1052 2867 1219 2914 pluribus
1242 2867 1287 2901 ‹lc
1313 2866 1582 2913 questionibus,
1609 2867 1693 2901 item
1728 2867 1918 2912 originalia
1950 2867 2064 2913 plura,
2087 2874 2123 2900 ct

250 2934 361 2970 multa
391 2934 459 2970 alia
493 2936 640 2982 scripta,
671 2948 825 2981 quorum
855 2935 974 2969 omnia
1005 2935 1149 2968 nomina
1178 2934 1213 2968 in
1245 2934 1396 2980 quadam
1426 2933 1544 2967 littera
1569 2933 1693 2979 sigillo
1720 2946 1799 2967 mco
1826 2933 1981 2979 sigillata
2007 2933 2122 2966 conti-
