2580 3528
239 424 336 466 1256]
578 434 626 457 ΑΒ
658 434 765 457 Anno
799 434 877 457 uec
910 433 1043 463 USQUF.
1077 434 1127 456 ΑΒ
1162 434 1391 457 Pmmrpuu
1426 435 1466 458 iv
1500 436 1588 458 nnc.
1625 437 1763 459 ruane.
2042 430 2107 463 303

237 520 355 554 nuper
379 508 475 554 apud
501 507 627 542 sedem
653 507 889 554 apostolicam
918 507 1116 541 constituto
1146 507 1392 542 intelleximus
1420 520 1464 542 ex
1493 508 1668 542 relatione
1695 509 1807 551 fideli,
1837 511 1934 555 quod
1960 511 1996 544 in
2026 511 2108 557 lege

237 574 383 608 Domini
401 573 493 608 adeo
513 574 721 620 profeceras
741 586 806 620 per
825 573 936 620 longa
960 574 1080 608 studia
1105 574 1297 608 scolastice
1321 574 1528 620 discipline,
1550 581 1589 608 ut
1609 575 1778 609 decetero
1803 587 1953 621 preesse
1974 577 2109 611 debeas

236 653 276 675 ac
296 640 474 687 prodesse
493 640 575 674 aliis
596 652 662 687 per
681 640 895 674 doctrinam.
917 642 992 674 Nos
1017 641 1138 686 itaque
1163 641 1416 675 desiderantes
1436 641 1643 688 theologice
1664 642 1843 675 facultatis
1864 643 2023 676 studium
2046 656 2111 689 per

237 707 426 742 doctorum
451 713 488 741 et
509 706 715 741 auditorum
740 707 881 752 copiam
907 707 1087 753 ampliari,
1114 713 1149 741 te
1174 719 1240 753 per
1265 707 1438 741 dilectum
1463 707 1576 741 filium
1604 715 1769 742 nostrum
1794 710 1811 742 J
1818 710 1844 741 ‚³
1868 709 1963 742 tituli
1989 710 2108 743 Sancti

236 773 422 808 Laurentii
445 774 490 807 in·
507 773 644 807 Lucina
668 780 704 807 et
728 774 790 807 H.‘
808 773 904 807 tituli
929 774 1059 808 Sancte
1086 773 1218 808 Sabine
1245 774 1481 820 presbyteros
1505 774 1709 808 cardinales
1736 775 1932 808 examinari
1956 776 2110 810 fecimus

237 839 447 886 diligenter,
481 847 518 874 et
550 840 646 874 sicut
677 852 721 874 ex
754 840 918 886 ipsorum
953 847 989 874 et
1020 840 1174 874 aliorum
1212 840 1483 887 fidedignorum
1517 848 1615 875 certa
1648 841 1824 875 relatione
1854 843 2109 888 cognovimus,

235 913 404 953 repertus
436 918 477 940 es
510 907 555 941 ad
587 906 879 941 hedificationem
910 907 1066 941 ecclesie
1091 907 1229 942 Christi
1258 914 1294 941 et
1322 908 1564 942 eruditionem
1599 907 1752 942 aliorum
1779 909 1816 942 in
1845 920 1945 942 sacra
1979 910 2110 955 pagina

235 973 426 1020 copiosum
447 973 619 1007 talentum
641 973 793 1007 scientie
808 986 849 1007 ac
865 973 967 1007 verbi
986 973 1203 1020 elegantiam
1224 986 1268 1008 ex
1287 974 1410 1008 divine
1431 974 1718 1020 dispensationis
1738 987 1889 1009 munere
1909 976 2107 1022 accepisse.

237 1041 439 1086 Eapropter
458 1046 498 1074 ut
517 1040 653 1074 donum
669 1040 792 1074 divine
808 1041 924 1086 gratie
939 1041 1062 1075 favore
1078 1041 1281 1087 apostolico
1297 1040 1566 1087 subsequamur
1586 1042 1740 1087 regendi
1756 1041 1876 1076 scolas
1896 1049 1933 1076 et
1951 1042 2109 1076 docendi

236 1105 382 1152 publice
411 1107 573 1141 Parisius
601 1107 639 1140 in
665 1106 833 1140 facultate
860 1107 1022 1153 predicta
1051 1107 1195 1153 plenam
1220 1107 1287 1141 tibi
1315 1108 1527 1142 auctoritate
1553 1109 1778 1154 presentium
1803 1108 1986 1142 licentiam
2016 1109 2109 1143 elar-

235 1172 370 1218 gimur,
401 1179 615 1215 statuentes,
650 1180 690 1207 ut
722 1173 897 1219 deinceps
925 1174 1112 1208 consortio
1141 1174 1326 1208 societatis
1355 1175 1613 1221 magistrorum
1640 1175 1901 1208 Parisiensium
1936 1176 2109 1221 quemad-

236 1239 384 1273 modum
405 1251 501 1274 unus
521 1251 565 1273 ex
584 1240 675 1286 ipsis
695 1240 732 1273 in
753 1240 1026 1286 magistralibus
1042 1241 1241 1286 perfruaris
1262 1247 1298 1274 et
1316 1247 1354 1275 tu
1374 1253 1415 1275 ac
1435 1241 1621 1275 auditores
1641 1242 1692 1275 tui
1714 1241 1884 1275 omnibus
1905 1242 2109 1288 privilegiis

237 1312 273 1340 et
298 1305 587 1340 immunitatibus
621 1306 869 1340 universitatis
903 1307 1161 1352 magistrorum
1193 1313 1229 1340 et
1258 1307 1452 1341 scolarium
1491 1308 1752 1342 Parisiensium
1785 1308 1976 1354 presertim
2006 1310 2109 1354 juxta

236 1372 516 1414 ordinationem,
545 1384 650 1418 quam
676 1384 788 1418 super
816 1373 1065 1407 controversia
1090 1374 1185 1406 inter
1209 1373 1405 1419 religiosos
1431 1380 1468 1407 et
1491 1374 1676 1407 seculares
1705 1374 1900 1420 magistros
1927 1375 2109 1410 Parisien-

236 1438 330 1473 sium
355 1446 478 1472 exorta
499 1438 635 1472 dudum
657 1439 856 1473 edidimus⁵
874 1439 1077 1485 gaudeatis.
1100 1439 1198 1473 Nulli
1219 1451 1322 1485 ergo,
1348 1445 1429 1482 eta,
1451 1447 1576 1474 nostre
1597 1441 1850 1474 concessionis
1871 1447 1907 1474 et
1929 1442 2108 1476 constitu-

236 1505 360 1548 tionis,
380 1510 444 1540 εἰς.
468 1505 505 1539 Si
525 1505 608 1551 quis
628 1511 761 1547 autem,
782 1511 847 1540 etc.
870 1507 949 1539 Dat.
971 1506 1138 1539 Laterani
1158 1506 1182 1551 ij
1205 1506 1274 1539 kal.
1298 1505 1500 1548 Februarii,
1520 1519 1616 1540 anno
1636 1507 1691 1552 ij⁶.

328 1603 391 1635 neg.
407 1603 466 1628 Vat.
482 1603 623 1628 Alexandri
637 1604 672 1628 lv
685 1612 728 1628 an.
745 1604 768 1633 2,
784 1612 827 1636 ep.
841 1604 881 1633 99,
898 1605 943 1628 fol.
955 1605 1010 1628 138.

328 1688 351 1712 1.
367 1688 404 1713 De
422 1688 474 1712 isto
494 1689 526 1712 fr.
542 1688 662 1713 Guidone
681 1687 742 1712 vide
760 1696 843 1720 supra
861 1692 892 1712 n⁰
908 1689 962 1712 229.
978 1702 1011 1707 —
1024 1689 1047 1712 2.
1063 1689 1093 1712 In
1108 1689 1171 1720 Bag.
1188 1696 1194 1712 t
1212 1697 1225 1712 (τ
1240 1689 1336 1712 Ductor
1351 1696 1372 1712 ν.
1388 1701 1421 1707 -
1434 1689 1456 1712 3.
1473 1688 1621 1712 Johnnnem
1635 1689 1668 1712 de
1683 1689 1793 1718 Toueto,
1809 1688 1872 1714 Ord.
1889 1689 1953 1714 Cist.
1970 1689 2009 1714 Cf.
2026 1698 2109 1722 supra

235 1732 270 1758 nb
288 1733 344 1763 1¹10,
362 1733 416 1757 1⁵7.
431 1746 464 1751 —
481 1733 505 1757 4.
522 1733 668 1765 nugonem,
688 1732 751 1757 Ord.
774 1733 867 1759 praed.
883 1746 914 1751 -
928 1735 951 1757 5.
972 1734 1060 1765 Supra
1080 1737 1111 1757 n⁰
1131 1734 1185 1757 247.
1201 1746 1233 1751 —
1250 1734 1274 1757 6.
1291 1733 1410 1757 Primum
1431 1733 1474 1756 hic
1494 1741 1509 1757 n
1527 1741 1599 1765 papa
1619 1733 1679 1765 ipso
1696 1733 1776 1757 alicui
1791 1733 1870 1757 datur
1884 1733 1990 1758 licentia
2003 1734 2109 1767 legendi

235 1777 263 1802 in
277 1777 457 1803 Univernitate
471 1777 616 1802 Pariniensi
630 1777 687 1802 uino
701 1777 820 1802 examine
832 1786 848 1801 a
862 1778 999 1810 magistris
1014 1778 1099 1804 Parin.
1114 1777 1190 1810 prius
1205 1777 1335 1802 instituto.

236 1957 350 1998 266·
371 1967 541 1997 Alexander
552 1970 570 1995 1
572 1968 598 1996 V
606 1968 787 1995 universitati
802 1968 1004 2004 magistrorum
1019 1967 1230 1994 Parisiensium
1245 1967 1281 1994 de
1296 1966 1395 1995 eodem
1409 1970 1586 2003 argumento.

1422 2068 1497 2098 1268,
1512 2068 1632 2095 donuae-1¹1⁸
1642 2069 1682 2099 37.
1697 2069 1823 2095 Laterum:

325 2145 562 2181 Universitati
599 2144 856 2191 magistrorum
890 2142 1164 2177 Parisiensium.
1199 2144 1319 2176 Decor
1346 2155 1495 2189 sponse,
1529 2148 1593 2177 etc.
1629 2154 1734 2188 usque
1766 2142 1984 2177 revelemus.
2017 2144 2109 2177 Sane

237 2212 370 2248 dilecto
395 2211 470 2247 filio
495 2212 604 2246 fratre
625 2210 795 2245 Guidone
819 2209 948 2244 abbate
968 2210 1014 2244 de
1039 2209 1248 2244 Elemosina
1273 2209 1532 2244 Cisterciensis
1553 2209 1704 2243 Ordinis
1731 2221 1848 2255 nuper
1867 2209 1964 2255 apud
1984 2209 2108 2243 sedem

237 2278 471 2326 apostolicam
498 2278 710 2319 constituto,
734 2282 798 2312 etc.
821 2288 926 2323 usque
951 2276 1088 2310 dudum
1117 2276 1300 2310 edidimus
1320 2275 1536 2322 potiantur⁴,
1557 2275 1675 2310 verbis
1694 2281 1928 2321 competenter
1946 2276 2107 2310 mutatis.

237 2346 415 2390 Quocirca
434 2343 660 2379 universitati
679 2349 800 2378 vestre
821 2355 886 2390 per
906 2342 1103 2389 apostolica
1125 2342 1258 2388 scripta
1279 2341 1503 2382 mandamus,
1522 2341 1691 2388 quatinus
1708 2342 1883 2387 prefatum
1900 2342 2045 2375 fratrem
2063 2342 2107 2376 G.

237 2412 282 2447 ad
301 2411 526 2446 consortium
542 2417 702 2445 vestrum
723 2417 760 2444 et
778 2409 822 2444 ad
843 2409 1048 2443 docendum
1063 2410 1166 2455 juxta
1186 2409 1438 2443 concessionis
1454 2414 1490 2442 et
1505 2407 1777 2442 constitutionis
1798 2415 1922 2442 nostre
1945 2415 2108 2442 tenorem

237 2478 316 2512 sine
342 2477 551 2512 difficultate
574 2476 737 2524 qualibet
760 2475 970 2517 admittatis,
990 2475 1153 2521 alioquin
1173 2474 1373 2509 venerabili
1399 2474 1498 2508 sratri
1525 2481 1651 2508 nostro
1671 2500 1692 2507 ..
1711 2474 1885 2520 episcopo
1911 2475 2107 2509 Parisiensi

237 2545 365 2580 damus
390 2544 527 2579 nostris
551 2543 683 2578 litteris
707 2543 745 2577 in
771 2542 961 2584 mandatis,
983 2548 1023 2575 ut
1046 2553 1112 2576 vos
1138 2541 1183 2575 ad
1203 2541 1240 2574 id
1261 2541 1460 2574 monitione
1486 2540 1663 2587 premissa
1689 2552 1754 2587 per
1773 2552 1963 2575 censuram
1990 2540 2109 2575 eccle·-

237 2611 417 2647 siasticam
439 2610 682 2657 appellatione
703 2615 839 2643 remota
859 2608 1064 2654 compellat.
1088 2609 1166 2642 Dat.
1189 2613 1227 2641 ut
1247 2619 1369 2653 supra.

328 2709 392 2742 Reg.
407 2709 463 2733 Vno..
480 2707 619 2732 Alexandri
635 2707 668 2732 1v
683 2715 724 2731 nn.
741 2708 764 2736 2,
780 2715 822 2739 ep.
840 2706 896 2736 99¹¹,
913 2706 958 2731 fol.
975 2705 1045 2731 ¹³8³.
1061 2705 1160 2730 ibidem
1176 2704 1330 2738 adjungitur
1346 2712 1351 2729 :
1369 2713 1380 2728 a
1398 2705 1426 2729 ln
1442 2704 1552 2728 cundem
1568 2705 1675 2729 modum
1690 2705 1848 2730 cancellario
1862 2704 2005 2729 Parisienni
2020 2713 2043 2730 n.

332 2793 355 2818 1.
371 2793 400 2818 ln
415 2797 444 2817 n·
458 2793 504 2818 265
519 2800 526 2817 ¹.
543 2801 556 2817 ι
570 2791 709 2825 gaudeatis
725 2800 748 2816 ι.
