2580 3528
508 399 572 432 470
1086 404 1405 428 eliani-unitatum
1440 403 1631 425 UNIVERS.
1669 402 1798 424 ranis.
2278 394 2376 435 [1267

505 538 620 575 417.
646 546 771 573 Clemens
788 547 831 572 IV
842 546 1004 571 Maurinum
1020 544 1266 580 archiepiscopum
1282 542 1494 568 Narbonensem
1515 541 1649 576 objurgat
1670 540 1747 576 quod
1769 542 1877 578 Corpus
1900 541 2006 569 Christi
2026 542 2222 569 essentialiter
2236 543 2267 570 1⁰„
2286 543 2378 571 algari

594 604 649 622 non
665 604 727 621 esse
741 595 857 630 dixerit,
875 594 927 621 sed
941 597 1051 620 tantum
1066 594 1140 619 sicut
1154 593 1298 627 signatum
1314 591 1366 617 sub
1381 591 1471 625 signo,
1491 594 1518 616 et
1533 589 1607 615 hanc
1622 598 1685 615 esse
1700 589 1839 616 celebrem
1855 590 2015 627 opinionem
2030 592 2156 618 Parisiis
2170 592 2319 628 adJecerit.

1694 680 1772 710 1267,
1788 679 1906 706 octobris
1919 681 1965 710 28,
1982 680 2089 707 met-bii.

592 758 878 803 Archiepiscopo
906 756 1145 790 Narbonensi.
1174 756 1315 798 Quanto
1341 753 1522 787 sincerius
1547 765 1740 799 personam
1767 760 1862 787 tuam
1885 754 2086 800 diligimus,
2108 761 2207 789 tanto
2227 756 2375 802 gravius

504 824 757 870 perturbamur
789 835 867 856 cum
899 823 942 855 ad
973 834 1039 855 nos
1071 834 1110 855 ea
1141 822 1185 854 de
1216 828 1249 853 te
1280 820 1510 865 perveniunt,
1534 832 1604 865 que
1626 820 1677 853 tui
1707 832 1780 853 non
1809 820 1940 854 decent
1966 821 2073 854 officii
2099 822 2311 867 gravitatem
2340 829 2377 857 et

504 891 693 936 presertim
715 902 795 922 cum
818 890 854 922 in
876 896 990 922 status
1012 889 1062 921 tui
1083 894 1240 932 vergunt
1259 886 1460 932 periculum
1484 893 1519 919 et
1539 886 1703 920 honoris.
1728 887 1820 920 Sane
1840 886 2064 921 familiariter
2088 888 2154 921 tibi
2179 889 2374 924 scribimus

501 957 564 989 illo
590 957 771 989 dumtaxat
797 956 957 996 conscio,
986 955 1047 999 qui
1075 960 1280 999 presentem
1310 954 1469 987 exaravit
1493 954 1723 999 scripturam,
1752 953 1797 986 ad
1823 960 1986 987 nostrum
2017 955 2230 1000 pervenisse
2257 967 2375 1002 nuper

500 1028 660 1060 auditum
687 1027 784 1071 quod
805 1033 841 1059 tu
863 1027 899 1058 in
921 1032 1043 1058 nostra
1065 1025 1225 1058 existens
1246 1025 1344 1057 curia
1367 1024 1507 1057 cuidam
1530 1037 1662 1070 magno
1682 1025 1762 1058 viro
1786 1031 1905 1058 tecum
1931 1025 1975 1058 de
2001 1033 2226 1060 sacramento
2251 1027 2374 1062 altaris

498 1094 699 1127 conferenti
725 1093 860 1134 dixisti,
883 1104 1015 1137 corpus
1043 1092 1188 1125 Domini
1215 1092 1331 1124 nostri
1350 1091 1463 1125 Jhesu
1484 1091 1620 1126 Christi
1643 1092 1912 1125 sanctissimum
1940 1093 2185 1127 essentialiter
2209 1094 2246 1127 in
2271 1094 2373 1129 altari

497 1172 570 1193 non
591 1172 685 1200 esse,
708 1159 772 1193 sed
794 1166 929 1192 tantum
951 1159 1043 1191 sicut
1066 1159 1247 1204 signatum
1269 1158 1337 1191 sub
1359 1158 1479 1204 signo,
1502 1165 1537 1192 et
1556 1158 1648 1192 hanc
1669 1158 1851 1192 celebrem
1873 1171 1956 1193 esse
1977 1160 2187 1205 opinionem
2211 1160 2373 1195 Par-isius

497 1226 673 1271 adjecisti.
705 1225 830 1270 Repsit
856 1232 973 1258 autem
1003 1224 1060 1257 hic
1089 1236 1209 1258 sermo
1236 1225 1391 1258 latenter
1417 1225 1512 1258 inter
1537 1225 1681 1270 aliquos
1711 1225 1921 1272 divulgatus
1951 1233 1988 1259 et
2015 1227 2059 1260 ad
2089 1238 2158 1260 nos
2187 1234 2372 1272 postremo

498 1293 714 1338 perveniens
745 1292 999 1325 scandalizavit
1032 1303 1099 1324 nos
1132 1291 1341 1337 plurimum,
1371 1304 1438 1325 nec
1467 1292 1572 1325 facile
1599 1292 1708 1326 nobis
1740 1293 1857 1326 extitit
1882 1293 2033 1326 credere
2065 1293 2148 1327 talia
2173 1300 2208 1327 te
2235 1294 2372 1328 dixisse

495 1372 565 1404 que
592 1359 748 1392 heresim
776 1359 963 1392 continent
990 1358 1213 1391 manifestam
1242 1365 1278 1391 et
1302 1358 1402 1392 illius
1428 1359 1643 1392 sacramenti
1669 1359 1848 1405 derogant
1871 1360 2026 1402 veritati,
2053 1360 2090 1393 in
2114 1372 2186 1406 quo
2210 1360 2303 1394 fides
2328 1372 2372 1395 eo

496 1426 701 1471 negotiatur
740 1425 877 1466 utilius,
914 1437 984 1470 quo
1025 1437 1172 1458 sensum
1213 1432 1372 1470 superat,
1409 1425 1632 1459 intellectum
1674 1426 1829 1471 captivat
1864 1433 1899 1460 et
1938 1427 2015 1460 suis
2054 1426 2200 1473 legibus
2239 1427 2374 1461 subicit

497 1493 683 1525 rationem.
714 1494 914 1537 Eapropter
940 1498 999 1525 tuc
1027 1492 1241 1525 fraternitati
1267 1492 1508 1534 consulimus,
1530 1499 1570 1525 ut
1598 1505 1671 1525 non
1702 1492 1785 1538 plus
1811 1493 1930 1538 sapias
1956 1505 2061 1539 quam
2087 1501 2263 1540 oporteat.
2290 1495 2370 1528 Non

497 1560 661 1604 imponas
686 1558 954 1592 Parisiensibus
981 1559 1078 1603 quod
1105 1571 1178 1591 non
1200 1559 1398 1601 sentiunt¹,
1422 1559 1487 1593 sed
1513 1559 1659 1593 fatearis
1679 1559 1866 1593 humiliter
1890 1566 1926 1593 et
1949 1560 2102 1594 firmiter
2125 1567 2251 1594 teneas
2272 1561 2371 1606 quod

495 1626 735 1658 communiter
755 1632 853 1659 tenet
874 1626 1040 1667 ecclesia,
1061 1626 1159 1670 quod
1180 1626 1294 1659 sancti
1317 1626 1449 1659 docent
1469 1633 1504 1659 et
1523 1626 1724 1672 predicant,
1747 1624 1815 1660 sub
1837 1627 2031 1672 speciebus
2052 1628 2193 1661 scilicet
2212 1628 2315 1674 panis
2335 1635 2372 1663 et

494 1692 567 1725 vini
599 1699 681 1737 post
710 1704 809 1725 sacra
836 1692 944 1726 verba
970 1693 1071 1737 juxta
1102 1693 1209 1726 ritum
1241 1693 1396 1727 ecclesie
1426 1705 1490 1726 ore
1520 1693 1721 1727 sacerdotis
1751 1693 1889 1739 prolata
1919 1705 2001 1728 esse
2029 1706 2127 1737 vere,
2159 1695 2306 1729 realiter
2335 1703 2371 1730 et

494 1758 736 1792 essentialiter
761 1771 894 1804 corpus
920 1766 955 1792 et
980 1759 1197 1804 sanguinem
1223 1760 1369 1792 Domini
1395 1760 1511 1793 nostri
1536 1759 1649 1793 Jhesu
1676 1760 1826 1802 Christi,
1847 1760 1934 1794 licet
1955 1760 2119 1794 localiter
2141 1762 2189 1795 sit
2212 1762 2250 1795 in
2275 1762 2366 1797 celo.

494 1827 537 1858 Et
557 1825 587 1858 si
608 1826 730 1858 forsan
750 1825 862 1859 habes
882 1826 1091 1859 memoriam
1115 1827 1172 1859 cui
1192 1826 1250 1860 vel
1270 1826 1404 1872 quibus
1425 1827 1642 1869 asserueris,
1660 1827 1697 1860 id
1718 1827 1854 1873 scripto
1871 1827 1929 1861 vel
1945 1827 2058 1862 verbo
2079 1840 2243 1870 revoces,
2260 1841 2306 1863 ne
2323 1829 2368 1863 de

493 1898 526 1924 te
548 1892 639 1925 male
661 1892 818 1925 sentiant
838 1893 899 1938 qui
920 1893 1012 1926 male
1028 1893 1196 1938 judicant
1216 1894 1260 1926 de
1281 1900 1350 1926 tam
1373 1894 1510 1939 insigni
1532 1894 1696 1927 misterio
1717 1900 1752 1928 te
1773 1894 1945 1928 senfire’.
1968 1896 2046 1928 Dat.
2068 1894 2225 1929 Viterbii
2249 1907 2272 1930 v
2295 1896 2365 1930 kal.

493 1958 721 2000 Novembris,
743 1971 836 1992 anno
862 1959 913 2004 iij.

584 2056 728 2087 Epistolae
741 2062 767 2081 et
787 2058 944 2082 dictamina
959 2060 1030 2082 dom,
1050 2058 1197 2083 Clementis
1207 2065 1303 2089 papae
1315 2059 1362 2083 11⁷
1377 2060 1440 2090 Reg.
1457 2059 1515 2083 Vat.
1531 2059 1673 2083 Clementis
1689 2059 1732 2088 IV,
1754 2061 1784 2082 n⁰
1807 2059 1846 2088 33,
1867 2067 1911 2091 ep.
1926 2059 1980 2088 391,
2006 2060 2051 2083 fol.
2075 2061 2118 2088 64;
2144 2064 2173 2083 n⁰
2197 2062 2236 2089 35,
2252 2069 2294 2093 ep.
2310 2062 2365 2091 394,

492 2101 534 2123 fol.
553 2101 606 2128 74¹2,
623 2104 648 2124 et
662 2101 688 2124 in
704 2102 762 2124 aliis
778 2102 852 2125 codd.
870 2107 898 2125 n⁰
912 2103 958 2125 418
973 2103 1068 2126 citatis.
1085 2104 1209 2131 Mar-tene,
1229 2103 1308 2128 Thes.
1323 2111 1386 2128 nov.
1401 2105 1508 2133 anecd„
1526 2104 1558 2132 11,
1574 2105 1629 2132 536,
1645 2107 1674 2127 n⁰
1689 2105 1742 2128 549.

584 2185 604 2208 1.
622 2185 655 2208 Νο
667 2186 696 2208 35
711 2186 821 2217 praebet
838 2187 967 2210 «sentiant
982 2196 1003 2210 ».
1022 2201 1051 2204 —
1068 2189 1090 2211 2.
1107 2188 1171 2211 Vide
1187 2196 1345 2219 responsum
1360 2188 1554 2220 archiepiscopi
1569 2189 1596 2212 in
1611 2193 1640 2212 n⁰
1656 2189 1783 2220 sequenti.

489 2364 601 2401 418.
626 2375 776 2401 Maurinas
799 2376 1033 2412 archiepiscopus
1050 2377 1246 2403 Narbonensis
1260 2378 1362 2404 scribit
1373 2387 1472 2414 papae
1490 2378 1626 2405 Clementi
1642 2387 1730 2415 super
1742 2378 1794 2405 hoc
1809 2378 1845 2405 de
1860 2387 1915 2415 quo
1931 2379 2120 2416 reprehensus
2139 2383 2210 2414 erat,
2235 2378 2366 2406 videlicet

578 2423 613 2448 de
630 2423 709 2449 verbo
726 2424 879 2450 indiscreto
895 2426 971 2450 circa
985 2430 1195 2452 sacramentum
1212 2426 1327 2453 altaris.

1763 2473 1840 2503 1267,
1853 2475 1917 2506 post
1931 2473 2017 2499 Octob.
2031 2473 2077 2499 28.

581 2542 665 2573 Rem
700 2542 931 2585 horrendam,
962 2556 1101 2578 summe
1143 2545 1408 2587 detestabilem,
1449 2546 1608 2580 heresim
1650 2547 1840 2581 manifeste
1880 2547 2140 2589 continentem,
2171 2547 2232 2592 pio
2261 2553 2361 2581 motu

494 2613 613 2639 sancta
634 2614 751 2640 vestra
773 2610 966 2653 paternitas
987 2622 1053 2643 suo
1076 2611 1207 2644 devoto
1229 2612 1303 2645 filio
1326 2612 1498 2646 decenter
1519 2614 1667 2659 scripsit
1687 2626 1755 2647 nos
1782 2614 1918 2648 dixisse
1943 2613 2085 2647 cuidam
2110 2625 2242 2659 magno
2266 2613 2359 2655 viro,

493 2672 575 2703 dum
604 2672 687 2705 olim
715 2685 879 2708 essemus
906 2676 942 2708 in
970 2688 1115 2710 romana
1141 2678 1239 2711 curia
1264 2679 1488 2713 conferendo
1514 2692 1595 2713 cum
1623 2680 1766 2722 eodem,
1794 2679 2037 2714 adicientibus
2062 2679 2169 2713 nobis
2198 2679 2360 2714 Parisius

493 2737 672 2770 celebrem
694 2751 774 2772 esse
797 2741 1018 2786 opinionem,
1041 2755 1173 2789 corpus
1195 2744 1331 2778 Christi
1357 2758 1431 2779 non
1451 2746 1698 2780 essentialiter
1718 2753 1753 2780 et
1771 2758 1857 2781 vere
1878 2758 1960 2780 esse
1981 2747 2018 2779 in
2038 2746 2153 2788 altari,
2175 2746 2241 2780 sed
2266 2746 2362 2780 sicut

492 2803 672 2848 signatum
707 2805 774 2838 sub
809 2807 929 2852 signo,
960 2816 1066 2853 prout
1099 2811 1232 2855 repsit¹
1269 2813 1501 2856 postmodum
1537 2813 1691 2847 latenter
1724 2825 1845 2847 sermo
1875 2813 1920 2846 ad
1948 2819 2105 2847 vestram
2139 2813 2358 2846 audientiam

491 2870 666 2914 pervenit.
698 2872 802 2914 Quod
832 2873 862 2905 si
893 2885 1071 2908 memores
1102 2888 1268 2910 essemus
1299 2890 1366 2911 nos
1397 2879 1534 2913 dixisse
1562 2886 1623 2913 aut
1648 2880 1772 2913 forsan
1801 2879 1926 2925 lingua
1951 2879 2095 2913 labente
2122 2879 2357 2922 dixissemus,

491 2936 720 2970 studeremus
750 2950 930 2980 revocare,
959 2941 1056 2985 quod
1086 2954 1310 2988 nequaquam
1346 2946 1587 2991 cogitavimus
1621 2958 1688 2979 nec
1723 2958 1764 2979 os
1799 2952 1964 2979 nostrum
1999 2946 2198 2992 polluimus
2232 2958 2357 2980 errore
