2580 3528
272 433 368 474 1254]
611 445 659 467 ΑΒ
692 445 798 467 Auno
832 445 910 468 mcc
944 445 1076 474 usQus
1110 446 1159 468 An
1194 445 1425 468 munerun
1460 447 1501 468 iv
1534 448 1622 469 nse.
1661 449 1797 470 rame.
2078 442 2142 476 265

267 566 380 605 237.
403 577 584 604 Innocentius
601 577 694 604 Wad
707 577 837 604 doctores
853 581 881 604 et
895 578 1109 604 universitatem
1127 577 1302 605 scholarium
1322 579 1541 613 Parisiensium,
1560 583 1591 605 ut
1609 583 1721 606 statuta
1737 589 1756 606 a
1773 581 1839 606 viris
1859 581 1896 606 ab
1916 581 2023 607 eisdem
2043 582 2141 608 electis

356 626 514 662 composita
528 625 734 653 inviolabiliter
747 626 936 653 observentur.

1513 674 1592 703 1254,
1607 674 1671 700 dum
1681 674 1705 704 4.
1721 674 1857 707 Anaqniae.

356 746 592 780 Innocentius
616 746 814 793 episcopus
839 759 969 781 servus
994 758 1183 781 servorum
1206 747 1271 781 Dei
1293 747 1356 780 dil.
1379 747 1464 781 filiis
1485 748 1699 782 doctoribus
1719 756 1755 782 et
1774 744 2001 783 universitati
2025 751 2140 784 scola-

267 812 361 845 rium
378 812 574 846 Parisiens.
593 812 746 847 salutem
768 820 804 847 et
823 813 1058 860 apostolicam
1075 813 1382 848 benedictionem.
1401 815 1586 858 Quociens
1602 827 1667 861 pro
1687 816 1869 849 communi
1891 816 2056 859 utilitate,
2073 823 2136 851 etc.

359 978 496 1010 Originsle
514 978 542 1003 in
562 978 638 1003 Arch.
659 982 713 1003 nat.
729 979 813 1003 Paris.
834 979 867 1003 Μ.
887 980 944 1008 ⁶5⁵,
968 983 997 1003 n⁰
1021 980 1043 1003 2.
1070 979 1147 1003 Bulla
1166 980 1290 1012 plumbea
1311 980 1362 1004 filis
1384 981 1495 1004 cannah.
1517 981 1685 1012 appenditur.
1701 982 1774 1005 Infra
1790 989 1795 1005 :
1814 990 1826 1005 (ι
1842 982 1879 1005 tte
1895 990 1916 1005 ι).
1937 982 1964 1005 In
1986 983 2138 1006 membrana

266 1030 359 1046 aversa
379 1030 386 1046 :
404 1031 416 1046 s
432 1023 565 1047 Hei-emite
580 1022 700 1048 notarius
716 1032 737 1047 ι).
762 1023 912 1047 Pertinebut
933 1023 966 1047 nd
987 1024 1063 1047 Arcb.
1086 1024 1208 1048 Univers.
1229 1024 1292 1049 Cod.
1309 1025 1367 1048 Vnt.
1383 1025 1446 1056 Reg.
1463 1026 1518 1053 406,
1540 1025 1584 1049 t'ol.
1606 1025 1635 1049 17
1642 1025 1663 1050 Β.
1680 1026 1750 1050 Bibl.
1768 1026 1900 1058 Phillipps
1915 1026 1941 1050 in
1956 1026 2137 1056 Cheheuhnm,

265 1074 315 1091 ms.
335 1067 391 1096 876,
407 1067 452 1092 fol.
469 1068 508 1092 19.

265 1194 377 1232 238.
401 1204 584 1231 Innocentius
598 1205 644 1231 IV
654 1204 804 1232 Guillelmo
820 1205 856 1232 de
873 1207 900 1232 S.
917 1206 1029 1240 Amore,
1044 1205 1230 1242 procuratori
1244 1215 1318 1241 mag.
1341 1210 1369 1232 et
1383 1205 1557 1232 scholarium
1572 1207 1679 1240 Pari-m,
1701 1207 1873 1242 facultatem
1893 1210 2012 1243 confert,
2037 1213 2068 1234 ut
2085 1217 2138 1244 pro

353 1254 488 1290 expensis
502 1253 532 1279 in
546 1253 669 1289 negotiis
684 1254 810 1290 ipsorum
821 1255 918 1291 possit
932 1258 1060 1281 mutuum
1075 1254 1243 1282 contrahere
1258 1264 1348 1291 usque
1363 1255 1405 1281 ad
1417 1264 1557 1282 summam
1574 1259 1728 1282 tercentum
1743 1256 1793 1283 lib.
1811 1260 1902 1283 turon.

1498 1332 1573 1361 1254.
1589 1332 1652 1358 dulit*
1665 1333 1702 1362 15,
1718 1332 1852 1366 anagniae.

354 1403 529 1449 Magistro
557 1403 756 1438 Guillelmo
785 1404 830 1438 de
861 1405 991 1438 Sancto
1017 1405 1151 1438 Amore
1177 1405 1353 1439 canonico
1380 1405 1607 1447 Belvacensi,
1629 1407 1854 1452 procuratori
1881 1408 2135 1453 magistrorum

263 1476 299 1504 et
327 1469 522 1504 scolarium
556 1470 831 1504 Parisiensium.
867 1471 958 1506 Cum
993 1471 1089 1505 sicut
1122 1471 1159 1505 in
1189 1478 1311 1506 nostra
1347 1472 1571 1518 proposuisti
1606 1473 1789 1518 presentia
1818 1474 2039 1508 constitutus
2073 1487 2138 1520 pro

263 1536 503 1583 expediendis
527 1538 694 1583 negociis
719 1538 969 1572 universitatis
989 1538 1247 1584 magistrorum
1269 1545 1304 1572 et
1323 1538 1518 1572 scolarium
1543 1539 1803 1573 parisiensium
1830 1547 1864 1573 te
1885 1540 2010 1574 subire
2031 1533 2139 1587 opor-

261 1609 334 1638 teat
368 1616 480 1638 onera
512 1616 768 1651 expensarum,
797 1617 844 1638 ne
873 1617 939 1651 pro
972 1605 1136 1651 ipsorum
1173 1605 1318 1639 defectu
1356 1605 1563 1651 inexpedita
1602 1613 1822 1648 remaneant,
1859 1619 1926 1640 nos
1963 1614 2031 1641 tam
2067 1609 2139 1641 tuis

261 1682 367 1717 quam
394 1671 559 1717 ejusdem
586 1672 842 1706 Universitatis
870 1684 982 1718 super
1002 1672 1073 1706 hiis
1098 1684 1164 1718 per
1183 1684 1268 1706 suas
1289 1672 1396 1706 nobis
1416 1673 1556 1706 litteras
1577 1673 1817 1719 supplicantis
1843 1674 2014 1719 precibus
2035 1674 2139 1708 incli-

261 1738 334 1772 nati
350 1737 588 1772 contrahendi
608 1745 773 1773 mutuum
794 1745 943 1785 propter
961 1738 1029 1773 hoc
1052 1751 1168 1785 usque
1189 1739 1233 1773 ad
1254 1751 1430 1773 summam
1452 1746 1694 1773 trecentarum
1711 1740 1774 1773 lib.
1793 1747 1912 1774 turon.
1931 1748 1967 1774 et
1987 1742 2138 1775 eandem

262 1805 543 1839 Universitatem
565 1812 602 1840 et
620 1806 738 1852 ipsius
758 1805 853 1840 bona
873 1805 1120 1840 creditoribus
1136 1806 1324 1852 obligandi
1345 1819 1384 1840 ac
1405 1807 1644 1840 renunciandi
1665 1807 1917 1841 constitutioni
1934 1808 1979 1841 de
1996 1808 2138 1842 duabus

261 1871 371 1906 dietis
400 1872 497 1906 edite
527 1872 565 1906 in
594 1873 762 1908 Concilio
789 1872 953 1919 generali
980 1879 1016 1907 et
1042 1872 1222 1907 beneficio
1250 1873 1493 1907 restitutionis
1521 1874 1557 1906 in
1583 1873 1766 1919 integrum
1794 1886 1937 1908 necnon
1966 1874 2137 1908 omnibus

260 1938 474 1985 apostolicis
498 1939 631 1973 litteris
652 1946 688 1974 et
707 1940 951 1986 indulgentiis
975 1940 1177 1986 impetratis
1204 1946 1240 1974 et
1265 1941 1371 1974 etiam
1398 1940 1650 1986 impetrandis,
1672 1940 1813 1986 plenam
1840 1940 1905 1974 tibi
1930 1948 1966 1974 et
1985 1941 2135 1974 liberam

259 2005 473 2040 auctoritate
494 2006 718 2053 presentium
740 2007 978 2041 concedimus
997 2006 1215 2049 facultatem,
1233 2019 1315 2041 cum
1336 2019 1448 2053 super
1467 2006 1536 2041 hoc
1553 2019 1670 2053 usque
1686 2007 1730 2040 ad
1746 2007 1943 2053 predictam
1961 2020 2135 2041 summam

261 2071 307 2106 ab
326 2072 453 2107 eadem
474 2073 720 2108 Universitate
745 2080 911 2120 patentes
936 2073 1075 2108 litteras
1095 2073 1230 2108 habere
1251 2074 1429 2115 noscaris,
1452 2074 1499 2107 ita
1524 2074 1622 2120 quod
1644 2074 1871 2107 Universitas
1897 2075 1974 2120 ipsa
1997 2075 2134 2108 eisdem

261 2138 508 2173 creditoribus
536 2139 748 2186 hujusmodi
773 2141 963 2187 pecuniam
988 2140 1133 2175 solvere
1160 2153 1303 2174 necnon
1328 2141 1483 2186 dampna
1507 2147 1544 2174 et
1567 2153 1746 2186 expensas
1772 2147 1808 2174 et
1831 2141 2025 2183 interesse,
2047 2141 2078 2174 si
2100 2141 2135 2174 in

262 2205 418 2240 termino
453 2206 646 2240 statuendo
677 2207 866 2253 pecuniam
898 2219 971 2241 non
1002 2207 1154 2242 solverit
1187 2214 1435 2249 memoratam,
1472 2207 1667 2241 restituere
1702 2214 1880 2249 teneatur,
1916 2214 1951 2240 et
1987 2208 2135 2253 prefatis

261 2272 507 2307 creditoribus
526 2279 693 2320 pretextu
713 2273 867 2319 alicujus
891 2274 1164 2308 constitutionis
1184 2274 1358 2308 canonice
1377 2273 1436 2308 vel
1460 2274 1579 2308 civilis
1599 2280 1660 2307 aut
1679 2275 1930 2319 cujuscunque
1952 2274 2134 2319 privilegii

260 2339 317 2373 vel
338 2339 582 2389 indulgentie,
603 2340 649 2374 de
669 2339 804 2387 quibus
824 2341 862 2374 in
882 2341 1019 2375 nostris
1040 2340 1172 2374 litteris
1192 2340 1387 2386 specialem
1408 2347 1444 2374 et
1464 2340 1605 2386 plenam
1628 2346 1792 2385 oporteat
1812 2340 1891 2373 fieri
1913 2340 2132 2373 mentionem

259 2413 296 2440 et
315 2418 382 2453 per
401 2418 472 2452 que
493 2406 618 2440 eadem
640 2406 868 2441 Universitas
889 2413 1017 2453 posset
1036 2407 1073 2440 in
1092 2406 1276 2452 aliquibus
1297 2418 1338 2440 se
1358 2406 1466 2447 tueri,
1486 2406 1616 2439 dictam
1638 2406 1827 2451 pecuniam
1849 2406 1886 2438 in
1907 2406 2024 2451 ipsius
2045 2406 2133 2439 Uni·

259 2473 442 2508 versitatis
462 2472 652 2507 utilitatem
678 2473 793 2507 fuisse
819 2485 1031 2507 conversam
1059 2473 1236 2519 probandi
1258 2473 1458 2506 necessitas
1480 2484 1553 2506 non
1575 2471 1769 2505 incumbat.
1793 2473 1871 2505 Dat.
1894 2472 2060 2518 Anagnie
2081 2472 2129 2506 id.

256 2539 357 2582 sulii,
379 2551 475 2574 anno
495 2540 557 2586 xij.

351 2639 415 2671 neg.
430 2638 488 2663 Vnt.
505 2638 649 2663 innocentii
666 2639 699 2663 {V
714 2647 756 2664 un.
773 2639 812 2669 12,
826 2646 867 2671 ep.
884 2639 923 2668 2⁹,
940 2638 984 2663 sol.
1002 2638 1055 2662 147.
1070 2651 1101 2656 —
1113 2637 1245 2670 Wndding
1261 2637 1340 2670 hujus
1355 2637 1483 2670 epistolae
1499 2636 1562 2661 facit
1576 2636 1733 2661 mentionem
1749 2636 1775 2660 in
1790 2638 1867 2662 Ann-
1888 2636 1971 2666 Min„
1987 2637 2001 2660 2
2016 2636 2067 2665 ed..
2084 2636 2130 2665 m,

256 2683 310 2708 2⁴8.
331 2682 370 2708 Ex
388 2682 447 2716 ipso
466 2682 591 2712 Bulaeus,
611 2683 657 2712 111,
678 2683 732 2707 27⁶.
750 2696 777 2701 —
799 2683 837 2707 Ex
855 2682 914 2711 hac,
932 2682 1063 2715 imprimis
1082 2690 1143 2707 vero
1165 2690 1197 2706 ex
1215 2681 1335 2715 sequenti
1354 2681 1467 2714 epistola
1489 2684 1601 2714 apparet
1627 2681 1806 2705 Innocentium
1827 2681 1860 2705 lv
1881 2680 2008 2705 fratribus
2029 2680 2131 2705 Mendi-

256 2727 387 2757 antibus,
405 2727 556 2761 specialiter
570 2727 800 2752 Praedicatoribus
818 2735 869 2751 non
887 2728 974 2752 solum
991 2727 1137 2760 generatim
1155 2726 1198 2759 (cf.
1214 2731 1244 2751 η’
1258 2727 1313 2757 2³⁶)
1331 2726 1378 2751 sed
1390 2726 1473 2758 ‘etiam
1490 2726 1517 2750 in
1533 2725 1710 2751 Universitnte
1724 2725 1879 2749 docentibus
1899 2725 2030 2750 infensum
2049 2725 2130 2749 tuisse

255 2775 347 2797 matrs
362 2780 439 2798 susm
452 2773 528 2806 prius
543 2773 587 2806 (cf.
604 2777 643 2797 n*
657 2773 703 2797 222
718 2772 787 2806 sqq.)
802 2780 955 2805 expressam
969 2772 1136 2797 sententiam.

381 3031 478 3057 chart.
500 3029 579 3056 Unio.
596 3029 692 3056 Paris.
709 3028 731 3054 1.
1973 3022 2002 3046 84
