2618 3640
527 445 568 477 34
1111 451 1431 475 CHARTULARIUM
1466 449 1658 472 uxivizns.
1696 448 1827 471 Pinus.

528 528 728 562 debeatur:
755 527 830 561 scio
857 527 955 572 quod
981 527 1012 560 si
1040 527 1202 572 presenti
1229 537 1350 567 cause,
1377 525 1435 558 cui
1461 524 1657 569 plurimum
1685 522 1826 556 assistit
1851 522 2006 567 equitas,
2038 522 2195 556 sollicite
2219 523 2414 568 impende-'

528 596 607 628 ritis
629 594 896 640 procurationis
918 594 1087 635 officium,
1115 593 1268 626 intentio
1289 598 1408 625 vestra
1435 603 1517 624 cum
1543 590 1682 622 honore
1708 596 1744 622 et
1762 589 1882 622 fructu
1903 589 2026 623 veniet
2047 589 2091 623 ad
2112 589 2293 623 effectum.
2320 591 2407 624 Nam

527 662 613 695 licet
632 662 685 694 rei
710 661 856 695 vendite
877 667 938 694 aut
957 661 1088 693 donate
1109 666 1170 693 aut
1195 671 1238 692 ex
1258 670 1364 692 causa
1386 657 1503 690 relicti
1524 656 1646 690 debite
1668 669 1741 689 non
1763 655 1879 690 soleat
1898 656 1978 689 sine
1999 656 2194 690 traditione
2219 657 2409 690 transferri

528 729 746 766 dominium,
778 728 835 760 hic
866 734 984 760 tamen
1014 726 1129 759 habeo
1160 726 1285 759 utilem
1315 725 1493 758 actionem
1521 724 1557 756 in
1591 735 1667 756 rem
1702 735 1768 768 per
1796 735 1902 768 quam
1939 723 2122 756 contendo
2152 723 2268 757 libros
2298 723 2408 758 michi

526 795 689 828 exhiberi
710 801 745 828 et
764 794 868 827 tradi.
892 795 936 827 Et
954 794 998 826 ad
1018 793 1086 826 hoc
1108 793 1191 825 sacit
1206 792 1264 825 lex
1286 792 1346 825 illa
1366 791 1602 836 Digestorum
1623 790 1668 823 ad
1686 790 1940 836 municipales,
1962 791 2007 823 de
2023 791 2107 836 jure
2129 791 2290 824 omnium
2312 790 2415 825 inco—.

527 862 654 903 larum,
677 868 712 894 et
732 862 789 894 lex
810 861 913 894 tertia
932 861 1014 905 Dig.
1037 860 1082 892 de
1103 859 1230 892 liberis
1252 858 1481 891 exhibendis.
1506 857 1577 891 Sed
1598 864 1634 890 et
1652 857 1826 891 libertum
1846 870 1981 900 meum,
2003 858 2109 903 cujus
2130 858 2412 904 possessionemv

527 941 710 973 nunquam
739 927 862 969 habui,
889 927 941 960 sic
976 933 1059 972 peto
1085 938 1091 959 ε
1119 926 1204 959 item
1235 933 1271 958 et
1295 925 1409 958 filium
1442 936 1563 957 meum
1597 924 1736 969 adjecta
1767 936 1876 958 causa
1906 937 1949 958 ex
1975 925 2060 970 jure
2090 925 2294 970 quiritum,
2320 925 2407 959 item

526 995 615 1029 civis
640 1002 700 1028 aut
720 995 845 1028 civitas
871 994 1105 1026 decurionem
1132 1005 1251 1034 suum,
1279 999 1319 1025 ut
1342 992 1379 1024 in
1405 991 1703 1025 Institutionibus
1729 991 1774 1025 de
1796 991 2015 1034 actionibus,
2035 992 2054 1036 §
2075 992 2349 1037 Prejudiciales,
2366 991 2415 1026 ¹et

526 1062 687 1107 Digestis
708 1063 760 1094 De
782 1061 834 1093 rei
854 1060 1120 1101 vendicatione,
1143 1059 1225 1104 lege
1246 1059 1373 1104 prima,
1395 1059 1413 1103 ς
1434 1060 1502 1092 Ρ6ι·
1522 1058 1633 1099 hanc,
1657 1059 1793 1092 Codice
1815 1060 1867 1091 De
1888 1058 2062 1104 agricolis
2083 1065 2119 1092 et
2138 1059 2303 1101 censitis,
2325 1058 2415 1105 lege·

526 1143 542 1160 α
561 1128 728 1173 quisquis
746 1141 762 1158 »
781 1134 816 1160 et
831 1127 912 1172 lege
931 1141 947 1158 «
966 1138 1094 1159 omnes
1111 1140 1142 1158 ».
1162 1126 1299 1158 Eodem
1316 1127 1368 1158 De
1390 1125 1533 1159 colonis
1554 1125 1818 1166 Tracensibus3
1841 1125 1970 1158 eodem
1991 1127 2044 1158 De
2060 1125 2225 1171 fugitivis
2246 1125 2406 1168 colonis;

524 1196 576 1227 De
606 1194 778 1240 agricolis
808 1194 913 1227 otiam
939 1200 975 1226 et
999 1193 1190 1239 mancipiis
1218 1193 1300 1238 lege
1326 1193 1349 1238 ij
1379 1199 1415 1226 et
1434 1193 1486 1238 iij.
1519 1194 1559 1225 ln
1586 1192 1658 1226 hiis
1679 1192 1851 1226 omnibus
1879 1192 1989 1226 michi
2013 1192 2169 1226 vendico
2190 1205 2281 1235 rem,
2303 1194 2408 1239 cujus

524 1261 798 1306 possessionem
824 1272 1008 1305 nunquam
1034 1267 1160 1293 nactus
1186 1272 1279 1293 sum.
1309 1259 1379 1293 Sed
1405 1272 1472 1293 nec
1498 1260 1536 1292 in
1557 1259 1728 1293 omnibus
1753 1259 1826 1293 hiis
1846 1259 2054 1293 traditionis
2074 1267 2135 1293 aut
2157 1260 2408 1305 possessionis

524 1328 562 1361 fit
587 1329 734 1361 mentio.
764 1329 851 1361 Nam
880 1334 916 1360 et
941 1327 1113 1360 libertum
1143 1333 1259 1373 petam
1292 1339 1365 1360 non
1395 1327 1566 1360 traditum
1597 1334 1658 1360 aut
1686 1339 1914 1372 possessum.
1945 1326 2121 1372 Alioquin
2154 1327 2242 1372 quid
2275 1327 2338 1361 fiet
2374 1327 2407 1361 si

524 1395 641 1428 statim
677 1402 759 1440 post
793 1394 1118 1428 manumissionem
1153 1406 1192 1427 se
1226 1394 1422 1427 contendat
1450 1394 1677 1439 ingenuum?
1705 1394 1778 1427 Aut
1806 1394 1837 1427 si
1861 1395 1924 1439 jus
1959 1401 2170 1440 patronatus
2204 1394 2355 1427 emerim
2388 1406 2408 1428 a

524 1463 699 1507 patrono?
726 1462 803 1495 Etsi
828 1473 901 1494 non
927 1461 1169 1506 possederim,
1202 1468 1320 1494 tamen
1351 1473 1432 1506 ago.
1464 1463 1551 1494 Nam
1582 1461 1651 1494 etsi
1682 1467 1783 1507 pater
1813 1460 1922 1494 michi
1949 1461 2193 1507 assignaverit
2220 1461 2406 1504 libertum,

523 1529 611 1561 citra
632 1541 776 1561 omnem
805 1528 1035 1561 traditionem
1057 1534 1093 1561 et
1113 1528 1389 1573 possessionem
1418 1535 1517 1574 patre
1546 1535 1689 1562 mortuo
1718 1529 1838 1574 ipsum
1865 1535 1961 1574 peto.
1989 1529 2093 1570 Item,
2115 1528 2146 1561 si
2168 1527 2312 1562 debitor
2332 1535 2414 1562 erat*

525 1602 669 1640 paratus
699 1595 856 1637 solvere,
889 1595 1021 1627 deinde
1055 1595 1227 1628 convenit
1253 1602 1292 1628 ut
1319 1595 1495 1628 retineret
1528 1595 1719 1641 pecuniam
1754 1595 1791 1628 in
1825 1607 1970 1628 causam
2003 1595 2150 1637 crediti,
2182 1594 2408 1628 contrahitur

525 1669 702 1703 mutuum,
731 1662 814 1706 quia
843 1662 1003 1694 creditor
1024 1661 1242 1707 intelligitur
1268 1662 1454 1707 recepisse
1482 1669 1518 1695 et
1538 1662 1590 1695 illi
1613 1662 1774 1704 dedisse,
1803 1669 1843 1695 ut
1865 1662 2007 1708 Digest.
2035 1663 2087 1694 De
2109 1661 2220 1695 rebus
2243 1661 2406 1704 creditis,

525 1728 607 1774 lege
630 1743 645 1760 «
669 1728 880 1774 singularia.
905 1742 921 1760 »
945 1730 1126 1774 Expressa
1147 1729 1398 1762 similitudinis
1424 1730 1538 1762 forma
1558 1729 1687 1763 videor
1707 1729 1823 1762 libros
1843 1729 1887 1762 ab
1909 1735 2072 1775 emptore
2093 1728 2292 1774 recepisse,
2315 1735 2351 1762 et
2370 1728 2408 1762 in

526 1808 669 1828 causam
691 1795 849 1840 depositi
875 1795 1073 1828 dimisisse.
1101 1797 1269 1829 Preterea
1294 1796 1439 1829 traditio
1467 1796 1534 1829 alia
1562 1803 1618 1830 cst
1645 1808 1742 1838 vera,
1771 1808 1840 1841 que
1866 1796 1906 1829 fit
1930 1796 2197 1830 interveniente
2226 1795 2407 1841 corporali

525 1869 622 1895 actu:
651 1863 747 1895 unde
769 1862 913 1904 dicitur,
938 1862 1193 1895 traditionibus
1215 1869 1250 1896 et
1270 1863 1559 1908 usucapionibus
1590 1875 1710 1896 rerum
1734 1863 1894 1896 dominia
1919 1863 2175 1908 adquiruntur,
2202 1869 2242 1896 ut
2270 1862 2407 1897 Codice

526 1930 578 1962 De
600 1929 725 1974 pactis,
755 1929 837 1974 lege
859 1943 875 1960 «
898 1929 1155 1962 traditionibus
1178 1943 1208 1963 ».
1229 1930 1310 1963 Alia
1331 1930 1370 1963 fit
1390 1942 1455 1975 per
1476 1930 1660 1963 fictionem
1680 1930 1777 1975 juris
1797 1930 1930 1972 civilis,
1957 1930 1997 1963 fit
2017 1930 2123 1963 etiam
2145 1942 2210 1975 per
2230 1929 2408 1963 constitu-

528 1995 675 2037 tionem,
712 2002 750 2028 ut
783 1996 918 2029 Codice
950 1997 1001 2028 De
1036 1996 1309 2038 donationibus,
1339 1997 1420 2042 lege
1457 2011 1473 2028 «
1501 1997 1669 2042 quisquis
1701 2011 1732 2039 n,
1769 1997 1852 2042 Dig.
1890 1998 1942 2030 De
1976 1997 2029 2030 rei
2062 1996 2287 2038 venditione,
2324 1996 2407 2042 lege

529 2077 544 2093 «
567 2062 698 2095 mulier
720 2076 751 2104 »,
779 2069 814 2095 et
839 2063 977 2107 Digest.
1010 2064 1062 2095 De
1089 2063 1311 2108 adquirenda
1340 2064 1592 2109 possessione,
1621 2064 1703 2110 lege
1726 2064 1992 2098 «interdum».
2019 2063 2099 2096 Alia
2127 2063 2165 2096 fit
2192 2075 2258 2108 per
2282 2063 2411 2103 celeri<

528 2135 634 2161 tatem
667 2129 776 2162 unius
810 2135 923 2171 actus,
960 2130 1022 2174 qui
1055 2129 1163 2162 alium
1199 2130 1366 2172 occultat,
1402 2138 1441 2163 ut
1479 2131 1560 2177 Dig.
1602 2133 1655 2164 De
1690 2130 1963 2172 donationibus,
1999 2130 2082 2176 lege
2118 2144 2134 2162 «
2166 2129 2232 2163 hec
2266 2130 2357 2163 ratio
2389 2143 2406 2162 ι)

526 2195 769 2240 §Seiendunn
799 2196 835 2229 in
858 2196 977 2228 medio
999 2196 1226 2242 paragraphi.
1254 2197 1333 2230 Alia
1355 2197 1394 2230 fit
1418 2210 1461 2230 ex
1481 2198 1711 2243 appositione
1733 2198 1911 2240 custodis,
1935 2204 1974 2231 ut
1998 2197 2081 2243 Dig.
2109 2198 2162 2230 De
2188 2196 2405 2242 adquirend.

530 2274 709 2307 possess,
735 2262 818 2308 lege
850 2277 866 2294 (t
894 2263 1131 2308 quorumdam
1159 2277 1188 2296 ».
1219 2265 1291 2297 Hac
1321 2264 1423 2298 brcvi
1449 2264 1671 2298 delibatione
1699 2277 1789 2298 usus
1817 2277 1911 2307 sum,
1945 2277 2020 2297 non
2049 2271 2089 2297 ut
2123 2276 2189 2298 vos
2215 2264 2405 2307 instruam,

530 2329 590 2374 qui
612 2329 701 2362 estis
722 2329 857 2374 injure
878 2329 976 2363 civili
997 2330 1206 2375 precipuus,
1230 2337 1286 2363 set
1306 2337 1345 2364 ut
1364 2331 1407 2364 ad
1434 2331 1625 2365 subtiliora
1645 2344 1711 2365 vos
1733 2332 1898 2365 excitem.
1922 2332 2080 2364 Insorme
2101 2331 2322 2376 principium
2341 2342 2407 2365 vos

530 2395 738 2429 informabit
762 2396 805 2429 ad
827 2396 973 2442 optima,
997 2397 1171 2442 scriptum
1193 2404 1249 2430 est
1269 2398 1391 2430 enim:
1416 2399 1466 2430 Da
1492 2399 1721 2431 occasionem
1743 2398 1898 2444 sapienti
1927 2405 1962 2432 et
1988 2398 2189 2444 sapientior
2214 2398 2299 2440 erit;
2325 2409 2406 2431 nam

530 2469 565 2495 et
583 2463 722 2496 rivulus
743 2475 786 2496 ex
806 2475 916 2496 cursu
937 2464 1110 2496 continuo
1132 2464 1169 2496 in
1191 2476 1361 2509 magnum
1382 2464 1597 2510 plerumque
1619 2472 1788 2511 stagnum
1809 2465 1996 2508 exuberat,
2013 2471 2049 2498 et
2068 2464 2226 2498 scintilla
2246 2464 2408 2498 incendii

530 2535 721 2562 ventorum
742 2530 916 2575 suffragio
938 2542 977 2563 se
998 2530 1155 2576 porrigit
1174 2531 1211 2563 in
1232 2531 1463 2564 immensum.

623 2626 692 2650 Bibl.
716 2630 769 2650 nat.
793 2627 876 2650 Puris.
898 2635 962 2651 mss.
983 2628 1028 2651 lat.
1059 2629 1144 2657 14764,
1170 2629 1213 2652 fol.
1235 2629 1293 2658 56b;
1315 2630 1385 2658 2605,
1410 2630 1455 2653 sol.
1476 2630 1527 2658 621¹,
1548 2630 1593 2653 ubi
1614 2630 1682 2653 sicut
1702 2630 1728 2653 in
1748 2631 1806 2654 edd.
1829 2643 1860 2648 —-
1880 2630 1975 2662 Migne,
1999 2629 2111 2654 Patrol.
2132 2629 2191 2658 lat.y
2217 2632 2279 2652 tom.
2308 2629 2406 2659 CCVII,

530 2678 571 2701 ep.
593 2670 631 2699 71,
646 2679 673 2702 p.
689 2671 744 2694 219.

2611 3484 2618 3640 ...mm-2...—
2613 3433 2618 3479 ...-.
2614 3394 2618 3413 1-
2614 3363 2618 3370 „
