2580 3528
491 425 558 459 654
1074 428 1394 453 ann'rULAan
1427 425 1619 449 umvsns.
1656 424 1786 447 rmus.

583 566 981 574 ................
1011 549 1150 580 Philippus
1179 548 1211 571 de
1238 547 1373 577 Harvengt
1393 545 1426 568 ad
1450 543 1621 575 Bergomum,
1642 542 1752 566 Parisiis
1769 542 1851 566 studii
1869 550 1951 566 cansa
1973 545 2129 571 morantem,
2148 541 2282 567 civitatem

1041 592 1217 617 Parisiensem
1232 591 1266 614 ob
1281 591 1379 614 cultam
1394 589 1493 612 ibidem
1510 596 1525 611 a
1540 587 1668 611 studiosis
1684 586 1822 610 scientim
1835 586 1961 611 laudibus
1975 586 2077 610 extollit
2095 589 2282 623 nuncupatque

1041 637 1149 661 Cariath
1169 636 1278 667 Sepher,
1295 634 1428 658 civitatem
1447 633 1597 656 litterarum
1601 647 2280 655 ...........................
2283 660 2286 663 Δ

503 701 537 724 52
582 712 979 720 ................
1010 694 1149 726 Philippus
1169 694 1200 717 de
1220 693 1356 723 Harvengt
1370 691 1403 714 ad
1417 690 1570 715 Richerum.
1587 689 1710 713 Studium
1724 689 1875 712 litterarum
1886 689 2054 713 commendat
2071 691 2098 712 et
2115 687 2233 712 Parisios
2252 691 2282 712 ut

488 752 490 754 ·
752 716 756 786 Ι
1040 738 1147 762 Cariath
1162 737 1263 769 Sepber
1277 735 1379 759 extollit
1381 749 2280 758 ....................................

582 815 738 821 .......
751 787 755 829 Ι
769 815 775 821 .
792 815 798 821 .
818 815 823 821 .
844 815 850 821 .
870 815 875 820 .
896 815 901 820 .
922 815 927 820 .
948 815 954 820 .
972 814 978 820 .
1008 796 1147 827 Philippus
1163 795 1195 818 de
1210 795 1346 824 Horvengt
1361 792 1520 824 Engelberto
1535 791 1651 815 scholari
1666 790 1812 815 parisiensi
1831 790 1933 820 scribit,
1949 790 2068 814 studium
2083 790 2234 814 litterarum
2247 790 2281 814 ad

1038 839 1172 864 interioris
1187 838 1301 862 hominis
1317 837 1485 869 spiritualem
1499 836 1689 868 perfectionem
1703 843 1761 859 esse
1775 835 1952 864 referendum,
1963 838 1988 859 et
1999 843 2052 859 non
2066 834 2177 859 Parisiis
2189 834 2279 863 fuisse,

501 803 537 826 53

1039 885 1084 908 sed
1100 883 1210 908 Parisiis
1226 883 1363 906 honestum
1379 881 1517 904 scientiam
1532 880 1679 912 acquisisse
1698 880 1839 904 honestum
1853 887 1911 904 esse
1914 895 2280 905 ...............

499 949 535 971 154
586 943 732 968 1175-1190
767 960 976 966 .........
1007 942 1092 967 Guido
1116 942 1147 965 de
1171 940 1303 964 Bazoches
1327 939 1432 963 cuidam
1451 938 1536 962 amico
1555 938 1696 970 epistolam
1720 937 1809 968 mittit,
1829 937 1856 961 in
1877 945 1930 969 qua
1952 937 2086 961 civitatem
2103 936 2281 961 Parisiensem

1037 1030 1165 1062 paginam
1184 1030 1218 1053 ab
1237 1029 1347 1061 antiquo
1367 1027 1471 1052 edoceri
1475 1042 2280 1052 ................................

500 1095 534 1117 :55
583 1088 732 1114 1160-1196
765 1106 976 1112 .........
1008 1090 1142 1112 Statutum
1161 1086 1281 1119 episcopi
1299 1085 1415 1110 Mauritii
1436 1088 1462 1109 et
1480 1085 1591 1117 capituli
1605 1084 1765 1109 parisiensis
1785 1092 1817 1108 ne
1836 1084 1896 1116 quis
1915 1084 2007 1108 domos
2027 1083 2184 1108 claustrales
2201 1082 2280 1107 alicui

1038 1133 1154 1157 scholari
1175 1132 1305 1155 conducat
1312 1146 1681 1155 ...............
1703 1150 1707 1154 .
1727 1144 2279 1158 ......................

1502 1360 1604 1387 PARS
1643 1360 1788 1387 rante.

625 1473 689 1499 1200
835 1475 848 1499 J
853 1475 907 1498 ulio
1006 1475 1179 1506 Privilegium
1191 1474 1308 1506 Philippi
1321 1473 1433 1505 Augusti
1448 1473 1519 1505 regis
1532 1473 1694 1496 Francorum
1708 1472 1735 1496 in
1751 1473 1868 1496 favorem
1881 1471 2042 1495 scholarium
2054 1469 2255 1495 Parisiensium.
2271 1487 2279 1495 .

626 1531 689 1557 1202
765 1550 975 1556 .........
1005 1533 1154 1557 Matthaeus
1169 1533 1201 1556 de
1216 1531 1484 1556 Monte-Morenciaco
1499 1534 1524 1554 et
1539 1530 1674 1554 Mathildis
1692 1538 1758 1554 uxor
1772 1530 1828 1562 ejus
1844 1530 1908 1553 dant
1922 1529 2035 1557 vineam,
2057 1536 2124 1560 quae
2142 1527 2280 1552 dicebatur

1035 1578 1143 1601 clausus
1158 1577 1221 1601 Mali
1239 1576 1328 1605 vicini,
1343 1576 1495 1608 hospitibus
1511 1576 1545 1599 ad
1559 1575 1686 1599 hostisias
1701 1574 1845 1603 faciendas,
1861 1577 1887 1598 et
1900 1576 2063 1606 componunt
2075 1581 2136 1596 cum
2150 1573 2280 1597 conventu

1037 1623 1063 1647 S.
1085 1622 1234 1646 Genovefae
1236 1634 2278 1645 .........................................

625 1678 688 1704 1205
816 1679 878 1702 Maii
895 1680 924 1703 25
1006 1679 1174 1704 Innocentius
1190 1679 1227 1703 111
1242 1679 1276 1702 ad
1291 1678 1435 1711 magistros
1450 1681 1475 1702 et
1488 1678 1622 1702 scholares
1638 1677 1810 1705 Parisienses,
1826 1679 1857 1699 ut
1875 1675 2003 1700 invit-ante
2018 1675 2180 1700 Graecorum
2193 1674 2280 1707 impe-

1035 1728 1124 1748 ratore
1143 1723 1402 1755 Constantinopolim
1420 1731 1464 1747 eos
1485 1722 1602 1754 migrare
1617 1730 1669 1745 non
1683 1721 1776 1754 pigeat
1790 1721 1824 1745 ad
1837 1720 2037 1744 reformandum
2055 1719 2111 1743 illic
2129 1719 2280 1744 litterarum

1036 1769 1168 1793 studium.
1193 1786 1199 1792 .
1224 1781 2278 1792 .........................................

517 1830 533 1851 4
643 1839 674 1842 —
765 1843 974 1851 .........
1005 1828 1143 1851 Decretum
1167 1826 1266 1850 Odonis
1288 1825 1407 1858 episcopi
1429 1825 1588 1849 Parisiensis
1617 1825 1649 1848 de
1672 1823 1816 1847 residentia
1839 1822 2028 1847 canonicorum
2051 1822 2077 1846 S.
2101 1821 2228 1851 Marcelli,
2253 1824 2280 1846 et

1034 1871 1141 1895 licentia
1155 1871 1244 1894 danda
1257 1870 1391 1894 canonicis
1408 1870 1453 1902 qui
1468 1870 1574 1893 studere
1589 1868 1722 1893 voluerint
1723 1883 2277 1892 ......................

519 1932 533 1953 5
623 1926 688 1952 1207
770 1928 926 1952 Novembris
942 1929 972 1952 14
1005 1929 1172 1953 Innocentius
1181 1929 1217 1953 111
1229 1929 1255 1952 in
1269 1928 1364 1952 litteris
1378 1928 1411 1951 ad
1424 1928 1542 1952 Odonem
1555 1927 1711 1959 episcopum
1720 1925 1805 1950 Paris.
1819 1925 1926 1949 directis
1938 1932 2077 1948 numerum
2088 1924 2279 1956 magistrorum

1035 1974 1062 1998 in
1077 1973 1207 2005 theologia
1221 1973 1332 1997 Parisiis
1346 1973 1379 1996 ad
1392 1972 1557 1996 octonarium
1567 1971 1670 1995 reducit
1672 1985 2277 1996 ........................

517 2033 534 2055 6
643 2043 674 2047 -
765 2048 974 2055 .........
1005 2032 1141 2056 Decretum
1158 2031 1258 2055 Odonis
1274 2030 1393 2062 episcopi
1407 2033 1433 2054 et
1447 2029 1559 2062 capituli
1573 2028 1729 2055 Parisiensis
1743 2028 1813 2052 circa
1825 2027 1997 2051 residentiam
2010 2026 2163 2050 cancellarii
2165 2043 2277 2050 .....

520 2090 533 2112 7
625 2086 688 2112 1208
765 2105 974 2113 .........
1005 2089 1211 2113 Constitutiones
1231 2088 1332 2113 Guulae
1351 2087 1467 2111 Bichieri
1491 2087 1517 2111 S.
1539 2087 1637 2111 Mariae
1656 2086 1683 2110 in
1702 2085 1808 2110 Porticu
1828 2085 1932 2109 diaconi
1953 2084 2096 2108 cardinalis
2116 2087 2142 2108 et
2163 2084 2276 2116 apostol.

1036 2134 1106 2157 sedis
1126 2133 1207 2165 legati
1223 2133 1293 2156 circa
1308 2132 1451 2164 magistros
1467 2135 1493 2155 et
1507 2131 1641 2155 scholares
1659 2130 1822 2155 Parisienses
1826 2145 2276 2154 ..................

518 2193 534 2214 8
586 2189 727 2215 1208-1209
765 2207 974 2214 .........
1005 2191 1171 2215 Innocentius
1185 2191 1221 2214 111
1234 2191 1267 2214 ad
1281 2191 1401 2214 doctores
1415 2197 1506 2213 sacrae
1517 2189 1641 2221 paginae,
1652 2189 1818 2212 decretorum
1832 2187 2036 2219 liberaliumque
2052 2186 2150 2210 artium
2167 2186 2278 2210 Parisiis

1035 2239 1228 2259 commorantes
1242 2235 1273 2258 de
1287 2234 1415 2266 magistro
1428 2234 1459 2258 G.
1474 2233 1653 2257 communioni
1666 2233 1856 2265 magistrorum
1868 2232 2032 2256 restituendo
2035 2247 2274 2255 ..........

518 2295 534 2317 9
624 2291 689 2317 1209
801 2293 943 2316 Februario
1004 2294 1117 2317 Litterae
1132 2293 1203 2317 Petri
1218 2292 1346 2324 episcopi,
1365 2291 1456 2315 decani
1476 2291 1639 2323 capitulique
1654 2291 1680 2314 S.
1695 2290 1819 2315 Germani
1832 2289 2055 2314 Autisiodorensis
2072 2289 2230 2313 Parisiensis
2244 2289 2277 2312 de

1036 2338 1188 2362 fundatione
1208 2337 1314 2369 collegii
1333 2345 1482 2369 pauperum
1497 2336 1659 2360 scholarium
1679 2336 1704 2359 S.
1722 2334 1848 2359 Honorati
1852 2350 2224 2358 ...............
2224 2357 2227 2360 ,
2242 2350 2248 2356 .
2268 2349 2275 2356 .

503 2395 533 2418 10
623 2393 691 2418 1210
780 2399 915 2423 Februarii
935 2401 961 2423 12
1005 2396 1170 2419 Innocentius
1191 2396 1227 2419 111
1247 2396 1324 2419 Petro
1343 2394 1487 2418 Parisiensi
1508 2394 1633 2426 episcopo
1653 2393 1762 2417 mundat
1777 2396 1805 2416 ut
1820 2393 1936 2416 Thomae
1950 2391 2083 2424 provisori
2104 2394 2130 2415 et
2148 2391 2275 2415 fratribus

1035 2440 1176 2472 religiosae
1196 2440 1289 2463 domus
1310 2447 1459 2471 pauperum
1482 2438 1643 2462 scholarium
1667 2438 1693 2461 S.
1715 2437 1832 2461 'rhomae
1851 2437 1883 2460 de
1909 2437 2014 2468 Lapara
2035 2436 2120 2460 Paris.
2141 2435 2276 2459 licentiam

1034 2485 1135 2508 tribuat
1149 2484 1319 2508 construendi
1333 2484 1472 2515 capellam,
1489 2491 1520 2506 ac
1534 2482 1719 2506 coemeterium
1733 2482 1771 2506 eis
1782 2481 1921 2505 benedicat
1933 2481 2007 2505 salvo
2018 2481 2079 2512 jure
2091 2479 2249 2512 parochiali.
2267 2496 2275 2504 .

504 2541 531 2563 11
643 2553 672 2556 —
1004 2543 1112 2566 Decreta
1134 2541 1255 2573 magistri
1277 2541 1348 2565 Petri
1370 2541 1402 2565 de
1426 2540 1550 2565 Corbolio
1572 2539 1730 2566 Senonensis
1753 2539 1956 2571 archiepiscopi,
1979 2538 2137 2562 Parisiensis
2157 2537 2275 2569 episcopi

1034 2590 1112 2618 atque
1133 2586 1246 2610 aliorum
1265 2586 1452 2617 episcoporum
1467 2585 1577 2609 Parisiis
1593 2587 1816 2616 congregatorum
1830 2591 1911 2615 super
1930 2583 2069 2607 haereticis
2088 2581 2274 2606 comburendis

1034 2635 1059 2654 et
1074 2639 1154 2662 super
1168 2630 1245 2654 libris
1259 2630 1407 2654 Aristotelis
1421 2629 1587 2661 aliorumque
1590 2643 2272 2653 ...........................

505 2687 533 2709 12
646 2698 670 2702 -
765 2708 972 2715 .........
1003 2689 1057 2711 Hae
1076 2692 1138 2711 sunt
1156 2688 1288 2716 haereses,
1309 2696 1358 2719 pro
1377 2687 1474 2719 quibus
1494 2687 1603 2719 quidam
1624 2687 1774 2710 sacerdotes
1801 2689 1826 2709 et
1852 2685 1949 2714 cleriei,
1970 2688 2112 2708 sectatores
2138 2683 2272 2712 Amalrici,

1034 2733 1151 2756 Parisius
1167 2733 1227 2764 igne
1242 2732 1384 2755 examinati
1399 2735 1425 2756 et
1439 2731 1589 2763 consumpti
1603 2734 1664 2755 sunt
1667 2745 2271 2755 ........................

504 2789 533 2811 13
644 2800 673 2803 -
837 2793 903 2816 Maio
1003 2791 1144 2821 Praecepta
1164 2790 1282 2822 Philippi
1301 2790 1372 2821 regis
1394 2790 1555 2813 Francorum
1578 2789 1611 2812 ad
1632 2788 1714 2812 laicas
1735 2790 1880 2820 potestates
1900 2795 1980 2818 super
2001 2786 2078 2810 modo
2097 2785 2227 2817 captionis
2247 2788 2273 2809 et

1034 2834 1186 2858 retentionis
1209 2834 1379 2858 clericorum.
1404 2846 2270 2857 ..................................

504 2891 531 2913 14
623 2887 687 2912 1212
788 2890 906 2913 ,lunum-ii
923 2892 952 2913 ‘20
1004 2892 1169 2915 Innocentius
1185 2893 1221 2915 111
1236 2892 1269 2915 ad
1286 2892 1433 2915 nervaeum
1446 2891 1610 2923 episcopum,
1622 2891 1655 2914 ad
1668 2890 1797 2913 decanum
1812 2892 1837 2912 et
1851 2888 2067 2912 archidiaconum
2077 2888 2229 2916 Trecenses,
2243 2890 2273 2911 ut

1034 2936 1179 2959 Johannem
1206 2935 1394 2959 cancellarium
1419 2935 1597 2959 Parisiensem
1620 2941 1731 2958 censura
1755 2932 1935 2956 ecclesiastica
1958 2935 2135 2964 compescant,
2161 2931 2212 2955 nisi
2238 2931 2271 2955 ad

1035 2980 1168 3003 mcliorem
1188 2984 1301 3004 mentem
1320 2989 1384 3012 erga
1399 2980 1533 3004 scholares
1553 2979 1662 3003 redierit
1664 2993 2269 3002 ........................

1038 986 1173 1014 describit,
1188 985 1335 1016 adjungens
1348 983 1459 1015 insuper
1473 983 1500 1006 in
1515 983 1603 1014 insula
1615 982 1824 1014 philosophiam,
1835 982 1941 1006 decreta
1953 985 1979 1006 et
1989 982 2071 1014 leges,
2083 983 2162 1014 atque
2177 989 2281 1005 sacram
2320 1016 2323 1017 γ

2338 1470 2370 1494 ⁸9

2337 1617 2368 1642 01

2334 2480 2366 2503 69

2334 2626 2364 2650 70

2333 2728 2361 2751 71

2332 2830 2362 2853 72

2331 2976 2360 2999 73
