2580 3528
224 405 323 447 1262]
568 415 616 438 ΑΒ
650 415 756 438 ΑΝΝΟ
791 414 870 438 uec
904 415 1036 444 USQcss
1071 417 1119 438 AD
1154 416 1383 439 PHtLtPPUM
1419 418 1458 439 lv
1494 419 1582 441 aas.
1620 419 1756 442 rnANc.
2036 413 2102 444 423

219 536 336 574 377.
363 545 495 573 Urbanus
517 546 562 572 JV
578 545 725 580 magistris
751 544 879 571 Ger-ardo
901 544 938 571 de
958 545 1152 572 Abbati-willa
1178 549 1205 572 et
1231 546 1358 572 Ger-ardo
1381 547 1528 581 Goignelin
1553 547 1653 573 scribit
1678 557 1712 574 ne
1731 549 1885 583 magistr-os
1905 553 1932 575 e!
1954 550 2101 576 scholares

309 594 494 622 Par-iniens„
513 597 613 621 contra
624 593 779 631 privilegia
795 595 837 621 eis
850 602 868 620 α
883 593 952 621 sede
967 594 1130 631 apostolica
1145 603 1282 621 concessa
1296 595 1423 622 indebite
1438 595 1587 622 molestari
1602 597 1765 633 patiantur.

1491 703 1564 734 1²62.
1579 704 1651 730 donli
1661 705 1686 733 3,
1705 703 1813 731 riter-bit:

311 775 482 810 Urbanus
509 777 707 822 episcopus
732 788 863 811 servus
892 789 1080 811 servorum
1108 778 1174 810 Dei
1200 777 1345 811 dilectis
1366 777 1452 811 filiis
1474 805 1494 811 ..
1517 778 1773 812 archidiacono
1800 779 1845 812 de
1873 780 2041 813 pontivo·
2066 780 2102 813 in

220 842 378 876 ecclesia
398 842 651 884 Ambianensi,
673 850 710 876 et
729 844 904 890 magistro
931 844 1096 878 Gerardo
1121 844 1334 890 Goignelin,
1357 845 1532 878 canonico
1554 845 1738 887 Remensi,
1761 845 1922 879 Parisius
1943 858 2104 879 commo—

220 908 400 951 rantibus,
422 909 574 943 salutem
597 916 632 943 et
652 910 888 956 apostolicam
915 910 1222 944 benedictionem.
1245 912 1296 944 Ne
1318 911 1520 957 profectum
1542 911 1702 954 illorum,
1724 912 1786 957 qui
1806 912 1933 946 dantes
1955 925 2099 958 operam

219 976 399 1022 sapientie
429 983 588 1022 querunt
613 976 780 1010 docendo
811 977 945 1023 pariter
975 984 1011 1011 et
1036 977 1213 1011 discendo
1242 978 1279 1011 in
1309 990 1397 1024 agro
1427 978 1538 1012 studii
1568 978 1720 1012 scientie
1748 979 1991 1025 margaritam,
2022 992 2104 1025 pra-

218 1055 347 1078 vorum
377 1043 566 1090 contingat
594 1043 736 1078 actibus
768 1044 950 1090 impediri,
980 1044 1220 1090 apostolicum
1251 1045 1423 1079 convenit
1452 1057 1564 1091 super
1593 1045 1662 1079 hoc
1690 1045 1890 1091 presidium
1921 1045 2100 1079 adhiberi.

219 1109 312 1144 Cum
343 1109 467 1156 igitur,
500 1110 595 1144 sicut
623 1122 667 1144 ex
697 1117 797 1157 parte
826 1111 1076 1145 universitatis
1106 1111 1322 1145 dilectorum
1357 1111 1514 1145 filiorum
1551 1112 1806 1158 magistrorum
1838 1119 1874 1146 et
1905 1113 2099 1146 scolarium

219 1177 481 1211 Parisiensium
509 1177 577 1211 suit
602 1177 831 1223 propositum
856 1189 976 1211 coram
1003 1177 1124 1219 nobis,
1146 1178 1217 1224 ipsi
1243 1190 1262 1211 a
1287 1178 1490 1220 nonnullis,
1516 1179 1578 1224 qui
1606 1191 1738 1212 nomen
1766 1179 1911 1212 Domini
1937 1180 2104 1225 recipere

219 1243 257 1276 in
286 1255 439 1277 vacuum
470 1255 544 1277 non
574 1243 784 1286 formidant,
812 1255 924 1290 super
953 1243 1062 1278 bonis
1089 1245 1167 1278 suis
1197 1256 1327 1291 graves
1360 1245 1547 1290 paciantur
1576 1245 1728 1290 injurias
1758 1252 1793 1278 et
1814 1246 2005 1290 jacturas:
2033 1258 2101 1278 nos

218 1309 386 1343 volentes
407 1316 443 1343 et
463 1306 675 1354 eorumdem
697 1310 953 1356 magistrorum
975 1317 1012 1344 et
1031 1311 1225 1345 scolarium
1247 1311 1442 1357 providere
1458 1311 1585 1359 quieti,
1603 1318 1638 1345 et
1657 1311 1926 1345 molestantium
1948 1312 2103 1345 maliciis

219 1374 384 1418 obviare,
413 1376 628 1410 discretioni
649 1383 710 1410 tue
735 1377 809 1421 (sic)
835 1389 900 1423 per
923 1377 1121 1423 apostolica
1143 1378 1276 1423 scripta
1298 1378 1510 1411 mandamus
1536 1378 1707 1423 quatinus
1728 1378 1835 1411 dictis
1857 1378 2042 1424 magistris
2067 1386 2099 1412 et

218 1441 424 1477 scolaribus
455 1443 684 1477 defensionis
715 1443 878 1489 presidio
906 1443 1100 1478 efficaciter
1131 1444 1359 1486 assistentes,
1387 1456 1460 1477 non
1487 1444 1702 1490 permittatis
1729 1457 1794 1478 eos
1818 1445 1854 1477 in
1876 1445 2046 1491 personis
2067 1452 2099 1478 ot

218 1508 331 1543 rebus
357 1509 437 1544 suis
459 1516 584 1543 contra
610 1509 749 1544 indulta
777 1510 1054 1556 privilegiorum
1082 1511 1183 1544 sedis
1207 1510 1406 1557 apostolice
1434 1510 1478 1544 ab
1503 1511 1688 1557 aliquibus
1713 1510 1875 1544 indebite
1901 1506 2115 1553 molestari,

219 1575 476 1611 molestatores
495 1576 708 1623 hujusmodi
730 1589 795 1623 per
819 1589 1011 1611 censuram
1027 1577 1311 1612 ecclesiasticam
1328 1577 1572 1624 appellatione
1594 1578 1796 1624 postposita
1817 1578 2099 1623 compescendo.

217 1643 327 1687 Quod
352 1643 384 1678 si
409 1655 484 1678 non
508 1643 615 1678 ambo
645 1643 717 1678 hiis
747 1645 974 1690 exequendis
1006 1645 1199 1690 potueritis
1224 1645 1418 1686 interesse,
1447 1644 1538 1678 alter
1572 1652 1733 1679 vestrum
1769 1657 1808 1678 ea
1841 1644 2102 1678 nichilominus

219 1716 432 1757 exequatur.
461 1710 700 1745 Presentibus
726 1718 810 1757 post
830 1711 1026 1745 triennium
1049 1712 1197 1745 minime
1218 1711 1396 1746 valituris.
1425 1713 1503 1745 Dat.
1526 1711 1682 1746 viterbii
1704 1712 1740 1757 iij
1764 1723 1849 1744 non.
1871 1711 1983 1753 Junii,
2013 1724 2104 1757 pon-

219 1777 376 1812 tificatus
396 1777 514 1812 nostri
533 1789 628 1812 anno
649 1778 780 1825 primo.

312 1875 506 1908 Apographum
519 1876 582 1900 anni
597 1876 658 1901 1318
673 1876 700 1900 in
715 1876 792 1900 Arcti.
809 1876 932 1901 Univen.
948 1876 1032 1901 Paris.
1049 1877 1125 1901 theca
1138 1877 1182 1902 lv,
1197 1878 1225 1901 A.
1241 1878 1279 1901 18.
1293 1885 1317 1901 a.
1333 1891 1364 1895 —
1379 1877 1517 1905 Jourdain,
1534 1881 1563 1901 n0
1577 1877 1631 1901 188.

314 1960 337 1985 1.
353 1942 426 1985 viae‘
433 1968 516 1993 ..ψει
529 1961 563 1985 n*-
577 1961 632 1991 374,
648 1962 702 1986 ³76.

220 2107 334 2147 378.
363 2118 496 2146 Urbanus
511 2120 556 2147 IV
567 2119 609 2146 ad
623 2120 769 2147 universos
785 2120 891 2148 christi
903 2120 1007 2156 fideles
1021 2120 1050 2147 in
1061 2121 1189 2156 gratiam
1203 2120 1319 2156 collegii
1334 2121 1483 2148 Sor-bonici
1497 2120 1612 2147 litteras
1627 2120 1736 2156 dirigit.

1478 2225 1551 2255 1262.
1566 2225 1637 2252 duait·
1646 2226 1689 2255 22,
1705 2225 1813 2252 riter-bit:

313 2297 484 2332 Urbanus
513 2298 711 2345 episcopus
740 2311 870 2334 servus
897 2311 1086 2334 servorum
1114 2300 1179 2334 Dei
1207 2299 1391 2334 universis
1422 2299 1559 2334 Christi
1586 2299 1757 2333 fidelibus
1787 2299 1831 2333 ad
1858 2311 1951 2345 quos
1982 2299 2101 2332 littere

222 2364 292 2398 iste
324 2364 560 2410 pervenerint
590 2365 743 2399 salutem
779 2373 814 2400 et
846 2366 1082 2412 apostolicam
1112 2366 1420 2400 benedictionem.
1461 2366 1679 2399 Parisiensis
1721 2365 1965 2399 {inimi-sitas·
2002 2364 2098 2398 velut

220 2430 418 2465 fertilitatis
451 2443 540 2477 ager
572 2431 715 2466 culture
748 2432 961 2467 assiduitate
995 2433 1200 2474 secundior,
1230 2434 1370 2467 fructus
1399 2431 1534 2466 uberes
1569 2433 1773 2478 proferens,
1809 2432 1845 2465 in
1879 2444 1952 2477 quo
1985 2431 2101 2478 gratia

221 2497 376 2531 scientie
400 2497 658 2544 colliguntur⁸‚
681 2499 851 2545 producit
869 2499 969 2534 viros
995 2499 1168 2534 virtutum
1197 2498 1361 2533 ubertate
1388 2499 1580 2541 secundos,
1601 2510 1756 2544 quorum
1783 2498 1949 2544 graciosa
1975 2498 2102 2531 secun-

219 2563 316 2598 ditas
335 2564 373 2598 in
392 2563 484 2599 alios
504 2565 696 2599 affluenter
716 2565 930 2608 effunditur,
951 2578 1083 2612 parvos
1110 2565 1362 2612 magnificans,
1385 2565 1496 2600 rudes
1516 2565 1691 2599 erudiens
1716 2571 1752 2599 et
1775 2564 1917 2599 debiles
1938 2564 2102 2598 efficiens

218 2630 420 2666 virtuosos.
444 2632 580 2666 Horum
603 2631 749 2678 quidam
770 2632 839 2667 viri
859 2632 950 2667 mire
975 2639 1011 2667 et
1035 2632 1291 2667 inestimabilis
1316 2632 1502 2674 bonitatis,
1524 2638 1563 2666 ut
1587 2630 1906 2678 incomparabilem
1935 2631 2101 2677 acquire-

218 2703 303 2732 rent
326 2697 550 2732 litterarum·
577 2698 786 2745 dogmatum
813 2699 1056 2746 margaritam,
1079 2706 1114 2734 et
1141 2700 1222 2745 ejus
1247 2698 1376 2746 pocula
1403 2698 1613 2734 sitientibus
1638 2698 1886 2745 propinarent,
1913 2698 2100 2732 exinanire

218 2774 260 2798 se
283 2763 387 2811 ipsos
405 2771 443 2799 et
461 2764 651 2800 incurrere
679 2766 902 2813 paupertatis
928 2766 1158 2801 incommoda
1179 2778 1253 2800 non
1273 2766 1444 2807 vitarunt,
1467 2765 1564 2799 illam
1586 2765 1689 2812 quasi
1711 2776 1777 2811 pro
1797 2764 2003 2799 divitiarum
2025 2764 2100 2798 alti-

219 2830 348 2866 tudine
367 2837 592 2878 reputantes.
608 2833 745 2867 Verum
763 2845 808 2867 ne
826 2833 879 2867 sic
894 2839 1062 2880 gravaret
1077 2833 1162 2868 illos
1182 2840 1341 2867 extrema
1362 2844 1483 2867 rerum
1506 2832 1721 2872 necessitas,
1738 2831 1836 2877 quod
1858 2831 1894 2865 in
1915 2831 1970 2865 eis
1988 2831 2101 2865 decus

220 2897 423 2944 magisterii
452 2899 533 2945 ejus
562 2898 723 2934 claritate
749 2911 814 2947 per
838 2899 984 2935 habitus
1003 2899 1176 2935 vilitatem
1208 2899 1419 2934 obnubilata
1449 2899 1656 2941 vilesceret,
1679 2897 1934 2932 Universitatis
1964 2898 2100 2943 prefate

219 2962 415 2999 eonsilium
437 2964 548 3012 digna
567 2966 863 3001 consideratione
884 2967 1057 3014 providit,
1078 2974 1117 3002 ut
1137 2967 1246 3001 iidem
1268 2966 1432 3014 magistri
1453 2977 1633 3013 pauperes
1652 2965 1813 2999 Parisius
1833 2969 2101 2998 commorantes
