2618 3640
738 444 786 466 AB
819 443 1064 466 ALExannao
1099 443 1148 465 111
1185 443 1320 472 usone
1354 443 1403 466 An
1437 444 1578 466 ANNUM
1611 445 1702 467 mcc.
2113 437 2156 470 53

271 574 350 612 53.
372 582 527 620 Philippus
555 582 591 609 de
614 584 759 618 Harvengt
781 582 953 618 Engelberlo
974 582 1102 609 scholari
1121 583 1286 609 Parisiensi
1309 583 1419 618 scribit,
1450 582 1578 609 studium
1607 583 1770 609 litterarum
1799 584 1839 610 ad
1863 585 2008 611 interioris
2031 585 2153 612 hominis

357 631 540 669 spiritualem
550 632 758 668 perfectionem
773 640 836 658 esse
855 631 1046 667 referenduM,
1064 635 1092 658 et
1106 640 1161 658 non
1175 632 1302 659 Parisiis
1316 633 1418 667 fuisse,
1436 632 1489 658 sed
1506 633 1633 658 Parisiis
1654 632 1802 659 honestam
1822 634 1973 660 scientiam
1994 635 2155 670 acquisisse

359 680 508 708 honestum
523 690 595 708 esse.

359 778 460 812 Sicut
477 778 576 812 nosti
595 778 850 824 grammaticos
871 778 1006 820 dicere,
1035 779 1091 812 vir
1112 778 1246 812 dicitur
1271 791 1289 812 a
1313 779 1461 820 virtute,
1488 791 1531 812 eo
1558 779 1697 813 scilicet
1719 779 1817 825 quod
1838 780 1996 813 animum
2017 780 2152 815 habere

269 844 400 878 debeat
432 856 506 878 non
543 844 709 887 mollem,
748 857 823 878 non
860 844 1060 887 elumbem,
1101 857 1175 878 non
1213 851 1253 878 ut
1289 845 1337 879 ita
1377 845 1529 879 dixerim
1568 846 1802 888 femininum,
1843 846 1909 880 sed
1947 847 2077 880 fortem
2117 855 2153 881 et

267 917 494 945 constantem
521 911 730 957 invictoque
757 911 890 945 robore
918 912 1172 954 masculinum,
1206 913 1268 958 qui
1300 913 1554 958 prosperitatis
1580 913 1763 947 arridente
1789 913 1969 947 affluentia
1995 914 2152 948 inaniter

267 990 342 1012 non
371 978 601 1024 grandescat,
631 985 667 1012 et
695 978 925 1013 adversitatis
952 985 1107 1025 urgente
1136 979 1303 1013 molestia
1333 979 1562 1013 muliebriter
1590 992 1664 1013 non
1694 981 1860 1014 facescat.
1890 981 1927 1014 Si
1954 993 2043 1028 ergo
2071 994 2154 1028 per-

266 1045 400 1079 fectum
425 1044 604 1091 proficere
627 1045 684 1079 vis
708 1045 746 1078 in
769 1045 901 1084 virum,
927 1045 985 1079 vel
1011 1046 1186 1092 potiussi
1212 1053 1246 1079 te
1267 1046 1400 1080 recolis
1426 1059 1508 1080 esse
1529 1047 1661 1089 virum,
1687 1059 1754 1093 age
1774 1047 1942 1088 viriliter,
1971 1055 2007 1082 et
2026 1048 2153 1082 robus—

267 1112 341 1146 tius
359 1112 578 1154 confortare,
599 1124 666 1145 nec
687 1124 837 1146 recuses
858 1113 1025 1146 discendi
1045 1113 1159 1159 gratia
1181 1113 1359 1159 quidquid
1385 1126 1495 1159 grave
1521 1115 1723 1148 occurrerit
1741 1114 1909 1148 tolerare.
1934 1115 2034 1149 Sicut
2053 1116 2150 1149 enim

267 1178 374 1212 miles
403 1178 557 1225 palmam
585 1191 660 1212 non
689 1179 830 1225 accipit,
862 1180 924 1225 qui
954 1179 1054 1213 molli
1085 1180 1225 1214 desidia
1255 1181 1482 1226 consopitur,
1515 1181 1577 1226 qui
1606 1181 1743 1215 laboris
1773 1182 1980 1227 impatiens,
2009 1183 2150 1226 umbra,

267 1245 414 1292 plumis,
454 1246 583 1279 uxorio
618 1246 810 1292 complexu
843 1247 990 1280 assidue
1025 1247 1211 1289 delinitur,
1248 1248 1300 1281 sic
1334 1260 1408 1280 non
1442 1248 1514 1281 nisi
1548 1247 1673 1281 labore
1708 1255 1743 1282 et
1777 1249 1898 1282 studio
1933 1250 1977 1282 ad
2011 1250 2154 1284 excelsa

267 1312 420 1346 scientie
440 1313 663 1358 pervenitur.
691 1313 778 1346 Ideo
804 1313 975 1346 nimirum
1001 1320 1037 1347 et
1060 1313 1219 1347 clericali
1241 1314 1389 1347 nomine
1409 1315 1513 1348 vides
1535 1315 1670 1360 passim
1696 1315 1875 1360 plurimos
1901 1316 2087 1362 insigniri,
2114 1324 2150 1351 et

266 1379 432 1425 prosectu
461 1391 626 1425 congruo
656 1391 758 1412 raros
787 1379 981 1413 admodum
1013 1380 1165 1422 erudiri,
1197 1381 1263 1414 sed
1293 1393 1357 1414 eos
1388 1381 1597 1414 difficultate
1632 1381 1795 1427 qualibet
1823 1394 2063 1427 repercussos
2092 1384 2150 1418 vel

266 1457 412 1479 manere
442 1446 588 1491 penitus
617 1446 761 1488 idiotas,
801 1446 859 1480 vel
889 1447 988 1480 fonte
1018 1447 1118 1480 labra
1148 1447 1319 1493 proluere
1349 1447 1559 1490 caballino',
1586 1455 1625 1482 ut
1650 1449 1702 1482 sic
1728 1456 1878 1494 repente
1909 1450 2087 1495 prodeant
2114 1451 2151 1484 in

266 1519 403 1559 poetas.
432 1513 539 1557 Quod
564 1519 759 1559 utrumque
788 1513 1003 1560 diligentius
1029 1514 1142 1548 vitare
1171 1515 1392 1548 studuerunt
1421 1515 1630 1561 quicunque
1659 1515 1806 1549 litterati
1837 1523 1872 1549 et
1902 1517 1972 1549 dici
2003 1524 2039 1550 et
2067 1530 2150 1551 esse

263 1580 442 1614 veraciter
465 1579 682 1622 voluerunt,
710 1580 772 1626 qui
791 1580 1024 1627 philosophie
1045 1593 1119 1614 non
1140 1581 1241 1627 parvi
1266 1594 1366 1615 mora
1391 1582 1567 1627 temporis
1588 1582 1728 1616 assecle
1749 1582 1807 1616 vel
1829 1583 1986 1616 ministri
2011 1584 2055 1617 ad
2080 1584 2148 1618 hoc

264 1658 382 1692 usque
403 1647 650 1692 profecerunt,
676 1653 716 1681 ut
739 1647 893 1681 aliorum
919 1647 1050 1682 fierent
1074 1654 1110 1682 et
1134 1649 1311 1694 magistri.
1335 1649 1499 1692 Quorum
1520 1649 1620 1682 Plato
1640 1649 1921 1683 Atheniensium
1943 1651 2046 1693 civis,
2069 1663 2149 1685 cum

259 1714 333 1759 jam
363 1725 493 1760 grecas
517 1714 562 1747 ad
585 1726 747 1760 unguem
772 1714 911 1748 litteras
937 1715 1066 1749 doctus
1092 1722 1192 1749 esset
1216 1722 1252 1749 et
1275 1716 1312 1749 in
1338 1716 1518 1749 auditorio
1546 1717 1704 1750 Socratis
1733 1717 1810 1750 suis
1835 1717 1947 1763 longe
1969 1718 2151 1752 condisci-

264 1779 362 1826 pulis
386 1781 501 1826 major
525 1787 636 1823 esset,
665 1780 782 1815 adhuc
809 1788 929 1815 tamen
956 1794 1079 1815 amore
1105 1783 1246 1816 sciendi
1274 1789 1469 1817 exestuans
1497 1783 1534 1816 in
1562 1784 1733 1829 Egiptum
1761 1784 1963 1826 descendit,
1994 1792 2029 1818 et
2056 1786 2150 1819 inter

264 1853 406 1881 exteras
441 1854 478 1881 et
509 1847 681 1881 barbaras
715 1849 881 1882 nationes
915 1861 990 1882 non
1024 1861 1168 1895 parvam
1204 1850 1392 1883 scientiam
1427 1850 1680 1896 apprehendit.
1715 1851 1893 1885 Audierat
1921 1852 2013 1885 sorte
2050 1853 2148 1898 quod

263 1915 424 1960 Moyses,
453 1914 516 1960 qui
542 1915 580 1948 in
606 1915 739 1961 Egipto
765 1922 871 1949 natus
896 1916 1014 1950 fuerat
1039 1923 1075 1950 et
1101 1917 1273 1959 nutritus,
1303 1917 1402 1950 omni
1430 1918 1606 1963 sapientia
1633 1918 1877 1964 Egiptiorum,
1906 1919 2001 1952 sicut
2026 1919 2147 1954 divina

264 1981 375 2014 refert
412 1981 555 2027 pagina,
594 1982 712 2015 suerat
749 1983 937 2024 eruditus3
978 1990 1015 2017 et
1047 1996 1159 2029 super
1193 1984 1258 2018 hae
1296 1985 1472 2030 sapientia
1511 1985 1607 2018 idem
1647 1985 1760 2027 Plato,
1802 1998 1875 2018 non
1914 1986 2148 2020 mediocriter

262 2047 446 2090 curiosus,
485 2048 531 2081 ad
563 2048 858 2095 investigandum
893 2062 970 2087 eam
1010 2051 1125 2084 factus
1160 2058 1216 2084 est
1249 2052 1451 2085 studiosus.
1493 2053 1565 2085 Hac
1600 2059 1718 2085 autem
1759 2053 2040 2098 investigatione
2075 2066 2148 2087 non

263 2121 457 2148 contentus
488 2115 574 2149 inde
601 2115 739 2150 Italiam
764 2117 969 2162 requisivit,
1001 2124 1036 2151 ct
1061 2118 1156 2152 inter
1176 2118 1438 2164 Pythagoricos
1463 2119 1610 2152 multam
1639 2131 1785 2165 quoque
1811 2120 1998 2153 scientiam
2025 2122 2148 2166 acqui-

262 2181 368 2222 sivit,
396 2181 532 2228 talique
561 2183 683 2216 studio
710 2183 857 2217 deditus
883 2184 928 2217 ad
955 2196 1090 2218 anuum
1117 2185 1222 2219 etatis
1250 2186 1515 2231 octogesimum
1544 2186 1700 2232 primum
1728 2187 1840 2228 venit,
1872 2187 1908 2220 in
1937 2199 2008 2232 quo
2038 2187 2145 2221 finem

263 2247 375 2281 studii
405 2248 476 2282 nisi
505 2261 586 2282 cum
615 2249 688 2284 vite
718 2251 874 2284 termino
904 2263 977 2285 non
1007 2252 1157 2286 invenit.
1194 2253 1361 2286 Socrates
1395 2253 1569 2298 magister
1598 2253 1987 2299 Platonismonaginta
2017 2266 2146 2288 novem

262 2314 368 2348 annis
396 2314 610 2360 perhibetur
637 2316 786 2359 vixisse,
818 2324 854 2351 et
882 2318 1032 2352 eosdem
1062 2319 1099 2352 in
1126 2319 1275 2353 assiduo
1306 2319 1432 2353 labore
1459 2319 1635 2353 litterario
1663 2320 1951 2366 consumpsisse.
1981 2320 2147 2355 Themis-

262 2380 390 2422 tocles,
426 2393 507 2415 cum
541 2389 686 2416 centum
721 2389 758 2416 et
790 2390 928 2430 septem
963 2397 1140 2419 annorum
1176 2398 1367 2419 numerum
1403 2386 1637 2431 explevisset,
1673 2393 1709 2419 et
1742 2387 1932 2419 imminere
1967 2386 2037 2419 sibi
2071 2388 2143 2421 vite

262 2447 456 2481 terminum
484 2449 744 2494 presensisset,
772 2457 996 2496 conquestus
1024 2458 1091 2494 est,
1120 2458 1160 2486 ut
1186 2453 1299 2494 aiunt,
1328 2453 1426 2498 quod
1452 2465 1495 2486 eo
1522 2459 1685 2498 tempore
1711 2453 1756 2486 de
1782 2453 1853 2486 vita
1879 2453 2006 2498 egredi
2034 2459 2144 2500 coge-

261 2520 362 2548 retur
387 2514 424 2547 in
451 2526 523 2560 quo
551 2515 622 2548 sibi
649 2516 805 2562 primum
831 2517 1012 2563 incipiens
1037 2531 1166 2564 sapere
1190 2519 1388 2553 videretur.
1421 2520 1509 2553 Cato
1537 2519 1742 2562 censorius,
1771 2531 1852 2552 cum
1883 2526 1975 2553 etate
2005 2527 2143 2555 matura

260 2588 456 2627 provectus
485 2588 520 2616 et
548 2582 644 2616 inter
673 2584 820 2618 Latinos
846 2585 1033 2618 videretur
1059 2586 1210 2619 scientia
1232 2587 1306 2631 jam
1337 2586 1534 2632 perfectus,
1557 2586 1713 2632 juvenili
1741 2593 1859 2620 tamen
1887 2586 2069 2621 alacritate
2098 2588 2143 2621 ad

260 2647 475 2682 discendum
509 2661 638 2695 grecas
672 2650 812 2684 litteras
846 2651 1087 2694 incandescit,
1124 2659 1160 2686 et
1193 2653 1401 2686 Latinorum
1437 2653 1566 2686 doctor
1594 2653 1796 2688 Grecorum
1827 2653 2031 2699 discipulus
2061 2654 2140 2688 fieri

259 2714 468 2749 nullatenus
498 2715 694 2751 erubescit.
726 2718 817 2752 Cum
846 2718 958 2765 igitur
986 2718 1054 2753 hos
1081 2726 1116 2753 et
1142 2719 1353 2765 hujusmodi
1379 2721 1479 2754 viros
1506 2732 1580 2754 non
1608 2720 1759 2766 fregerit
1786 2719 1922 2754 laboris
1950 2721 2139 2766 asperitas,

259 2792 333 2815 non
362 2789 534 2828 provecte
563 2791 750 2818 revocaret
775 2785 878 2819 etatis
906 2785 1123 2832 longevitas,
1153 2787 1241 2832 quin
1269 2787 1391 2820 studio
1418 2786 1565 2821 litterali
1594 2793 1724 2821 tantam
1753 2787 1978 2833 diligentiam
2008 2788 2141 2833 imper-

259 2847 382 2891 tirent,
408 2855 448 2882 ut
471 2861 593 2883 amore
618 2851 758 2885 sciendi
783 2853 1011 2886 occurrentia
1032 2853 1161 2898 quevis
1186 2853 1414 2887 incommoda
1436 2866 1509 2887 non
1530 2854 1720 2896 sentirent,
1750 2866 1822 2887 non
1845 2861 1899 2887 cst
1920 2854 2078 2896 consilii,
2101 2861 2139 2887 ut.

259 2920 409 2960 propter
441 2915 673 2962 ingruentem
711 2917 924 2953 febriculam
964 2926 1022 2953 tua
1061 2920 1258 2954 strenuitas
1293 2927 1525 2963 emarcescat,
1563 2927 1599 2954 et
1627 2920 1807 2954 infirmato
1838 2933 1991 2966 corpore
2020 2920 2137 2954 virilis

259 2981 394 3026 pariter
420 2982 562 3017 animus
589 2983 833 3031 elanguescat.
862 2987 941 3020 Non
972 2987 1067 3020 enim
1097 2987 1257 3021 Parisius
1287 2988 1414 3030 fuisse,
1447 2988 1511 3021 sed
1542 2988 1703 3021 Pau-isius
1730 2987 1917 3020 honestam
1949 2986 2134 3019 scientiam
