2580 3528
253 409 352 450 1274]
590 418 638 440 ΑΒ
671 418 779 440 Anno
813 416 893 440 nce
927 417 1060 446 usqum:
1094 417 1144 439 AD
1178 417 1410 439 PHILIPPUM
1445 417 1486 439 lv
1520 418 1610 440 nse.
1647 417 1786 440 rnANc.
2065 409 2127 441 511

250 497 288 522 Do
300 497 412 530 pecunia
427 496 507 521 sociis
521 496 655 520 communi
668 504 835 528 nequaquam
850 495 947 519 utenda
961 503 977 519 a
990 495 1083 527 parvis
1097 495 1317 527 procuratoribus
1330 503 1414 527 neque
1429 503 1444 518 a
1458 495 1564 527 magnis
1577 495 1629 518 nisi
1641 503 1690 527 pro
1703 495 1835 518 communi
1856 496 1968 519 utilitate
1988 497 2128 520 sociorum.

341 569 430 602 Item
457 567 549 601 nulli
576 567 806 613 personalem
835 566 1025 600 utilitatem
1053 566 1097 600 de
1126 566 1279 612 pecunia
1307 566 1493 600 societatis
1519 566 1665 612 possint
1689 566 1808 599 facere
1836 567 1935 611 quod
1962 567 2066 600 cedat
2091 568 2127 600 in

250 634 446 681 dampnum
466 634 652 668 societatis
672 646 738 668 seu
758 645 966 680 gravamen.
988 634 1102 666 Immo
1124 633 1335 679 perintegre
1355 633 1393 666 in
1414 633 1511 666 exitu
1533 633 1808 678 procuracionis
1829 644 1894 666 sue
1916 633 2070 667 reddant
2090 634 2126 666 in

250 701 347 736 sicca
366 701 520 748 pecunia
539 700 598 735 vel
618 701 656 734 in
676 700 891 742 denariatis3
914 700 1013 746 quod
1034 700 1064 733 si
1086 711 1159 733 non
1179 700 1346 742 fecerint,
1368 699 1412 733 ad
1428 711 1450 732 x
1465 699 1606 733 solidos
1627 700 1783 733 crastina
1805 699 1863 732 die
1885 699 2125 749 tenebuntur;

250 768 282 802 si
301 779 389 802 vero
410 780 484 802 non
504 767 682 802 solverint
701 774 738 801 et
756 767 945 800 emendam
971 773 1007 800 et
1031 766 1244 812 principale,
1274 778 1340 812 pro
1368 766 1534 812 quolibet
1561 766 1619 799 die
1647 779 1719 812 quo
1748 766 1949 800 defecerint
1974 766 2129 812 quilibet

250 835 288 868 in
307 835 341 880 vj
364 834 524 868 denariis
549 834 732 880 punietur.
763 834 799 867 Si
826 840 944 867 autem
973 833 1010 866 in
1037 833 1212 879 predictis
1240 833 1494 866 solucionibus
1520 833 1783 866 contumaciter
1809 845 1926 878 usque
1953 833 1998 866 ad
2026 833 2127 878 quin-

252 901 383 935 denam
403 913 443 935 se
470 901 676 941 habuerint,
704 913 723 934 a
749 900 933 934 communi
961 900 1129 934 convictu
1157 900 1356 942 societatis,
1384 899 1601 933 famulorum
1621 900 1778 934 servicio
1799 907 1834 933 et
1854 899 2026 933 omnibus
2046 900 2128 934 aliis

249 975 423 1014 quantum
443 967 481 1001 in
502 967 610 1001 nobis
631 974 699 1010 est,
720 967 800 1001 sine
820 967 887 1000 alia
907 966 1028 1000 habita
1048 966 1331 1008 deliberacione,
1353 973 1485 1000 extunc
1505 966 1579 1000 sint
1597 966 1739 1012 privati.

373 1049 410 1073 De
424 1049 498 1072 lucro
512 1056 657 1080 parvorum
671 1051 875 1080 procuratorum
889 1048 948 1071 loco
962 1047 1161 1079 deperditarum
1175 1047 1320 1076 retinendo,
1339 1046 1446 1070 amissis
1461 1055 1523 1071 vero
1538 1047 1694 1071 restauratis
1710 1047 1789 1071 sociis
1809 1047 2002 1071 distribuendo.

340 1120 428 1153 Item
464 1119 495 1153 si
530 1119 566 1152 in
596 1118 780 1164 aliquibus
812 1118 1008 1152 denarialis
1042 1118 1215 1152 amissum
1250 1118 1387 1164 aliquid
1417 1118 1527 1151 fuerit
1556 1130 1622 1151 seu
1652 1118 1882 1164 deperditum
1913 1125 1949 1151 et
1978 1118 2015 1151 in
2045 1118 2126 1152 aliis

249 1186 440 1228 lucratum,
471 1197 545 1219 non
574 1186 771 1231 accipiatur
799 1185 941 1219 lucrum
973 1185 1268 1218 distribuendum
1299 1185 1370 1218 nisi
1400 1185 1502 1230 prius
1533 1185 1763 1230 deperditum
1794 1191 2030 1219 restauretur.

361 1253 461 1286 Item·
485 1253 517 1286 si
550 1252 660 1285 fuerit
692 1252 830 1297 aliquid
864 1251 956 1285 male
993 1251 1219 1297 assignatum
1255 1252 1292 1284 in
1327 1251 1511 1296 aliquibus
1546 1251 1680 1285 debitis
1716 1263 1780 1297 per
1815 1251 1972 1297 aliquem
2003 1252 2125 1286 casum

249 1319 474 1366 inopinatum
508 1325 545 1352 et
578 1319 617 1352 in
652 1318 836 1364 aliquibus
872 1318 1068 1352 denariatis
1104 1317 1242 1363 aliquid
1278 1318 1388 1351 fuerit
1423 1318 1600 1351 lucratum
1638 1318 1737 1364 quod
1774 1318 1905 1352 debeat
1939 1318 2125 1361 distribui,

247 1392 467 1432 conputetur
501 1385 594 1419 illud
629 1385 762 1419 malum
799 1384 961 1418 debitum
998 1385 1035 1418 in
1072 1383 1338 1418 distribucione
1373 1391 1409 1418 et
1437 1391 1663 1418 restauretur
1696 1385 1741 1418 de
1778 1385 1880 1419 lucro
1917 1386 2015 1431 quod
2051 1392 2129 1419 erat

247 1453 465 1487 diminutum
495 1452 540 1486 de
570 1452 724 1499 pecunia
753 1452 953 1494 societatis,
987 1458 1023 1485 et
1052 1451 1121 1485 hoc
1151 1458 1191 1484 ut
1224 1451 1316 1484 socii
1350 1451 1485 1497 quibus
1519 1451 1668 1485 debebit
1698 1451 1777 1485 fieri
1806 1451 2023 1486 distribucio
2054 1453 2127 1486 sint

247 1520 364 1567 magis
393 1519 542 1554 solliciti
572 1519 618 1553 de
647 1519 930 1565 recuperacione
961 1518 1075 1552 debiti
1105 1525 1142 1552 et
1169 1524 1208 1552 ut
1238 1518 1391 1563 pecunia
1424 1530 1570 1564 semper
1594 1519 1737 1564 integra
1762 1526 1947 1552 remaneat
1975 1531 2046 1565 que
2071 1526 2127 1553 est

246 1587 331 1622 usui
360 1586 546 1621 societatis
575 1585 744 1631 deputata
756 1586 780 1618 ¹.

735 1670 771 1694 De
786 1673 991 1702 procuratorum
1006 1669 1102 1694 officiis
1118 1669 1270 1702 specialiter
1284 1670 1427 1694 electorum
1441 1669 1512 1694 circa
1527 1670 1637 1694 Pascha.

337 1742 428 1777 Cum
457 1741 532 1776 illis
561 1741 606 1775 ad
635 1753 705 1787 que
735 1747 906 1775 tenentur
935 1741 1158 1787 generaliter
1186 1753 1314 1775 omnes
1345 1741 1506 1774 minores
1533 1747 1801 1786 procuratores,
1834 1748 1952 1775 tamen
1979 1742 2125 1788 quidam

246 1808 292 1843 ad
325 1808 444 1854 aliqua
480 1807 688 1854 specialiter
724 1807 960 1850 tenebuntur,
995 1807 1136 1841 scilicet
1164 1807 1217 1841 illi
1249 1808 1311 1853 qui
1341 1807 1378 1841 in
1407 1808 1518 1841 Pasca
1547 1807 1654 1841 electi
1685 1808 1832 1842 suerunt
1860 1820 1867 1841 :
1901 1808 1946 1842 de
1980 1809 2125 1843 famulis

246 1875 440 1922 providere
470 1875 508 1908 in
536 1875 630 1908 festo
659 1874 755 1908 beati
785 1873 976 1916 Johannis,
1006 1874 1064 1908 vel
1094 1874 1139 1908 de
1170 1873 1454 1920 precedentibus
1485 1874 1516 1908 si
1546 1874 1680 1920 ydonei
1710 1875 1857 1917 suerint,
1889 1882 1925 1908 et
1954 1875 1999 1909 de
2030 1887 2125 1910 novo

247 1941 487 1988 fidejussores
515 1941 694 1988 recipere,
720 1941 867 1975 nomina
893 1953 1019 1975 corum
1045 1940 1320 1987 fidejussorum,
1346 1941 1448 1975 vicos
1474 1941 1511 1974 in
1537 1940 1672 1986 quibus
1698 1941 1937 1975 morabuntur
1961 1948 1997 1976 et
2026 1942 2126 1976 suffi-

246 2008 413 2043 cientiam
452 2008 652 2054 inquirere,
692 2008 730 2041 in
767 2008 914 2054 scriptis
953 2008 1123 2054 redigere
1162 2014 1198 2041 et
1236 2008 1314 2042 suis
1353 2007 1634 2042 successoribus
1673 2008 1902 2054 relinquere3
1940 2009 1971 2042 si
2009 2021 2125 2043 novos

247 2075 479 2109 introducant
506 2075 631 2109 eadem
662 2075 780 2109 facere
810 2081 993 2109 tenentur.
1023 2076 1068 2109 Et
1095 2082 1287 2121 antequam
1318 2075 1534 2121 simpliciter
1563 2082 1600 2108 et
1627 2075 1672 2109 ad
1702 2075 1850 2121 plenum
1879 2075 2124 2118 detineantur,

247 2153 313 2188 per
338 2142 399 2188 viij
426 2141 506 2176 dies
529 2141 588 2176 vel
612 2149 670 2184 xv,
697 2142 898 2176 secundum
924 2142 1022 2188 quod
1048 2148 1263 2176 consuetum
1286 2148 1354 2184 est,
1377 2141 1598 2188 probantum
1626 2142 1688 2188 qui
1711 2142 1900 2188 approbati
1925 2155 1990 2188 per
2015 2150 2123 2177 totam

247 2208 456 2243 societatem
481 2208 541 2243 vel
564 2208 691 2243 saltem
717 2209 890 2255 majorem
915 2215 1054 2255 partem
1079 2208 1322 2243 detineantur.
1351 2209 1558 2243 Secundum
1584 2221 1671 2243 vero
1696 2209 2001 2243 consuetudinem
2025 2210 2123 2243 Pari-

247 2275 407 2310 siensem
437 2274 676 2321 fidejussores
706 2275 763 2309 sui
793 2287 859 2321 pro
889 2275 943 2309 eis
972 2274 1208 2321 fidejubeant,
1239 2275 1308 2309 hoc
1338 2281 1458 2309 tamen
1487 2275 1611 2309 addito
1640 2275 1698 2309 vel
1728 2275 1936 2321 specificato
1968 2276 2066 2322 quod
2091 2277 2122 2310 si

248 2341 371 2376 famuli
400 2353 467 2388 pro
496 2340 631 2387 quibus
660 2341 862 2387 fidejubent
885 2341 1142 2376 contraherent
1167 2341 1300 2383 debita,
1328 2353 1398 2387 que
1424 2342 1478 2375 eis
1503 2341 1662 2376 fuissent
1685 2341 1821 2376 credita
1847 2349 1996 2388 propter
2020 2355 2124 2378 reve-

248 2408 405 2443 renciam
432 2407 564 2443 domus
589 2413 625 2442 et
648 2407 833 2442 societatis
858 2407 1070 2442 nolentibus
1095 2407 1207 2442 sociis
1235 2414 1271 2442 et
1294 2407 1564 2454 ignorantibus,
1591 2408 1622 2442 si
1648 2408 1727 2441 sine
1753 2407 1944 2442 solucione
1968 2421 1987 2443 a
2013 2409 2121 2444 domo

249 2475 475 2517 recederent,
505 2474 549 2509 ad
579 2474 640 2508 illa
670 2473 790 2508 debita
820 2473 1054 2508 tenebuntur.
1087 2473 1143 2508 llli
1173 2480 1291 2508 autem
1322 2473 1447 2507 famuli
1476 2474 1614 2508 detenti
1644 2474 1845 2508 secundum
1879 2476 2030 2510 sormam
2066 2477 2119 2511 eis

248 2542 364 2576 datam
394 2540 610 2588 prestabunt
632 2541 910 2589 juramentum..

512 2626 548 2651 De
561 2626 714 2659 provisione
728 2625 947 2655 necessariorum,
964 2629 1054 2658 utpote
1068 2625 1202 2658 lignorum
1217 2633 1266 2658 pro
1281 2625 1374 2658 hyeme
1389 2624 1415 2649 in
1429 2625 1491 2649 aula
1505 2628 1531 2650 ot
1545 2634 1650 2658 semper
1667 2634 1717 2658 pro
1731 2626 1853 2659 coquina.

337 2694 426 2727 Item
458 2693 568 2727 iidem
598 2699 854 2739 procuratores
883 2691 1019 2726 debent
1046 2691 1240 2738 providere
1265 2692 1310 2726 de
1335 2691 1448 2738 lignis
1473 2703 1539 2738 pro
1564 2692 1644 2727 aula
1669 2699 1705 2726 et
1735 2693 1891 2739 coquina
1917 2706 1984 2740 pro
2008 2707 2119 2738 anno,

248 2759 319 2794 nisi
348 2771 414 2806 per
441 2760 564 2794 socios
592 2758 831 2794 deliberatum
863 2759 972 2793 suerit
1000 2758 1098 2805 quod
1131 2765 1275 2805 tempus
1305 2770 1422 2804 usque
1457 2765 1541 2805 post
1574 2759 1707 2793 festum
1744 2759 1839 2794 beati
1874 2760 2120 2795 Bartholomei

248 2825 488 2872 protrahatur.

337 2893 426 2927 Item
450 2893 494 2928 de
518 2893 600 2928 aliis
625 2892 795 2927 omnibus
821 2893 1040 2927 necessariis
1065 2892 1229 2926 societati
1255 2904 1325 2938 que
1349 2899 1512 2938 tempore
1537 2904 1604 2926 sue
1628 2893 1902 2939 procuracionis
1928 2902 2121 2929 occurrent

232 2959 236 2964 '
248 2958 423 2994 facienda.
