2580 3528
256 395 354 436 1275]
601 404 648 427 AB
681 404 788 426 auno
821 403 899 426 mcc
933 403 1065 432 usone
1099 403 1148 425 An
1183 403 1412 425 PHILIPPUM
1447 403 1487 424 iv
1521 403 1609 425 asc.
1646 403 1783 425 rame.
2061 394 2124 426 531

256 478 355 512 omni
380 484 481 524 parte
505 477 696 524 cupientes
723 489 788 523 pro
816 477 953 511 nostris
978 476 1120 510 viribus
1145 487 1326 522 reparare,
1354 475 1498 509 utilitati
1526 476 1662 521 private
1683 475 1862 521 publicam
1886 477 2124 521 preferentes,

255 545 365 591 longa
388 551 425 578 et
448 544 599 590 provida
622 543 887 578 deliberatione
915 542 1102 590 prehabita
1121 543 1216 576 circa
1241 549 1372 576 statum
1401 541 1601 588 quemlibet
1626 542 1804 575 facultatis
1825 543 2000 588 predicte,
2029 543 2126 588 quod

256 622 426 657 magnum
461 611 637 657 temporis
667 611 822 657 spatium
857 610 1052 657 cogitando
1086 616 1122 644 et
1154 609 1355 655 quemlibet
1387 608 1578 642 articulum
1613 609 1795 642 versando
1830 609 1891 642 diu
1922 615 1957 642 et
1990 609 2127 643 diutius

257 677 474 712 ruminando
507 677 618 712 velud
651 677 689 711 in
722 684 854 711 statera
888 676 1034 723 singula
1063 688 1208 722 queque
1238 675 1497 722 ponderantes,
1528 675 1793 709 communicato
1823 675 2002 708 bonorum
2037 676 2128 709 anti-

257 756 412 790 quorum
433 756 507 778 non
525 745 731 790 regentium
757 750 794 778 et
815 729 968 777 maxime
994 743 1031 777 in
1058 743 1197 777 artibus
1221 749 1452 789 expertorum
1478 742 1647 784 consilio,
1675 742 1720 775 de
1741 742 1924 775 communi
1946 753 2130 775 consensu

257 817 423 845 nostrum
454 811 616 845 omnium
645 811 747 844 nullo
775 811 921 857 penitus
949 810 1221 844 contradicente
1251 809 1406 855 quedam
1435 810 1530 843 circa
1560 815 1690 842 statum
1723 808 1924 854 quemlibet
1952 809 2131 842 facultatis

259 878 396 924 prefate
417 877 679 918 ordinavimus,
701 877 894 911 statuimus
915 884 951 911 et
965 878 1172 923 juramento
1193 876 1368 910 vallamus
1389 876 1564 921 deinceps
1585 875 1824 909 observanda.

349 943 567 978 lnchoantes
593 945 706 990 igitur
731 956 751 977 a
777 950 871 978 statu
899 943 1217 977 determinantium
1245 943 1359 976 forme
1387 942 1534 988 antique
1559 941 1604 975 ab
1632 941 1769 975 eisdem
1794 942 1952 987 jurande
1977 942 2130 987 quedam

260 1011 306 1045 ad
334 1011 568 1044 moderamen
597 1022 837 1057 expensarum
869 1010 991 1044 denuo
1023 1010 1280 1056 adjungentes,
1311 1009 1465 1055 quedam
1497 1008 1712 1054 simpliciter
1741 1008 1778 1042 in
1809 1008 1934 1042 eadem
1964 1015 2132 1042 contenta

220 1108 229 1125 ,
261 1077 432 1111 duximus
456 1077 677 1119 renovanda,
704 1084 743 1111 ut
767 1077 798 1111 si
824 1089 893 1123 qua
919 1076 1012 1110 male
1036 1076 1173 1112 fuerint
1198 1088 1216 1110 a
1243 1076 1381 1109 nostris
1405 1074 1702 1109 antecessoribus
1727 1074 1902 1108 hactenus
1927 1075 2132 1118 observata,

230 1159 235 1196 χι
261 1156 281 1178 a
310 1143 419 1178 nobis
447 1143 728 1193 successoribus
757 1144 994 1190 imposterum
1022 1143 1135 1177 artius
1163 1142 1417 1176 observentur.
1446 1143 1576 1176 Primo
1602 1153 1691 1188 ergo
1721 1142 1913 1175 statuimus
1943 1149 1982 1175 ut
2009 1142 2132 1176 nullus

234 1205 235 1210 ¹
262 1211 446 1253 decetero,
469 1210 541 1244 nisi
561 1211 664 1256 prius
684 1210 722 1244 in
748 1210 860 1244 scolis
881 1209 1026 1256 publice
1052 1210 1226 1256 magistro
1251 1209 1394 1255 regenti
1419 1215 1499 1242 actu
1520 1209 1564 1242 de
1585 1209 1778 1254 questione
1800 1208 2032 1254 responderit
2051 1215 2133 1242 ante

262 1277 422 1319 Natale¹,
444 1277 489 1311 ad
509 1288 659 1311 examen
679 1276 998 1310 determinantium
1018 1276 1238 1310 admittatur.
1260 1275 1418 1310 Secundo
1439 1275 1630 1308 statuimus
1651 1281 1690 1308 ut
1709 1275 1873 1320 magistri
1897 1287 1970 1308 non
1991 1276 2135 1321 possint

263 1343 432 1378 decetero
461 1355 481 1378 a
510 1343 856 1377 determinatoribus
885 1354 928 1376 ex
961 1349 1066 1388 pacto
1092 1342 1257 1388 recipere
1286 1342 1379 1375 ultra
1409 1341 1659 1375 duas-bursas
1689 1341 1801 1387 precii
1831 1341 2025 1383 scolarum,
2057 1343 2134 1376 sive

263 1417 399 1444 tantum
421 1410 552 1444 unicus
572 1410 833 1444 determinator
856 1410 894 1443 in
919 1409 1031 1443 scolis
1055 1409 1210 1454 alicujus
1235 1409 1313 1442 sive
1338 1407 1463 1454 plures
1482 1408 1618 1441 fuerint
1637 1408 1673 1440 in
1695 1408 1807 1441 scolis
1827 1408 1978 1441 eisdem.
2007 1409 2135 1443 Tercio

264 1477 456 1511 statuimus
486 1483 526 1510 ut
554 1477 857 1510 determinatores
886 1488 960 1510 non
990 1476 1134 1522 possint
1163 1475 1249 1509 dare
1279 1475 1483 1521 potationes
1513 1474 1583 1507 nisi
1614 1474 1728 1520 prima
1758 1474 1816 1507 die
1847 1482 1882 1508 et
1911 1475 2035 1508 ultima
2069 1487 2135 1509 sue

265 1543 592 1578 determinationis.
616 1544 758 1589 Quarto
777 1543 971 1577 statuimus
991 1549 1030 1576 ut
1050 1542 1174 1576 nullus
1194 1541 1324 1575 audeat
1343 1541 1513 1575 decetero
1533 1540 1739 1574 illuminare
1760 1553 1888 1574 cereos
1908 1542 1946 1574 in
1966 1542 2045 1575 vico
2069 1554 2135 1575 nec

263 1610 302 1644 in
322 1610 431 1644 domo
451 1610 489 1644 in
509 1610 569 1644 die
588 1610 697 1650 clara,
719 1621 786 1643 nec
805 1609 1011 1644 illuminare
1031 1609 1225 1655 permittat.
1249 1609 1383 1654 Quinto
1402 1608 1594 1642 statuimus
1615 1614 1654 1640 ut
1673 1607 1975 1641 determinatores
1996 1608 2135 1641 nullum

265 1676 337 1711 sibi
357 1677 584 1723 capitaneum
610 1676 748 1723 eligant
774 1688 1005 1722 quocumque
1033 1676 1179 1710 nomine
1204 1681 1410 1716 censeatur,
1436 1674 1502 1708 sed
1527 1674 1705 1720 regimine
1731 1674 1884 1707 rectoris
1911 1681 1947 1708 et
1966 1686 2138 1720 procura-

264 1750 386 1778 torum
407 1744 554 1790 penitus
574 1743 649 1777 sint
667 1743 841 1777 contenti.
864 1743 974 1777 Sexto
994 1742 1187 1776 statuimus
1214 1748 1253 1775 ut
1276 1753 1404 1775 omnes
1426 1741 1668 1774 determinare
1689 1740 1862 1774 inchoent
1881 1741 1972 1774 infra
1993 1748 2137 1775 octavas

264 1810 430 1844 cinerum
464 1816 500 1843 et
532 1810 708 1856 deinceps
741 1821 807 1856 per
840 1816 948 1844 totam
982 1809 1227 1843 determinent
1259 1807 1596 1853 Quadragesimam,
1636 1807 1708 1840 nisi
1747 1807 2138 1841 subdeterminatorem

266 1876 435 1919 habeant,
463 1888 570 1922 quem
597 1877 661 1923 qui
688 1875 882 1910 habuerint
908 1888 1025 1922 usque
1051 1875 1097 1909 ad
1124 1875 1278 1909 mediam
1306 1874 1628 1920 Quadragesimam
1656 1873 1920 1917 determinent,
1947 1874 2140 1908 subdeter-

268 1943 466 1978 minatores
491 1955 580 1978 vero
605 1943 848 1977 determinare
874 1955 939 1989 per
962 1942 1151 1976 residuum
1179 1941 1354 1988 temporis
1379 1947 1582 1974 teneantur.
1610 1941 1705 1974 Istos
1725 1946 1844 1974 autem
1866 1941 2038 1975 articulos
2058 1953 2139 1975 cum

268 2009 351 2044 aliis
371 2009 543 2044 omnibus
563 2010 600 2043 in
620 2010 766 2056 antiqua
786 2010 900 2043 forma
920 2009 1103 2043 contentis
1123 2008 1292 2043 volumus
1314 2014 1352 2042 ut
1373 2009 1501 2053 jurent
1518 2006 1729 2040 bachellarii
1750 2007 1822 2040 fide
1842 2008 1991 2053 prestita
2011 2020 2142 2054 corpo-

271 2076 336 2110 rali
364 2087 404 2110 se
434 2075 587 2110 firmiter
612 2083 648 2110 et
675 2076 833 2110 fideliter
859 2083 1082 2118 servaturos,
1112 2082 1302 2121 antequam
1332 2074 1424 2120 ipsis
1455 2073 1719 2107 determinandi
1749 2073 1894 2107 licentia
1921 2075 2141 2116 conferatur,

271 2148 449 2188 potestate
469 2142 708 2189 dispensandi
729 2155 810 2177 cum
831 2142 953 2189 aliquo
974 2154 1086 2188 super
1106 2141 1297 2189 premissis
1318 2153 1384 2174 seu
1411 2140 1532 2186 aliquo
1559 2140 1821 2186 premissorum
1844 2141 1989 2182 rectori,
2012 2153 2143 2187 procu-

273 2207 455 2242 ratoribus
474 2220 618 2243 necnon
639 2209 946 2243 examinatoribus
967 2209 1113 2255 penitus
1132 2208 1334 2242 interdicta.
1467 2249 1470 2252 Δ

360 2274 466 2310 Circa
487 2281 619 2309 statum
643 2287 731 2309 vero
756 2274 1060 2310 bachellariorum
1080 2275 1205 2321 primo
1230 2274 1400 2308 duximus
1425 2273 1665 2307 ordinandum
1694 2279 1731 2306 ut
1758 2273 1881 2306 nullus
1902 2272 2143 2308 bachellarius

274 2340 480 2374 licentiatus
509 2341 567 2375 vel
598 2353 671 2375 non
701 2341 909 2375 licentiatus
939 2342 1057 2387 possit
1085 2341 1256 2375 decetero
1285 2340 1410 2386 legere
1436 2339 1614 2380 cursorie,
1644 2339 1714 2372 nisi
1745 2339 1846 2384 prius
1877 2339 1985 2373 fuerit
2020 2346 2144 2374 nostre

272 2406 430 2441 facultati
454 2408 600 2453 juratus
630 2407 728 2453 quod
759 2407 907 2442 obediet
936 2407 1068 2442 rectori
1095 2413 1131 2441 et
1157 2406 1383 2453 procuratori
1412 2406 1448 2439 in
1475 2405 1585 2439 licitis
1613 2411 1647 2438 et
1673 2404 1851 2439 honestis.
1886 2405 2046 2440 Secundo
2079 2413 2145 2440 sta-

274 2473 410 2507 tuimus
430 2479 470 2507 ut
490 2473 613 2507 nullus
635 2473 879 2508 bachellarius
899 2473 996 2520 legat
1015 2473 1147 2507 librum
1167 2472 1324 2518 aliquem
1345 2471 1523 2513 cursorie,
1551 2471 1621 2505 nisi
1647 2471 1826 2505 audiverit
1846 2471 1964 2517 ipsum
1985 2473 2146 2508 Parisius

275 2539 389 2573 semel
414 2539 458 2573 ad
484 2540 619 2583 minus,
645 2540 702 2574 vel
724 2539 782 2574 bis
803 2540 839 2574 in
860 2540 931 2574 alio
958 2539 1080 2574 studio
1100 2538 1275 2585 generali.
1304 2539 1343 2572 ln
1370 2538 1450 2572 istis
1477 2536 1621 2571 duobus
1642 2537 1804 2571 articulis
1826 2548 1890 2584 per
1911 2545 2088 2573 rectorem
2111 2547 2147 2574 et

275 2612 531 2652 procuratores
557 2605 766 2641 bachellarii
796 2606 1059 2653 astringentur,
1090 2612 1280 2651 antequam
1307 2605 1444 2638 eisdem
1470 2603 1618 2650 legendi
1647 2604 1811 2637 cursorie
1843 2604 1993 2639 licencia
2015 2618 2146 2640 conce-

275 2671 392 2706 datur.

366 2739 471 2774 Circa
491 2746 623 2775 statum
644 2741 769 2786 utique
791 2740 1047 2786 magistrorum
1068 2745 1239 2773 statutum
1261 2745 1318 2772 est
1333 2737 1688 2783 etjuratum‚primo
1708 2737 1806 2783 quod
1827 2737 1951 2771 nullus
1973 2739 2147 2785 magister

277 2806 472 2852 recipiatur
505 2806 550 2841 ad
583 2813 685 2841 actus
718 2818 933 2841 communes
966 2813 1090 2841 nostre
1124 2804 1302 2839 facultatis
1335 2803 1393 2839 vel
1428 2803 1582 2850 alicujus
1616 2803 1780 2837 nacionis
1814 2804 1885 2838 nisi
1920 2805 2029 2838 fuerit
2066 2812 2144 2839 actu

277 2883 424 2919 regens.
455 2873 524 2907 Per
551 2879 632 2908 actu
662 2880 849 2920 regentem
878 2872 1118 2919 intelligimus
1149 2883 1230 2906 eum
1259 2870 1322 2917 qui
1347 2870 1438 2917 legit
1461 2869 1623 2916 qualibet
1649 2869 1708 2903 die
1738 2869 1879 2915 legibili
1907 2870 1942 2904 in
1970 2871 2082 2904 scolis
2109 2871 2145 2904 in

278 2936 401 2972 habitu
426 2945 459 2972 et
485 2938 573 2973 hora
598 2938 733 2983 debita,
762 2939 832 2974 nisi
859 2939 1075 2986 legittimum
1102 2937 1232 2972 habeat
1256 2937 1569 2984 impedimentum,
1594 2936 1692 2982 quod
1717 2936 1849 2970 rectori
1875 2943 1910 2969 et
1938 2943 2146 2982 procurato-
