<?xml version="1.0" encoding="UTF-8"?>
<!DOCTYPE html PUBLIC "-//W3C//DTD XHTML 1.0 Transitional//EN"
    "http://www.w3.org/TR/xhtml1/DTD/xhtml1-transitional.dtd">
<html xmlns="http://www.w3.org/1999/xhtml" xml:lang="en" lang="en">
 <head>
  <title>
</title>
<meta http-equiv="Content-Type" content="text/html;charset=utf-8" />
  <meta name='ocr-system' content='tesseract 3.04.00' />
  <meta name='ocr-capabilities' content='ocr_page ocr_carea ocr_par ocr_line ocrx_word'/>
</head>
<body>
  <div class='ocr_page' id='page_1' title='image "./chartulariumuniv01univuoft_0405.png"; bbox 0 0 2580 3528; ppageno 0'>
   <div class='ocr_carea' id='block_1_1' title="bbox 0 0 195 3528">
    <p class='ocr_par' dir='ltr' id='par_1_1' title="bbox 0 0 195 3528">
     <span class='ocr_line' id='line_1_1' title="bbox 0 0 195 3528; baseline 0 0"><span class='ocrx_word' id='word_1_1' title='bbox 0 0 195 3528; x_wconf 95' lang='lat' dir='ltr'> </span> 
     </span>
    </p>
   </div>
   <div class='ocr_carea' id='block_1_2' title="bbox 253 421 2123 463">
    <p class='ocr_par' dir='ltr' id='par_1_2' title="bbox 253 421 2123 463">
     <span class='ocr_line' id='line_1_2' title="bbox 253 421 2123 463; baseline 0.003 -12"><span class='ocrx_word' id='word_1_2' title='bbox 253 421 351 463; x_wconf 79' lang='lat'>1257]</span> <span class='ocrx_word' id='word_1_3' title='bbox 593 431 640 454; x_wconf 71' lang='grc' dir='ltr'>ΑΒ</span> <span class='ocrx_word' id='word_1_4' title='bbox 673 431 780 453; x_wconf 55' lang='lat' dir='ltr'>auno</span> <span class='ocrx_word' id='word_1_5' title='bbox 814 430 892 454; x_wconf 75' lang='lat' dir='ltr'>uec</span> <span class='ocrx_word' id='word_1_6' title='bbox 926 430 1058 459; x_wconf 65' lang='lat' dir='ltr'>usqua</span> <span class='ocrx_word' id='word_1_7' title='bbox 1092 431 1141 453; x_wconf 52' lang='lat' dir='ltr'>an</span> <span class='ocrx_word' id='word_1_8' title='bbox 1175 431 1403 453; x_wconf 67' lang='lat' dir='ltr'>munerum</span> <span class='ocrx_word' id='word_1_9' title='bbox 1440 432 1479 453; x_wconf 73' lang='grc' dir='ltr'>ιν</span> <span class='ocrx_word' id='word_1_10' title='bbox 1516 432 1604 454; x_wconf 68' lang='lat' dir='ltr'>nnc.</span> <span class='ocrx_word' id='word_1_11' title='bbox 1641 433 1777 455; x_wconf 67' lang='lat' dir='ltr'>rame.</span> <span class='ocrx_word' id='word_1_12' title='bbox 2058 425 2123 460; x_wconf 86' lang='lat'>363</span> 
     </span>
    </p>
   </div>
   <div class='ocr_carea' id='block_1_3' title="bbox 249 559 2120 606">
    <p class='ocr_par' dir='ltr' id='par_1_3' title="bbox 249 559 2120 606">
     <span class='ocr_line' id='line_1_3' title="bbox 249 559 2120 606; baseline 0.002 -9"><span class='ocrx_word' id='word_1_13' title='bbox 249 559 364 600; x_wconf 70' lang='lat'><strong>315.</strong></span> <span class='ocrx_word' id='word_1_14' title='bbox 385 568 554 598; x_wconf 71' lang='lat' dir='ltr'>Alexander</span> <span class='ocrx_word' id='word_1_15' title='bbox 569 569 662 596; x_wconf 76' lang='lat' dir='ltr'>wad</span> <span class='ocrx_word' id='word_1_16' title='bbox 674 568 845 596; x_wconf 72' lang='lat' dir='ltr'>Ludooicum</span> <span class='ocrx_word' id='word_1_17' title='bbox 859 577 953 604; x_wconf 67' lang='lat' dir='ltr'>regom</span> <span class='ocrx_word' id='word_1_18' title='bbox 969 570 1151 605; x_wconf 80' lang='lat' dir='ltr'><strong><em>Francorum,</em></strong></span> <span class='ocrx_word' id='word_1_19' title='bbox 1169 578 1204 596; x_wconf 74' lang='lat' dir='ltr'>ne</span> <span class='ocrx_word' id='word_1_20' title='bbox 1215 569 1352 606; x_wconf 79' lang='lat' dir='ltr'>patiatur</span> <span class='ocrx_word' id='word_1_21' title='bbox 1368 569 1547 596; x_wconf 80' lang='lat' dir='ltr'>Guillelmum</span> <span class='ocrx_word' id='word_1_22' title='bbox 1563 569 1599 596; x_wconf 80' lang='lat' dir='ltr'>de</span> <span class='ocrx_word' id='word_1_23' title='bbox 1615 571 1642 597; x_wconf 87' lang='lat' dir='ltr'>S.</span> <span class='ocrx_word' id='word_1_24' title='bbox 1655 571 1759 597; x_wconf 76' lang='lat' dir='ltr'>Amore</span> <span class='ocrx_word' id='word_1_25' title='bbox 1772 580 1855 597; x_wconf 84' lang='lat' dir='ltr'>suum</span> <span class='ocrx_word' id='word_1_26' title='bbox 1870 580 1986 606; x_wconf 77' lang='lat' dir='ltr'>regnum</span> <span class='ocrx_word' id='word_1_27' title='bbox 2002 572 2120 600; x_wconf 75' lang='lat' dir='ltr'>intrare.</span> 
     </span>
    </p>
   </div>
   <div class='ocr_carea' id='block_1_4' title="bbox 1466 672 1839 705">
    <p class='ocr_par' dir='ltr' id='par_1_4' title="bbox 1466 672 1839 705">
     <span class='ocr_line' id='line_1_4' title="bbox 1466 672 1839 705; baseline 0.003 -7"><span class='ocrx_word' id='word_1_28' title='bbox 1466 673 1544 702; x_wconf 80' lang='lat'><em>1257.</em></span> <span class='ocrx_word' id='word_1_29' title='bbox 1559 672 1668 705; x_wconf 63' lang='lat' dir='ltr'>Augusti</span> <span class='ocrx_word' id='word_1_30' title='bbox 1681 673 1714 703; x_wconf 87' lang='grc'>11,</span> <span class='ocrx_word' id='word_1_31' title='bbox 1732 673 1839 699; x_wconf 62' lang='lat' dir='ltr'>riter-bill</span> 
     </span>
    </p>
   </div>
   <div class='ocr_carea' id='block_1_5' title="bbox 251 744 2137 2326">
    <p class='ocr_par' dir='ltr' id='par_1_5' title="bbox 251 744 2137 2326">
     <span class='ocr_line' id='line_1_5' title="bbox 338 744 2125 794; baseline 0.002 -16"><span class='ocrx_word' id='word_1_32' title='bbox 338 744 547 779; x_wconf 80' lang='lat' dir='ltr'>Alexander</span> <span class='ocrx_word' id='word_1_33' title='bbox 577 745 774 793; x_wconf 88' lang='lat' dir='ltr'>episcopus</span> <span class='ocrx_word' id='word_1_34' title='bbox 805 757 935 780; x_wconf 86' lang='lat' dir='ltr'>servus</span> <span class='ocrx_word' id='word_1_35' title='bbox 967 758 1156 780; x_wconf 90' lang='lat' dir='ltr'>servorum</span> <span class='ocrx_word' id='word_1_36' title='bbox 1188 747 1253 779; x_wconf 92' lang='lat' dir='ltr'>Dei</span> <span class='ocrx_word' id='word_1_37' title='bbox 1281 747 1470 780; x_wconf 88' lang='lat' dir='ltr'>carissimo</span> <span class='ocrx_word' id='word_1_38' title='bbox 1500 747 1538 780; x_wconf 91' lang='lat' dir='ltr'>in</span> <span class='ocrx_word' id='word_1_39' title='bbox 1563 747 1710 781; x_wconf 90' lang='lat' dir='ltr'>Christo</span> <span class='ocrx_word' id='word_1_40' title='bbox 1736 747 1811 781; x_wconf 84' lang='lat' dir='ltr'>filio</span> <span class='ocrx_word' id='word_1_41' title='bbox 1839 774 1860 780; x_wconf 87' lang='lat'>..</span> <span class='ocrx_word' id='word_1_42' title='bbox 1887 748 2021 781; x_wconf 80' lang='lat' dir='ltr'>illustri</span> <span class='ocrx_word' id='word_1_43' title='bbox 2046 749 2125 794; x_wconf 82' lang='lat' dir='ltr'>rogi</span> 
     </span>
     <span class='ocr_line' id='line_1_6' title="bbox 251 811 2125 860; baseline 0.002 -16"><span class='ocrx_word' id='word_1_44' title='bbox 251 811 401 845; x_wconf 88' lang='lat' dir='ltr'>Francie</span> <span class='ocrx_word' id='word_1_45' title='bbox 421 811 576 845; x_wconf 83' lang='lat' dir='ltr'>salutem</span> <span class='ocrx_word' id='word_1_46' title='bbox 596 818 632 845; x_wconf 88' lang='lat' dir='ltr'>et</span> <span class='ocrx_word' id='word_1_47' title='bbox 651 812 886 859; x_wconf 86' lang='lat' dir='ltr'>apostolicam</span> <span class='ocrx_word' id='word_1_48' title='bbox 907 812 1215 846; x_wconf 86' lang='lat' dir='ltr'>benedictionem.</span> <span class='ocrx_word' id='word_1_49' title='bbox 1237 813 1329 848; x_wconf 93' lang='lat' dir='ltr'>Cum</span> <span class='ocrx_word' id='word_1_50' title='bbox 1350 820 1500 859; x_wconf 91' lang='lat' dir='ltr'>propter</span> <span class='ocrx_word' id='word_1_51' title='bbox 1519 813 1741 860; x_wconf 80' lang='lat' dir='ltr'>multiplices</span> <span class='ocrx_word' id='word_1_52' title='bbox 1762 814 1887 860; x_wconf 84' lang='lat' dir='ltr'>culpas</span> <span class='ocrx_word' id='word_1_53' title='bbox 1908 821 1943 848; x_wconf 91' lang='lat' dir='ltr'>et</span> <span class='ocrx_word' id='word_1_54' title='bbox 1967 815 2125 860; x_wconf 81' lang='lat' dir='ltr'>grandes</span> 
     </span>
     <span class='ocr_line' id='line_1_7' title="bbox 252 877 2127 927; baseline 0.002 -16"><span class='ocrx_word' id='word_1_55' title='bbox 252 877 424 920; x_wconf 83' lang='lat' dir='ltr'>offensas,</span> <span class='ocrx_word' id='word_1_56' title='bbox 446 889 537 924; x_wconf 87' lang='lat' dir='ltr'>quas</span> <span class='ocrx_word' id='word_1_57' title='bbox 557 877 785 912; x_wconf 86' lang='lat' dir='ltr'>Guillermus</span> <span class='ocrx_word' id='word_1_58' title='bbox 807 879 852 912; x_wconf 92' lang='lat' dir='ltr'>de</span> <span class='ocrx_word' id='word_1_59' title='bbox 869 879 1000 913; x_wconf 90' lang='lat' dir='ltr'>Sancto</span> <span class='ocrx_word' id='word_1_60' title='bbox 1015 879 1151 912; x_wconf 89' lang='lat' dir='ltr'>Amore</span> <span class='ocrx_word' id='word_1_61' title='bbox 1173 880 1362 913; x_wconf 80' lang='lat' dir='ltr'>temerarie</span> <span class='ocrx_word' id='word_1_62' title='bbox 1383 880 1611 914; x_wconf 85' lang='lat' dir='ltr'>commisisse</span> <span class='ocrx_word' id='word_1_63' title='bbox 1633 881 1849 922; x_wconf 72' lang='lat' dir='ltr'>dinoscitur,</span> <span class='ocrx_word' id='word_1_64' title='bbox 1867 887 1903 914; x_wconf 90' lang='lat' dir='ltr'>et</span> <span class='ocrx_word' id='word_1_65' title='bbox 1920 881 2127 927; x_wconf 86' lang='lat' dir='ltr'>specialiter</span> 
     </span>
     <span class='ocr_line' id='line_1_8' title="bbox 253 943 2127 993; baseline 0.002 -16"><span class='ocrx_word' id='word_1_66' title='bbox 253 949 402 992; x_wconf 88' lang='lat' dir='ltr'>propter</span> <span class='ocrx_word' id='word_1_67' title='bbox 426 943 591 979; x_wconf 88' lang='lat' dir='ltr'>libellum</span> <span class='ocrx_word' id='word_1_68' title='bbox 611 945 851 991; x_wconf 89' lang='lat' dir='ltr'>pernitiosum</span> <span class='ocrx_word' id='word_1_69' title='bbox 873 952 909 979; x_wconf 91' lang='lat' dir='ltr'>et</span> <span class='ocrx_word' id='word_1_70' title='bbox 929 945 1181 979; x_wconf 86' lang='lat' dir='ltr'>detestabilem</span> <span class='ocrx_word' id='word_1_71' title='bbox 1202 945 1246 979; x_wconf 90' lang='lat' dir='ltr'>ab</span> <span class='ocrx_word' id='word_1_72' title='bbox 1265 946 1346 992; x_wconf 91' lang='lat' dir='ltr'>ipso</span> <span class='ocrx_word' id='word_1_73' title='bbox 1367 947 1622 992; x_wconf 87' lang='lat' dir='ltr'>compositum,</span> <span class='ocrx_word' id='word_1_74' title='bbox 1644 948 1748 993; x_wconf 89' lang='lat' dir='ltr'>cujus</span> <span class='ocrx_word' id='word_1_75' title='bbox 1769 947 1987 993; x_wconf 88' lang='lat' dir='ltr'>principium</span> <span class='ocrx_word' id='word_1_76' title='bbox 2007 959 2014 980; x_wconf 91' lang='lat'>:</span> <span class='ocrx_word' id='word_1_77' title='bbox 2037 948 2127 982; x_wconf 84' lang='lat' dir='ltr'>Ecce</span> 
     </span>
     <span class='ocr_line' id='line_1_9' title="bbox 251 1009 2124 1060; baseline 0.002 -16"><span class='ocrx_word' id='word_1_78' title='bbox 251 1009 408 1044; x_wconf 78' lang='lat' dir='ltr'>videntes</span> <span class='ocrx_word' id='word_1_79' title='bbox 431 1010 630 1045; x_wconf 84' lang='lat' dir='ltr'>clamabunt</span> <span class='ocrx_word' id='word_1_80' title='bbox 651 1011 761 1055; x_wconf 81' lang='lat' dir='ltr'>foris,</span> <span class='ocrx_word' id='word_1_81' title='bbox 784 1018 820 1044; x_wconf 86' lang='lat' dir='ltr'>et</span> <span class='ocrx_word' id='word_1_82' title='bbox 839 1011 966 1045; x_wconf 89' lang='lat' dir='ltr'>titulus</span> <span class='ocrx_word' id='word_1_83' title='bbox 989 1024 996 1045; x_wconf 92' lang='lat'>:</span> <span class='ocrx_word' id='word_1_84' title='bbox 1024 1012 1219 1046; x_wconf 82' lang='lat' dir='ltr'>Tractatus</span> <span class='ocrx_word' id='word_1_85' title='bbox 1238 1013 1354 1046; x_wconf 82' lang='lat' dir='ltr'>brevis</span> <span class='ocrx_word' id='word_1_86' title='bbox 1372 1011 1415 1047; x_wconf 85' lang='lat' dir='ltr'>de</span> <span class='ocrx_word' id='word_1_87' title='bbox 1427 1012 1604 1059; x_wconf 80' lang='lat' dir='ltr'>periculis</span> <span class='ocrx_word' id='word_1_88' title='bbox 1623 1013 1895 1047; x_wconf 80' lang='lat' dir='ltr'>novissimorum</span> <span class='ocrx_word' id='word_1_89' title='bbox 1915 1019 2124 1060; x_wconf 77' lang='lat' dir='ltr'>temporum,</span> 
     </span>
     <span class='ocr_line' id='line_1_10' title="bbox 253 1076 2125 1126; baseline 0.002 -16"><span class='ocrx_word' id='word_1_90' title='bbox 253 1076 455 1119; x_wconf 80' lang='lat' dir='ltr'>dicebatur,</span> <span class='ocrx_word' id='word_1_91' title='bbox 488 1089 528 1110; x_wconf 89' lang='lat' dir='ltr'>ac</span> <span class='ocrx_word' id='word_1_92' title='bbox 562 1089 627 1124; x_wconf 89' lang='lat' dir='ltr'>per</span> <span class='ocrx_word' id='word_1_93' title='bbox 660 1089 728 1111; x_wconf 90' lang='lat' dir='ltr'>nos</span> <span class='ocrx_word' id='word_1_94' title='bbox 759 1078 844 1111; x_wconf 94' lang='lat' dir='ltr'>olim</span> <span class='ocrx_word' id='word_1_95' title='bbox 878 1078 923 1111; x_wconf 92' lang='lat' dir='ltr'>de</span> <span class='ocrx_word' id='word_1_96' title='bbox 952 1078 1100 1112; x_wconf 79' lang='lat' dir='ltr'>fratrum</span> <span class='ocrx_word' id='word_1_97' title='bbox 1133 1085 1339 1112; x_wconf 88' lang='lat' dir='ltr'>nostrorum</span> <span class='ocrx_word' id='word_1_98' title='bbox 1368 1079 1524 1112; x_wconf 91' lang='lat' dir='ltr'>consilio</span> <span class='ocrx_word' id='word_1_99' title='bbox 1550 1079 1780 1125; x_wconf 90' lang='lat' dir='ltr'>reprobatum</span> <span class='ocrx_word' id='word_1_100' title='bbox 1807 1086 1843 1113; x_wconf 87' lang='lat' dir='ltr'>et</span> <span class='ocrx_word' id='word_1_101' title='bbox 1871 1080 2125 1126; x_wconf 87' lang='lat' dir='ltr'>inperpetuum</span> 
     </span>
     <span class='ocr_line' id='line_1_11' title="bbox 253 1143 2129 1190; baseline 0.002 -14"><span class='ocrx_word' id='word_1_102' title='bbox 253 1143 573 1190; x_wconf 73' lang='lat' dir='ltr'>condempnatum,</span> <span class='ocrx_word' id='word_1_103' title='bbox 600 1144 774 1177; x_wconf 91' lang='lat' dir='ltr'>meruerit</span> <span class='ocrx_word' id='word_1_104' title='bbox 797 1156 929 1190; x_wconf 85' lang='lat' dir='ltr'>graves</span> <span class='ocrx_word' id='word_1_105' title='bbox 949 1156 1075 1190; x_wconf 87' lang='lat' dir='ltr'>penas,</span> <span class='ocrx_word' id='word_1_106' title='bbox 1098 1145 1215 1178; x_wconf 88' lang='lat' dir='ltr'>eidem</span> <span class='ocrx_word' id='word_1_107' title='bbox 1237 1145 1441 1179; x_wconf 90' lang='lat' dir='ltr'>Guillermo</span> <span class='ocrx_word' id='word_1_108' title='bbox 1463 1146 1599 1179; x_wconf 87' lang='lat' dir='ltr'>nostris</span> <span class='ocrx_word' id='word_1_109' title='bbox 1621 1146 1657 1179; x_wconf 91' lang='lat' dir='ltr'>in</span> <span class='ocrx_word' id='word_1_110' title='bbox 1676 1146 1809 1179; x_wconf 90' lang='lat' dir='ltr'>virtute</span> <span class='ocrx_word' id='word_1_111' title='bbox 1830 1145 2039 1180; x_wconf 78' lang='lat' dir='ltr'>obedientie</span> <span class='ocrx_word' id='word_1_112' title='bbox 2060 1146 2129 1180; x_wconf 88' lang='lat' dir='ltr'>sub</span> 
     </span>
     <span class='ocr_line' id='line_1_12' title="bbox 254 1208 2130 1257; baseline 0.002 -15"><span class='ocrx_word' id='word_1_113' title='bbox 254 1208 378 1243; x_wconf 91' lang='lat' dir='ltr'>debito</span> <span class='ocrx_word' id='word_1_114' title='bbox 393 1210 604 1256; x_wconf 88' lang='lat' dir='ltr'>juramenti,</span> <span class='ocrx_word' id='word_1_115' title='bbox 627 1210 725 1256; x_wconf 87' lang='lat' dir='ltr'>quod</span> <span class='ocrx_word' id='word_1_116' title='bbox 746 1211 905 1256; x_wconf 85' lang='lat' dir='ltr'>prestitit</span> <span class='ocrx_word' id='word_1_117' title='bbox 925 1211 970 1244; x_wconf 90' lang='lat' dir='ltr'>de</span> <span class='ocrx_word' id='word_1_118' title='bbox 990 1211 1120 1244; x_wconf 88' lang='lat' dir='ltr'>stando</span> <span class='ocrx_word' id='word_1_119' title='bbox 1141 1212 1283 1257; x_wconf 88' lang='lat' dir='ltr'>precise</span> <span class='ocrx_word' id='word_1_120' title='bbox 1304 1212 1482 1245; x_wconf 90' lang='lat' dir='ltr'>mandatis</span> <span class='ocrx_word' id='word_1_121' title='bbox 1502 1213 1650 1254; x_wconf 79' lang='lat' dir='ltr'>nostris,</span> <span class='ocrx_word' id='word_1_122' title='bbox 1674 1224 1817 1246; x_wconf 91' lang='lat' dir='ltr'>necnon</span> <span class='ocrx_word' id='word_1_123' title='bbox 1837 1220 1873 1246; x_wconf 90' lang='lat' dir='ltr'>et</span> <span class='ocrx_word' id='word_1_124' title='bbox 1892 1213 1961 1246; x_wconf 89' lang='lat' dir='ltr'>sub</span> <span class='ocrx_word' id='word_1_125' title='bbox 1986 1225 2130 1246; x_wconf 88' lang='lat' dir='ltr'>excom-</span> 
     </span>
     <span class='ocr_line' id='line_1_13' title="bbox 256 1276 2129 1326; baseline 0.002 -17"><span class='ocrx_word' id='word_1_126' title='bbox 256 1276 584 1314; x_wconf 83' lang='lat' dir='ltr'>municationisac</span> <span class='ocrx_word' id='word_1_127' title='bbox 617 1277 831 1323; x_wconf 84' lang='lat' dir='ltr'>privationis</span> <span class='ocrx_word' id='word_1_128' title='bbox 866 1284 1042 1323; x_wconf 86' lang='lat' dir='ltr'>perpetue</span> <span class='ocrx_word' id='word_1_129' title='bbox 1073 1277 1117 1311; x_wconf 91' lang='lat' dir='ltr'>ab</span> <span class='ocrx_word' id='word_1_130' title='bbox 1150 1278 1268 1311; x_wconf 83' lang='lat' dir='ltr'>officio</span> <span class='ocrx_word' id='word_1_131' title='bbox 1301 1285 1337 1311; x_wconf 91' lang='lat' dir='ltr'>et</span> <span class='ocrx_word' id='word_1_132' title='bbox 1367 1278 1557 1312; x_wconf 86' lang='lat' dir='ltr'>beneficiis</span> <span class='ocrx_word' id='word_1_133' title='bbox 1589 1279 1708 1324; x_wconf 91' lang='lat' dir='ltr'>penis,</span> <span class='ocrx_word' id='word_1_134' title='bbox 1739 1291 1828 1324; x_wconf 86' lang='lat' dir='ltr'>quas</span> <span class='ocrx_word' id='word_1_135' title='bbox 1860 1292 1903 1313; x_wconf 90' lang='lat' dir='ltr'>eo</span> <span class='ocrx_word' id='word_1_136' title='bbox 1934 1280 2014 1326; x_wconf 87' lang='lat' dir='ltr'>ipso</span> <span class='ocrx_word' id='word_1_137' title='bbox 2048 1292 2129 1313; x_wconf 90' lang='lat' dir='ltr'>eum</span> 
     </span>
     <span class='ocr_line' id='line_1_14' title="bbox 252 1330 2132 1393; baseline 0.003 -18"><span class='ocrx_word' id='word_1_138' title='bbox 252 1330 443 1377; x_wconf 84' lang='lat' dir='ltr'>incurrere</span> <span class='ocrx_word' id='word_1_139' title='bbox 477 1342 659 1385; x_wconf 86' lang='lat' dir='ltr'>volumus,</span> <span class='ocrx_word' id='word_1_140' title='bbox 693 1343 723 1376; x_wconf 90' lang='lat' dir='ltr'>si</span> <span class='ocrx_word' id='word_1_141' title='bbox 756 1350 880 1377; x_wconf 88' lang='lat' dir='ltr'>contra</span> <span class='ocrx_word' id='word_1_142' title='bbox 914 1343 1124 1389; x_wconf 91' lang='lat' dir='ltr'>hujusmodi</span> <span class='ocrx_word' id='word_1_143' title='bbox 1155 1351 1366 1390; x_wconf 87' lang='lat' dir='ltr'>preceptum</span> <span class='ocrx_word' id='word_1_144' title='bbox 1396 1351 1561 1378; x_wconf 84' lang='lat' dir='ltr'>nostrum</span> <span class='ocrx_word' id='word_1_145' title='bbox 1594 1346 1719 1379; x_wconf 85' lang='lat' dir='ltr'>venire</span> <span class='ocrx_word' id='word_1_146' title='bbox 1750 1346 1990 1393; x_wconf 85' lang='lat' dir='ltr'>temptaverit,</span> <span class='ocrx_word' id='word_1_147' title='bbox 2021 1346 2132 1380; x_wconf 88' lang='lat' dir='ltr'>salvis</span> 
     </span>
     <span class='ocr_line' id='line_1_15' title="bbox 255 1408 2132 1456; baseline 0.002 -14"><span class='ocrx_word' id='word_1_148' title='bbox 255 1408 427 1443; x_wconf 88' lang='lat' dir='ltr'>omnibus</span> <span class='ocrx_word' id='word_1_149' title='bbox 451 1409 532 1442; x_wconf 89' lang='lat' dir='ltr'>aliis</span> <span class='ocrx_word' id='word_1_150' title='bbox 557 1409 735 1443; x_wconf 83' lang='lat' dir='ltr'>mandatis</span> <span class='ocrx_word' id='word_1_151' title='bbox 761 1410 912 1449; x_wconf 75' lang='lat' dir='ltr'>nostris,</span> <span class='ocrx_word' id='word_1_152' title='bbox 938 1422 1009 1456; x_wconf 91' lang='lat' dir='ltr'>que</span> <span class='ocrx_word' id='word_1_153' title='bbox 1036 1410 1107 1444; x_wconf 90' lang='lat' dir='ltr'>sibi</span> <span class='ocrx_word' id='word_1_154' title='bbox 1133 1411 1285 1444; x_wconf 78' lang='lat' dir='ltr'>forsitan</span> <span class='ocrx_word' id='word_1_155' title='bbox 1311 1411 1390 1444; x_wconf 88' lang='lat' dir='ltr'>viva</span> <span class='ocrx_word' id='word_1_156' title='bbox 1416 1423 1505 1444; x_wconf 92' lang='lat' dir='ltr'>voce</span> <span class='ocrx_word' id='word_1_157' title='bbox 1530 1411 1608 1445; x_wconf 84' lang='lat' dir='ltr'>fieri</span> <span class='ocrx_word' id='word_1_158' title='bbox 1636 1412 1801 1454; x_wconf 86' lang='lat' dir='ltr'>fecimus,</span> <span class='ocrx_word' id='word_1_159' title='bbox 1829 1419 1890 1446; x_wconf 91' lang='lat' dir='ltr'>aut</span> <span class='ocrx_word' id='word_1_160' title='bbox 1916 1413 2049 1446; x_wconf 87' lang='lat' dir='ltr'>nuncio</span> <span class='ocrx_word' id='word_1_161' title='bbox 2074 1413 2132 1446; x_wconf 90' lang='lat' dir='ltr'>vel</span> 
     </span>
     <span class='ocr_line' id='line_1_16' title="bbox 254 1474 2131 1524; baseline 0.002 -16"><span class='ocrx_word' id='word_1_162' title='bbox 254 1474 387 1509; x_wconf 84' lang='lat' dir='ltr'>litteris</span> <span class='ocrx_word' id='word_1_163' title='bbox 422 1475 634 1509; x_wconf 88' lang='lat' dir='ltr'>duxerimus</span> <span class='ocrx_word' id='word_1_164' title='bbox 673 1476 849 1518; x_wconf 82' lang='lat' dir='ltr'>facienda,</span> <span class='ocrx_word' id='word_1_165' title='bbox 886 1476 1050 1510; x_wconf 89' lang='lat' dir='ltr'>districte</span> <span class='ocrx_word' id='word_1_166' title='bbox 1086 1477 1255 1510; x_wconf 82' lang='lat' dir='ltr'>dedimus</span> <span class='ocrx_word' id='word_1_167' title='bbox 1288 1477 1420 1511; x_wconf 89' lang='lat' dir='ltr'>litteris</span> <span class='ocrx_word' id='word_1_168' title='bbox 1454 1478 1491 1510; x_wconf 92' lang='lat' dir='ltr'>in</span> <span class='ocrx_word' id='word_1_169' title='bbox 1526 1479 1719 1524; x_wconf 65' lang='lat' dir='ltr'>preceptis,</span> <span class='ocrx_word' id='word_1_170' title='bbox 1756 1486 1795 1512; x_wconf 87' lang='lat' dir='ltr'>ut</span> <span class='ocrx_word' id='word_1_171' title='bbox 1834 1479 1935 1512; x_wconf 86' lang='lat' dir='ltr'>nullo</span> <span class='ocrx_word' id='word_1_172' title='bbox 1975 1491 2131 1524; x_wconf 88' lang='lat' dir='ltr'>unquam</span> 
     </span>
     <span class='ocr_line' id='line_1_17' title="bbox 255 1543 2133 1591; baseline 0.002 -16"><span class='ocrx_word' id='word_1_173' title='bbox 255 1548 418 1588; x_wconf 75' lang='lat' dir='ltr'>tempore</span> <span class='ocrx_word' id='word_1_174' title='bbox 438 1554 593 1588; x_wconf 87' lang='lat' dir='ltr'>regnum</span> <span class='ocrx_word' id='word_1_175' title='bbox 615 1543 765 1576; x_wconf 87' lang='lat' dir='ltr'>Francie</span> <span class='ocrx_word' id='word_1_176' title='bbox 786 1543 921 1577; x_wconf 89' lang='lat' dir='ltr'>intrare</span> <span class='ocrx_word' id='word_1_177' title='bbox 943 1550 1141 1590; x_wconf 82' lang='lat' dir='ltr'>presumat,</span> <span class='ocrx_word' id='word_1_178' title='bbox 1166 1550 1202 1577; x_wconf 90' lang='lat' dir='ltr'>et</span> <span class='ocrx_word' id='word_1_179' title='bbox 1224 1543 1483 1578; x_wconf 89' lang='lat' dir='ltr'>nichilominus</span> <span class='ocrx_word' id='word_1_180' title='bbox 1505 1557 1648 1578; x_wconf 88' lang='lat' dir='ltr'>omnem</span> <span class='ocrx_word' id='word_1_181' title='bbox 1675 1545 1831 1578; x_wconf 89' lang='lat' dir='ltr'>docendi</span> <span class='ocrx_word' id='word_1_182' title='bbox 1856 1558 1896 1579; x_wconf 85' lang='lat' dir='ltr'>ac</span> <span class='ocrx_word' id='word_1_183' title='bbox 1922 1546 2133 1591; x_wconf 87' lang='lat' dir='ltr'>predicandi</span> 
     </span>
     <span class='ocr_line' id='line_1_18' title="bbox 255 1608 2132 1657; baseline 0.002 -15"><span class='ocrx_word' id='word_1_184' title='bbox 255 1608 327 1642; x_wconf 85' lang='lat' dir='ltr'>sibi</span> <span class='ocrx_word' id='word_1_185' title='bbox 353 1609 566 1651; x_wconf 83' lang='lat' dir='ltr'>auctoritate</span> <span class='ocrx_word' id='word_1_186' title='bbox 593 1609 792 1655; x_wconf 88' lang='lat' dir='ltr'>apostolica</span> <span class='ocrx_word' id='word_1_187' title='bbox 817 1617 994 1656; x_wconf 88' lang='lat' dir='ltr'>perpetuo</span> <span class='ocrx_word' id='word_1_188' title='bbox 1019 1610 1275 1644; x_wconf 87' lang='lat' dir='ltr'>interdiximus</span> <span class='ocrx_word' id='word_1_189' title='bbox 1300 1611 1518 1648; x_wconf 81' lang='lat' dir='ltr'>facultatem,</span> <span class='ocrx_word' id='word_1_190' title='bbox 1540 1612 1586 1645; x_wconf 86' lang='lat' dir='ltr'>ita</span> <span class='ocrx_word' id='word_1_191' title='bbox 1613 1612 1710 1657; x_wconf 93' lang='lat' dir='ltr'>quod</span> <span class='ocrx_word' id='word_1_192' title='bbox 1736 1624 1802 1645; x_wconf 89' lang='lat' dir='ltr'>nec</span> <span class='ocrx_word' id='word_1_193' title='bbox 1827 1612 1960 1645; x_wconf 89' lang='lat' dir='ltr'>docere</span> <span class='ocrx_word' id='word_1_194' title='bbox 1987 1612 2132 1650; x_wconf 80' lang='lat' dir='ltr'>alicubi,</span> 
     </span>
     <span class='ocr_line' id='line_1_19' title="bbox 256 1675 2134 1727; baseline 0.002 -19"><span class='ocrx_word' id='word_1_195' title='bbox 256 1686 323 1709; x_wconf 89' lang='lat' dir='ltr'>nec</span> <span class='ocrx_word' id='word_1_196' title='bbox 352 1687 510 1723; x_wconf 88' lang='lat' dir='ltr'>unquam</span> <span class='ocrx_word' id='word_1_197' title='bbox 536 1675 644 1709; x_wconf 88' lang='lat' dir='ltr'>alicui</span> <span class='ocrx_word' id='word_1_198' title='bbox 670 1675 769 1710; x_wconf 93' lang='lat' dir='ltr'>clero</span> <span class='ocrx_word' id='word_1_199' title='bbox 794 1676 851 1710; x_wconf 93' lang='lat' dir='ltr'>vel</span> <span class='ocrx_word' id='word_1_200' title='bbox 877 1676 1013 1723; x_wconf 91' lang='lat' dir='ltr'>populo</span> <span class='ocrx_word' id='word_1_201' title='bbox 1038 1677 1208 1710; x_wconf 87' lang='lat' dir='ltr'>decetero</span> <span class='ocrx_word' id='word_1_202' title='bbox 1231 1677 1362 1711; x_wconf 81' lang='lat' dir='ltr'>audeat</span> <span class='ocrx_word' id='word_1_203' title='bbox 1382 1678 1583 1727; x_wconf 85' lang='lat' dir='ltr'>predicare.</span> <span class='ocrx_word' id='word_1_204' title='bbox 1612 1679 1703 1712; x_wconf 92' lang='lat' dir='ltr'>Cum</span> <span class='ocrx_word' id='word_1_205' title='bbox 1724 1679 1838 1725; x_wconf 90' lang='lat' dir='ltr'>igitur</span> <span class='ocrx_word' id='word_1_206' title='bbox 1861 1690 1930 1712; x_wconf 88' lang='lat' dir='ltr'>nos</span> <span class='ocrx_word' id='word_1_207' title='bbox 1954 1679 2134 1712; x_wconf 90' lang='lat' dir='ltr'>celsitudo</span> 
     </span>
     <span class='ocr_line' id='line_1_20' title="bbox 256 1741 2135 1791; baseline 0.003 -16"><span class='ocrx_word' id='word_1_208' title='bbox 256 1741 357 1788; x_wconf 85' lang='lat' dir='ltr'>regia</span> <span class='ocrx_word' id='word_1_209' title='bbox 381 1742 577 1788; x_wconf 79' lang='lat' dir='ltr'>rogaverit,</span> <span class='ocrx_word' id='word_1_210' title='bbox 600 1742 695 1776; x_wconf 85' lang='lat' dir='ltr'>sicut</span> <span class='ocrx_word' id='word_1_211' title='bbox 718 1755 736 1776; x_wconf 90' lang='lat' dir='ltr'>a</span> <span class='ocrx_word' id='word_1_212' title='bbox 762 1749 820 1776; x_wconf 89' lang='lat' dir='ltr'>tua</span> <span class='ocrx_word' id='word_1_213' title='bbox 846 1743 1030 1777; x_wconf 85' lang='lat' dir='ltr'>credimus</span> <span class='ocrx_word' id='word_1_214' title='bbox 1056 1744 1230 1777; x_wconf 78' lang='lat' dir='ltr'>memorIa</span> <span class='ocrx_word' id='word_1_215' title='bbox 1255 1756 1328 1778; x_wconf 92' lang='lat' dir='ltr'>non</span> <span class='ocrx_word' id='word_1_216' title='bbox 1354 1744 1531 1790; x_wconf 87' lang='lat' dir='ltr'>elapsum,</span> <span class='ocrx_word' id='word_1_217' title='bbox 1554 1751 1593 1778; x_wconf 87' lang='lat' dir='ltr'>ut</span> <span class='ocrx_word' id='word_1_218' title='bbox 1612 1745 1731 1779; x_wconf 91' lang='lat' dir='ltr'>eidem</span> <span class='ocrx_word' id='word_1_219' title='bbox 1752 1745 1956 1780; x_wconf 90' lang='lat' dir='ltr'>Guillermo</span> <span class='ocrx_word' id='word_1_220' title='bbox 1982 1746 2135 1791; x_wconf 87' lang='lat' dir='ltr'>predicti</span> 
     </span>
     <span class='ocr_line' id='line_1_21' title="bbox 257 1808 2135 1858; baseline 0.003 -17"><span class='ocrx_word' id='word_1_221' title='bbox 257 1808 362 1854; x_wconf 84' lang='lat' dir='ltr'>regni</span> <span class='ocrx_word' id='word_1_222' title='bbox 391 1808 696 1843; x_wconf 82' lang='lat' dir='ltr'>interdiceremus</span> <span class='ocrx_word' id='word_1_223' title='bbox 726 1810 948 1855; x_wconf 84' lang='lat' dir='ltr'>ingressum,</span> <span class='ocrx_word' id='word_1_224' title='bbox 981 1817 1017 1844; x_wconf 87' lang='lat' dir='ltr'>et</span> <span class='ocrx_word' id='word_1_225' title='bbox 1045 1822 1113 1844; x_wconf 89' lang='lat' dir='ltr'>nos</span> <span class='ocrx_word' id='word_1_226' title='bbox 1142 1810 1211 1844; x_wconf 91' lang='lat' dir='ltr'>hoc</span> <span class='ocrx_word' id='word_1_227' title='bbox 1241 1818 1350 1856; x_wconf 85' lang='lat' dir='ltr'>prout</span> <span class='ocrx_word' id='word_1_228' title='bbox 1378 1823 1591 1857; x_wconf 86' lang='lat' dir='ltr'>expressum</span> <span class='ocrx_word' id='word_1_229' title='bbox 1623 1819 1679 1846; x_wconf 90' lang='lat' dir='ltr'>est</span> <span class='ocrx_word' id='word_1_230' title='bbox 1708 1812 1892 1858; x_wconf 89' lang='lat' dir='ltr'>superius,</span> <span class='ocrx_word' id='word_1_231' title='bbox 1923 1812 2135 1846; x_wconf 88' lang='lat' dir='ltr'>duxerimus</span> 
     </span>
     <span class='ocr_line' id='line_1_22' title="bbox 256 1874 2134 1925; baseline 0.003 -17"><span class='ocrx_word' id='word_1_232' title='bbox 256 1874 475 1916; x_wconf 84' lang='lat' dir='ltr'>faciendum,</span> <span class='ocrx_word' id='word_1_233' title='bbox 502 1875 735 1909; x_wconf 85' lang='lat' dir='ltr'>serenitatem</span> <span class='ocrx_word' id='word_1_234' title='bbox 758 1882 854 1910; x_wconf 86' lang='lat' dir='ltr'>tuam</span> <span class='ocrx_word' id='word_1_235' title='bbox 878 1888 1051 1923; x_wconf 89' lang='lat' dir='ltr'>rogamus</span> <span class='ocrx_word' id='word_1_236' title='bbox 1074 1883 1111 1911; x_wconf 86' lang='lat' dir='ltr'>et</span> <span class='ocrx_word' id='word_1_237' title='bbox 1131 1876 1319 1911; x_wconf 88' lang='lat' dir='ltr'>hortamur</span> <span class='ocrx_word' id='word_1_238' title='bbox 1341 1884 1475 1911; x_wconf 87' lang='lat' dir='ltr'>attente</span> <span class='ocrx_word' id='word_1_239' title='bbox 1500 1879 1671 1924; x_wconf 85' lang='lat' dir='ltr'>quatinus</span> <span class='ocrx_word' id='word_1_240' title='bbox 1694 1879 1870 1925; x_wconf 86' lang='lat' dir='ltr'>prefatum</span> <span class='ocrx_word' id='word_1_241' title='bbox 1894 1879 2134 1913; x_wconf 90' lang='lat' dir='ltr'>Guillermum</span> 
     </span>
     <span class='ocr_line' id='line_1_23' title="bbox 257 1941 2136 1992; baseline 0.003 -18"><span class='ocrx_word' id='word_1_242' title='bbox 257 1952 411 1987; x_wconf 87' lang='lat' dir='ltr'>regnum</span> <span class='ocrx_word' id='word_1_243' title='bbox 436 1941 556 1988; x_wconf 86' lang='lat' dir='ltr'>ipsum</span> <span class='ocrx_word' id='word_1_244' title='bbox 582 1942 718 1976; x_wconf 89' lang='lat' dir='ltr'>intrare</span> <span class='ocrx_word' id='word_1_245' title='bbox 743 1942 952 1978; x_wconf 84' lang='lat' dir='ltr'>nullatenus</span> <span class='ocrx_word' id='word_1_246' title='bbox 978 1944 1137 1989; x_wconf 87' lang='lat' dir='ltr'>patiaris.</span> <span class='ocrx_word' id='word_1_247' title='bbox 1162 1945 1206 1978; x_wconf 80' lang='lat' dir='ltr'>Et</span> <span class='ocrx_word' id='word_1_248' title='bbox 1225 1945 1309 1990; x_wconf 89' lang='lat' dir='ltr'>quia</span> <span class='ocrx_word' id='word_1_249' title='bbox 1335 1957 1400 1990; x_wconf 90' lang='lat' dir='ltr'>pro</span> <span class='ocrx_word' id='word_1_250' title='bbox 1417 1951 1516 1979; x_wconf 90' lang='lat' dir='ltr'>certo</span> <span class='ocrx_word' id='word_1_251' title='bbox 1534 1946 1715 1987; x_wconf 86' lang='lat' dir='ltr'>novimus,</span> <span class='ocrx_word' id='word_1_252' title='bbox 1737 1946 1834 1992; x_wconf 92' lang='lat' dir='ltr'>quod</span> <span class='ocrx_word' id='word_1_253' title='bbox 1861 1945 2015 1979; x_wconf 88' lang='lat' dir='ltr'>dilectos</span> <span class='ocrx_word' id='word_1_254' title='bbox 2040 1946 2136 1980; x_wconf 81' lang='lat' dir='ltr'>filios</span> 
     </span>
     <span class='ocr_line' id='line_1_24' title="bbox 254 2007 2137 2059; baseline 0.003 -18"><span class='ocrx_word' id='word_1_255' title='bbox 254 2007 386 2042; x_wconf 80' lang='lat' dir='ltr'>fratres</span> <span class='ocrx_word' id='word_1_256' title='bbox 405 2008 657 2043; x_wconf 79' lang='lat' dir='ltr'>predicatores</span> <span class='ocrx_word' id='word_1_257' title='bbox 677 2016 713 2043; x_wconf 88' lang='lat' dir='ltr'>et</span> <span class='ocrx_word' id='word_1_258' title='bbox 732 2010 896 2044; x_wconf 87' lang='lat' dir='ltr'>Minores</span> <span class='ocrx_word' id='word_1_259' title='bbox 916 2010 1066 2057; x_wconf 86' lang='lat' dir='ltr'>speciali</span> <span class='ocrx_word' id='word_1_260' title='bbox 1085 2011 1208 2045; x_wconf 87' lang='lat' dir='ltr'>favore</span> <span class='ocrx_word' id='word_1_261' title='bbox 1228 2012 1478 2057; x_wconf 86' lang='lat' dir='ltr'>prosequeris,</span> <span class='ocrx_word' id='word_1_262' title='bbox 1500 2024 1612 2058; x_wconf 88' lang='lat' dir='ltr'>super</span> <span class='ocrx_word' id='word_1_263' title='bbox 1631 2025 1704 2058; x_wconf 92' lang='lat' dir='ltr'>quo</span> <span class='ocrx_word' id='word_1_264' title='bbox 1725 2019 1759 2046; x_wconf 91' lang='lat' dir='ltr'>te</span> <span class='ocrx_word' id='word_1_265' title='bbox 1780 2013 1903 2059; x_wconf 85' lang='lat' dir='ltr'>dignis</span> <span class='ocrx_word' id='word_1_266' title='bbox 1924 2013 1960 2046; x_wconf 92' lang='lat' dir='ltr'>in</span> <span class='ocrx_word' id='word_1_267' title='bbox 1981 2013 2137 2047; x_wconf 92' lang='lat' dir='ltr'>Domino</span> 
     </span>
     <span class='ocr_line' id='line_1_25' title="bbox 257 2073 2134 2126; baseline 0.003 -19"><span class='ocrx_word' id='word_1_268' title='bbox 257 2073 428 2108; x_wconf 74' lang='lat' dir='ltr'>laudibus</span> <span class='ocrx_word' id='word_1_269' title='bbox 462 2075 657 2109; x_wconf 77' lang='lat' dir='ltr'>efferentes</span> <span class='ocrx_word' id='word_1_270' title='bbox 691 2077 887 2122; x_wconf 86' lang='lat' dir='ltr'>gratiarum</span> <span class='ocrx_word' id='word_1_271' title='bbox 920 2076 984 2111; x_wconf 88' lang='lat' dir='ltr'>tibi</span> <span class='ocrx_word' id='word_1_272' title='bbox 1015 2077 1208 2111; x_wconf 83' lang='lat' dir='ltr'>referimus</span> <span class='ocrx_word' id='word_1_273' title='bbox 1238 2077 1460 2124; x_wconf 89' lang='lat' dir='ltr'>multiplices</span> <span class='ocrx_word' id='word_1_274' title='bbox 1490 2079 1665 2121; x_wconf 85' lang='lat' dir='ltr'>actiones,</span> <span class='ocrx_word' id='word_1_275' title='bbox 1702 2079 2004 2126; x_wconf 79' lang='lat' dir='ltr'>magnificentiam</span> <span class='ocrx_word' id='word_1_276' title='bbox 2041 2087 2134 2113; x_wconf 90' lang='lat' dir='ltr'>tuam</span> 
     </span>
     <span class='ocr_line' id='line_1_26' title="bbox 258 2140 2133 2192; baseline 0.004 -19"><span class='ocrx_word' id='word_1_277' title='bbox 258 2140 358 2174; x_wconf 91' lang='lat' dir='ltr'>omni</span> <span class='ocrx_word' id='word_1_278' title='bbox 390 2152 460 2186; x_wconf 88' lang='lat' dir='ltr'>qua</span> <span class='ocrx_word' id='word_1_279' title='bbox 491 2153 689 2187; x_wconf 88' lang='lat' dir='ltr'>possumus</span> <span class='ocrx_word' id='word_1_280' title='bbox 720 2142 911 2177; x_wconf 83' lang='lat' dir='ltr'>affectione</span> <span class='ocrx_word' id='word_1_281' title='bbox 937 2155 1109 2190; x_wconf 83' lang='lat' dir='ltr'>rogamus</span> <span class='ocrx_word' id='word_1_282' title='bbox 1135 2144 1306 2190; x_wconf 85' lang='lat' dir='ltr'>quatinus</span> <span class='ocrx_word' id='word_1_283' title='bbox 1331 2145 1480 2179; x_wconf 88' lang='lat' dir='ltr'>eosdem</span> <span class='ocrx_word' id='word_1_284' title='bbox 1506 2146 1635 2179; x_wconf 86' lang='lat' dir='ltr'>fratres</span> <span class='ocrx_word' id='word_1_285' title='bbox 1661 2158 1727 2192; x_wconf 91' lang='lat' dir='ltr'>pro</span> <span class='ocrx_word' id='word_1_286' title='bbox 1753 2146 1890 2180; x_wconf 90' lang='lat' dir='ltr'>Christi</span> <span class='ocrx_word' id='word_1_287' title='bbox 1918 2147 2133 2187; x_wconf 84' lang='lat' dir='ltr'>reverentia,</span> 
     </span>
     <span class='ocr_line' id='line_1_27' title="bbox 258 2207 2137 2259; baseline 0.003 -19"><span class='ocrx_word' id='word_1_288' title='bbox 258 2207 364 2252; x_wconf 82' lang='lat' dir='ltr'>cujus</span> <span class='ocrx_word' id='word_1_289' title='bbox 389 2213 475 2241; x_wconf 82' lang='lat' dir='ltr'>sunt</span> <span class='ocrx_word' id='word_1_290' title='bbox 498 2207 659 2254; x_wconf 87' lang='lat' dir='ltr'>deputati</span> <span class='ocrx_word' id='word_1_291' title='bbox 685 2208 887 2255; x_wconf 82' lang='lat' dir='ltr'>obsequiis,</span> <span class='ocrx_word' id='word_1_292' title='bbox 913 2209 1053 2244; x_wconf 87' lang='lat' dir='ltr'>habens</span> <span class='ocrx_word' id='word_1_293' title='bbox 1077 2210 1303 2256; x_wconf 86' lang='lat' dir='ltr'>benignitate</span> <span class='ocrx_word' id='word_1_294' title='bbox 1324 2211 1430 2245; x_wconf 89' lang='lat' dir='ltr'>solita</span> <span class='ocrx_word' id='word_1_295' title='bbox 1456 2212 1742 2253; x_wconf 87' lang='lat' dir='ltr'>commendatos,</span> <span class='ocrx_word' id='word_1_296' title='bbox 1765 2225 1829 2246; x_wconf 90' lang='lat' dir='ltr'>eos</span> <span class='ocrx_word' id='word_1_297' title='bbox 1849 2225 1867 2246; x_wconf 89' lang='lat' dir='ltr'>a</span> <span class='ocrx_word' id='word_1_298' title='bbox 1889 2212 2137 2259; x_wconf 85' lang='lat' dir='ltr'>quorumlibet</span> 
     </span>
     <span class='ocr_line' id='line_1_28' title="bbox 259 2273 2137 2326; baseline 0.004 -20"><span class='ocrx_word' id='word_1_299' title='bbox 259 2273 405 2321; x_wconf 79' lang='lat' dir='ltr'>injuriis</span> <span class='ocrx_word' id='word_1_300' title='bbox 428 2279 464 2307; x_wconf 88' lang='lat' dir='ltr'>et</span> <span class='ocrx_word' id='word_1_301' title='bbox 485 2273 665 2308; x_wconf 86' lang='lat' dir='ltr'>molestiis</span> <span class='ocrx_word' id='word_1_302' title='bbox 687 2282 860 2322; x_wconf 85' lang='lat' dir='ltr'>protegas</span> <span class='ocrx_word' id='word_1_303' title='bbox 882 2283 919 2310; x_wconf 87' lang='lat' dir='ltr'>et</span> <span class='ocrx_word' id='word_1_304' title='bbox 940 2277 1129 2319; x_wconf 85' lang='lat' dir='ltr'>defendas,</span> <span class='ocrx_word' id='word_1_305' title='bbox 1154 2277 1200 2311; x_wconf 84' lang='lat' dir='ltr'>ita</span> <span class='ocrx_word' id='word_1_306' title='bbox 1223 2278 1321 2324; x_wconf 93' lang='lat' dir='ltr'>quod</span> <span class='ocrx_word' id='word_1_307' title='bbox 1347 2285 1406 2311; x_wconf 88' lang='lat' dir='ltr'>tua</span> <span class='ocrx_word' id='word_1_308' title='bbox 1429 2279 1588 2326; x_wconf 87' lang='lat' dir='ltr'>potentia</span> <span class='ocrx_word' id='word_1_309' title='bbox 1613 2279 1824 2312; x_wconf 91' lang='lat' dir='ltr'>communiti</span> <span class='ocrx_word' id='word_1_310' title='bbox 1848 2291 1934 2326; x_wconf 88' lang='lat' dir='ltr'>pace</span> <span class='ocrx_word' id='word_1_311' title='bbox 1958 2280 2078 2325; x_wconf 89' lang='lat' dir='ltr'>quieta</span> <span class='ocrx_word' id='word_1_312' title='bbox 2101 2286 2137 2313; x_wconf 89' lang='lat' dir='ltr'>et</span> 
     </span>
    </p>
   </div>
   <div class='ocr_carea' id='block_1_6' title="bbox 259 2339 2136 2441">
    <p class='ocr_par' dir='ltr' id='par_1_6' title="bbox 259 2339 2136 2441">
     <span class='ocr_line' id='line_1_29' title="bbox 259 2339 2136 2392; baseline 0.004 -20"><span class='ocrx_word' id='word_1_313' title='bbox 259 2339 382 2385; x_wconf 87' lang='lat' dir='ltr'>quiete</span> <span class='ocrx_word' id='word_1_314' title='bbox 412 2339 559 2386; x_wconf 83' lang='lat' dir='ltr'>pacifica</span> <span class='ocrx_word' id='word_1_315' title='bbox 588 2341 688 2387; x_wconf 81' lang='lat' dir='ltr'>pacis</span> <span class='ocrx_word' id='word_1_316' title='bbox 716 2342 854 2376; x_wconf 87' lang='lat' dir='ltr'>auctori</span> <span class='ocrx_word' id='word_1_317' title='bbox 884 2342 1027 2376; x_wconf 85' lang='lat' dir='ltr'>valeant</span> <span class='ocrx_word' id='word_1_318' title='bbox 1054 2343 1231 2377; x_wconf 85' lang='lat' dir='ltr'>famulari.</span> <span class='ocrx_word' id='word_1_319' title='bbox 1261 2345 1339 2378; x_wconf 82' lang='lat' dir='ltr'>Dat.</span> <span class='ocrx_word' id='word_1_320' title='bbox 1368 2344 1523 2379; x_wconf 88' lang='lat' dir='ltr'>Viterbii</span> <span class='ocrx_word' id='word_1_321' title='bbox 1554 2345 1590 2390; x_wconf 87' lang='lat' dir='ltr'>iij</span> <span class='ocrx_word' id='word_1_322' title='bbox 1623 2345 1670 2378; x_wconf 92' lang='lat' dir='ltr'>id.</span> <span class='ocrx_word' id='word_1_323' title='bbox 1702 2346 1872 2391; x_wconf 82' lang='lat' dir='ltr'>Augusti,</span> <span class='ocrx_word' id='word_1_324' title='bbox 1905 2346 2136 2392; x_wconf 83' lang='lat' dir='ltr'>pontificatus</span> 
     </span>
     <span class='ocr_line' id='line_1_30' title="bbox 260 2406 632 2441; baseline 0.003 -1"><span class='ocrx_word' id='word_1_325' title='bbox 260 2406 377 2440; x_wconf 79' lang='lat' dir='ltr'>nostri</span> <span class='ocrx_word' id='word_1_326' title='bbox 396 2418 492 2440; x_wconf 88' lang='lat' dir='ltr'>anno</span> <span class='ocrx_word' id='word_1_327' title='bbox 513 2407 632 2441; x_wconf 87' lang='lat' dir='ltr'>tertio.</span> 
     </span>
    </p>
   </div>
   <div class='ocr_carea' id='block_1_7' title="bbox 260 2503 2135 2579">
    <p class='ocr_par' dir='ltr' id='par_1_7' title="bbox 260 2503 2135 2579">
     <span class='ocr_line' id='line_1_31' title="bbox 356 2503 2135 2543; baseline 0.003 -14"><span class='ocrx_word' id='word_1_328' title='bbox 356 2503 492 2537; x_wconf 63' lang='lat' dir='ltr'>otigimte</span> <span class='ocrx_word' id='word_1_329' title='bbox 505 2504 532 2529; x_wconf 81' lang='grc' dir='ltr'>ἱιι</span> <span class='ocrx_word' id='word_1_330' title='bbox 546 2504 623 2530; x_wconf 66' lang='lat' dir='ltr'>Arcti.</span> <span class='ocrx_word' id='word_1_331' title='bbox 639 2508 692 2530; x_wconf 71' lang='lat' dir='ltr'>nat..</span> <span class='ocrx_word' id='word_1_332' title='bbox 709 2505 794 2531; x_wconf 63' lang='lat' dir='ltr'>Puris.</span> <span class='ocrx_word' id='word_1_333' title='bbox 811 2506 838 2531; x_wconf 69' lang='lat' dir='ltr'>L.</span> <span class='ocrx_word' id='word_1_334' title='bbox 855 2507 909 2535; x_wconf 73' lang='lat'>2⁵¹.</span> <span class='ocrx_word' id='word_1_335' title='bbox 926 2511 955 2531; x_wconf 80' lang='lat' dir='ltr'>n⁰</span> <span class='ocrx_word' id='word_1_336' title='bbox 971 2507 1023 2531; x_wconf 73' lang='lat'>111⁵.</span> <span class='ocrx_word' id='word_1_337' title='bbox 1041 2507 1117 2532; x_wconf 77' lang='lat' dir='ltr'>Bulla</span> <span class='ocrx_word' id='word_1_338' title='bbox 1133 2508 1257 2540; x_wconf 76' lang='lat' dir='ltr'>plumbea</span> <span class='ocrx_word' id='word_1_339' title='bbox 1271 2508 1324 2533; x_wconf 75' lang='lat' dir='ltr'>ati·</span> <span class='ocrx_word' id='word_1_340' title='bbox 1338 2508 1449 2533; x_wconf 69' lang='lat' dir='ltr'>cun-b.</span> <span class='ocrx_word' id='word_1_341' title='bbox 1466 2509 1634 2542; x_wconf 71' lang='lat' dir='ltr'>appenditur.</span> <span class='ocrx_word' id='word_1_342' title='bbox 1651 2509 1723 2534; x_wconf 72' lang='lat' dir='ltr'>lusu</span> <span class='ocrx_word' id='word_1_343' title='bbox 1734 2517 1740 2533; x_wconf 78' lang='lat' dir='ltr'>t</span> <span class='ocrx_word' id='word_1_344' title='bbox 1753 2518 1765 2533; x_wconf 74' lang='grc' dir='ltr'><strong>α</strong></span> <span class='ocrx_word' id='word_1_345' title='bbox 1777 2510 1853 2543; x_wconf 68' lang='lat' dir='ltr'>liugn</span> <span class='ocrx_word' id='word_1_346' title='bbox 1868 2519 1892 2535; x_wconf 90' lang='lat' dir='ltr'>v.</span> <span class='ocrx_word' id='word_1_347' title='bbox 1909 2519 1921 2534; x_wconf 74' lang='grc' dir='ltr'>ι</span> <span class='ocrx_word' id='word_1_348' title='bbox 1938 2511 1967 2535; x_wconf 90' lang='lat' dir='ltr'>ln</span> <span class='ocrx_word' id='word_1_349' title='bbox 1982 2511 2135 2536; x_wconf 73' lang='lat' dir='ltr'>membrana</span> 
     </span>
     <span class='ocr_line' id='line_1_32' title="bbox 260 2548 976 2579; baseline 0.004 -7"><span class='ocrx_word' id='word_1_350' title='bbox 260 2555 355 2572; x_wconf 72' lang='lat' dir='ltr'>avene</span> <span class='ocrx_word' id='word_1_351' title='bbox 370 2556 376 2573; x_wconf 81' lang='lat' dir='ltr'>z</span> <span class='ocrx_word' id='word_1_352' title='bbox 393 2556 406 2572; x_wconf 72' lang='grc' dir='ltr'><strong>α</strong></span> <span class='ocrx_word' id='word_1_353' title='bbox 422 2548 619 2573; x_wconf 62' lang='lat' dir='ltr'>radic-torum</span> <span class='ocrx_word' id='word_1_354' title='bbox 635 2558 656 2573; x_wconf 75' lang='grc' dir='ltr'>ι.</span> <span class='ocrx_word' id='word_1_355' title='bbox 673 2563 704 2568; x_wconf 91' lang='lat'>·—</span> <span class='ocrx_word' id='word_1_356' title='bbox 718 2549 842 2579; x_wconf 69' lang='lat' dir='ltr'>Bulaeus,</span> <span class='ocrx_word' id='word_1_357' title='bbox 859 2551 904 2575; x_wconf 87' lang='grc' dir='ltr'>ΙΙΙ.</span> <span class='ocrx_word' id='word_1_358' title='bbox 920 2552 976 2576; x_wconf 67' lang='lat'><strong><em>³10³.</em></strong></span> 
     </span>
    </p>
   </div>
   <div class='ocr_carea' id='block_1_8' title="bbox 261 2726 1530 2780">
    <p class='ocr_par' dir='ltr' id='par_1_8' title="bbox 261 2726 1530 2780">
     <span class='ocr_line' id='line_1_33' title="bbox 261 2726 1530 2780; baseline 0.005 -16"><span class='ocrx_word' id='word_1_359' title='bbox 261 2726 291 2765; x_wconf 84' lang='grc'><strong>3</strong></span> <span class='ocrx_word' id='word_1_360' title='bbox 300 2727 375 2765; x_wconf 77' lang='grc'>16.</span> <span class='ocrx_word' id='word_1_361' title='bbox 397 2736 566 2765; x_wconf 74' lang='lat' dir='ltr'>Alexander</span> <span class='ocrx_word' id='word_1_362' title='bbox 581 2739 597 2765; x_wconf 91' lang='lat'><em>1</em></span> <span class='ocrx_word' id='word_1_363' title='bbox 602 2739 625 2766; x_wconf 79' lang='lat' dir='ltr'><em>V</em></span> <span class='ocrx_word' id='word_1_364' title='bbox 633 2738 675 2766; x_wconf 77' lang='lat' dir='ltr'>ad</span> <span class='ocrx_word' id='word_1_365' title='bbox 688 2739 881 2775; x_wconf 70' lang='lat' dir='ltr'>Reginaldum</span> <span class='ocrx_word' id='word_1_366' title='bbox 895 2741 1060 2778; x_wconf 67' lang='lat' dir='ltr'>episcopum</span> <span class='ocrx_word' id='word_1_367' title='bbox 1075 2742 1170 2769; x_wconf 72' lang='lat' dir='ltr'>Paris.</span> <span class='ocrx_word' id='word_1_368' title='bbox 1188 2742 1224 2769; x_wconf 83' lang='lat' dir='ltr'>de</span> <span class='ocrx_word' id='word_1_369' title='bbox 1239 2741 1337 2770; x_wconf 74' lang='lat' dir='ltr'>eodem</span> <span class='ocrx_word' id='word_1_370' title='bbox 1352 2747 1530 2780; x_wconf 72' lang='lat' dir='ltr'>argumento.</span> 
     </span>
    </p>
   </div>
   <div class='ocr_carea' id='block_1_9' title="bbox 1469 2839 1850 2875">
    <p class='ocr_par' dir='ltr' id='par_1_9' title="bbox 1469 2839 1850 2875">
     <span class='ocr_line' id='line_1_34' title="bbox 1469 2839 1850 2875; baseline 0.005 -8"><span class='ocrx_word' id='word_1_371' title='bbox 1469 2839 1548 2871; x_wconf 71' lang='lat'><em>1257.</em></span> <span class='ocrx_word' id='word_1_372' title='bbox 1562 2839 1672 2875; x_wconf 67' lang='lat' dir='ltr'>mum</span> <span class='ocrx_word' id='word_1_373' title='bbox 1679 2840 1725 2872; x_wconf 75' lang='lat'>23.</span> <span class='ocrx_word' id='word_1_374' title='bbox 1742 2840 1850 2869; x_wconf 69' lang='lat' dir='ltr'>moa-uz</span> 
     </span>
    </p>
   </div>
   <div class='ocr_carea' id='block_1_10' title="bbox 262 2906 2138 3028">
    <p class='ocr_par' dir='ltr' id='par_1_10' title="bbox 262 2906 2138 3028">
     <span class='ocr_line' id='line_1_35' title="bbox 351 2906 2137 2961; baseline 0.004 -20"><span class='ocrx_word' id='word_1_375' title='bbox 351 2906 559 2942; x_wconf 78' lang='lat' dir='ltr'>Alexander</span> <span class='ocrx_word' id='word_1_376' title='bbox 593 2909 791 2956; x_wconf 77' lang='lat' dir='ltr'>episcopus</span> <span class='ocrx_word' id='word_1_377' title='bbox 825 2922 956 2945; x_wconf 76' lang='lat' dir='ltr'>servus</span> <span class='ocrx_word' id='word_1_378' title='bbox 989 2923 1178 2947; x_wconf 75' lang='lat' dir='ltr'>servorum</span> <span class='ocrx_word' id='word_1_379' title='bbox 1214 2913 1281 2946; x_wconf 77' lang='lat' dir='ltr'>Dei</span> <span class='ocrx_word' id='word_1_380' title='bbox 1314 2912 1514 2948; x_wconf 78' lang='lat' dir='ltr'>venerabili</span> <span class='ocrx_word' id='word_1_381' title='bbox 1547 2914 1647 2948; x_wconf 76' lang='lat' dir='ltr'>fratri</span> <span class='ocrx_word' id='word_1_382' title='bbox 1676 2941 1697 2948; x_wconf 95' lang='lat'>..</span> <span class='ocrx_word' id='word_1_383' title='bbox 1731 2915 1904 2961; x_wconf 77' lang='lat' dir='ltr'>episeopo</span> <span class='ocrx_word' id='word_1_384' title='bbox 1942 2916 2137 2951; x_wconf 72' lang='lat' dir='ltr'>parisiensi</span> 
     </span>
     <span class='ocr_line' id='line_1_36' title="bbox 262 2971 2138 3028; baseline 0.005 -22"><span class='ocrx_word' id='word_1_385' title='bbox 262 2971 416 3007; x_wconf 69' lang='lat' dir='ltr'>unlutem</span> <span class='ocrx_word' id='word_1_386' title='bbox 458 2980 495 3008; x_wconf 85' lang='lat' dir='ltr'>et</span> <span class='ocrx_word' id='word_1_387' title='bbox 530 2975 765 3021; x_wconf 74' lang='lat' dir='ltr'>apostolicam</span> <span class='ocrx_word' id='word_1_388' title='bbox 805 2976 1113 3013; x_wconf 74' lang='lat' dir='ltr'>benedictionem.</span> <span class='ocrx_word' id='word_1_389' title='bbox 1153 2979 1244 3014; x_wconf 87' lang='lat' dir='ltr'>Cum</span> <span class='ocrx_word' id='word_1_390' title='bbox 1287 2986 1436 3026; x_wconf 70' lang='lat' dir='ltr'>propter</span> <span class='ocrx_word' id='word_1_391' title='bbox 1472 2980 1692 3027; x_wconf 78' lang='lat' dir='ltr'>multiplices</span> <span class='ocrx_word' id='word_1_392' title='bbox 1732 2981 1860 3028; x_wconf 78' lang='lat' dir='ltr'>culpae</span> <span class='ocrx_word' id='word_1_393' title='bbox 1901 2988 1938 3015; x_wconf 86' lang='lat' dir='ltr'>et</span> <span class='ocrx_word' id='word_1_394' title='bbox 1978 2982 2138 3027; x_wconf 72' lang='lat' dir='ltr'>granden</span> 
     </span>
    </p>
   </div>
  </div>
 </body>
</html>
