2580 3528
228 425 324 467 1284]
540 436 588 458 AB
621 436 728 459 Anno
763 436 842 459 mcc
877 436 1012 466 usous
1049 437 1098 460 An
1135 438 1370 461 ruinarum
1407 439 1447 461 iv
1482 440 1571 462 nnc.
1609 440 1746 463 rame.
2039 433 2102 465 621

225 515 316 543 tates
336 509 608 552 Universitatis,
625 510 670 544 ad
690 520 958 556 quemcumque
979 517 1111 545 statum
1132 511 1334 554 deveniret,
1351 513 1488 557 juravit
1507 513 1613 546 etiam
1635 514 1733 559 quod
1754 514 1823 547 iret
1842 515 1884 547 ad
1906 523 2103 561 congrega-

218 576 343 610 'tiones
362 583 530 618 vocatus;
552 583 588 610 et
613 576 680 610 hec
701 578 828 622 jurant
848 584 1029 624 quotquot
1055 578 1236 624 incipiunt
1260 579 1297 612 in
1322 579 1462 612 artibus
1484 586 1526 612 'et
1551 580 1769 625 inceperunt
1789 581 1833 613 de
1855 583 1994 622 novo³¹,
2023 589 2059 615 et
2085 596 2103 616 a

223 649 387 689 tempore
413 655 433 677 a
462 655 535 689 quo
565 655 639 677 non
669 649 765 678 extat
793 644 967 678 memoria
991 656 998 678 :
1022 657 1146 690 quare,
1177 657 1258 679 cum
1289 645 1334 678 ab
1361 645 1430 679 hoc
1455 647 1663 691 juramento
1689 646 1929 680 cancellarius
1958 659 2030 680 non
2057 649 2101 682 sit

222 708 426 752 absolutus,
462 716 612 756 propter
645 710 714 744 hoc
749 711 848 756 quod
881 717 1032 745 vocatus
1061 711 1105 745 ad
1135 712 1444 758 congregationes
1473 725 1547 746 non
1577 713 1655 754 ivit,
1686 720 1722 746 et
1750 713 1787 746 in
1817 713 1886 746 hoc
1917 713 2103 748 libertates

225 776 480 810 Universitatis
506 788 580 810 nou
608 777 777 818 servavit,
812 777 1040 811 manifestum
1070 784 1127 812 est
1155 778 1274 824 ipsum
1303 779 1504 825 perjurium
1538 779 1759 820 incurrisse,
1787 786 1822 812 et
1848 779 1879 812 si
1907 780 2102 825 capitulum

222 851 327 876 suum
353 842 412 877 vel
431 843 494 877 alii
514 843 621 889 periti
642 843 824 877 dederunt
844 843 915 877 sibi
936 844 1131 878 consilium
1153 845 1198 878 de
1219 857 1293 879 non
1314 845 1450 887 eundo,
1473 846 1527 879 eis
1548 858 1622 879 non
1643 845 1770 880 debuit
1789 846 1941 880 credere
1965 847 2010 880 ad
2038 859 2103 880 sue

221 909 340 943 anime
375 908 645 944 detrimentum.
683 910 738 944 Ad
767 909 836 944 hoc
866 911 964 956 quod
997 911 1077 957 ipse
1107 911 1196 945 dicit
1225 918 1349 958 postea
1384 912 1483 958 quod
1513 919 1662 958 propter
1695 913 1859 946 defectus
1883 914 1957 959 jam
1987 913 2104 947 dictos

222 976 372 1022 punitus
396 989 415 1010 a
439 977 518 1011 suis
542 976 764 1010 lectionibus
785 964 998 1023 legere-nec
1019 978 1205 1024 disputare
1226 979 1376 1017 dimisit,
1400 979 1436 1012 in
1456 978 1524 1012 hoc
1550 979 1630 1024 ipse
1658 991 1698 1012 se
1723 980 1855 1013 asserit
1879 980 1995 1025 magis
2020 992 2103 1014 esse

220 1041 507 1084 inobedientem,
539 1042 716 1077 rebellem
746 1044 983 1078 Universitati
1014 1051 1050 1078 et
1079 1045 1258 1079 mandatis
1296 1045 1452 1079 ecclesie
1483 1047 1657 1088 Romane,
1686 1058 1726 1080 ac
1758 1046 1874 1092 magis
1901 1046 2100 1092 dejerasse.

220 1109 312 1143 Cum
335 1109 422 1143 dicit
442 1116 568 1155 postea
588 1110 687 1156 quod
707 1110 738 1144 si
758 1110 988 1144 dimisissent
1007 1110 1198 1153 lectiones,
1215 1117 1294 1150 etc„
1313 1112 1411 1158 quod
1431 1111 1500 1146 hoc
1521 1113 1653 1146 suisset
1672 1119 1796 1146 contra
1815 1112 2018 1146 libertatem
2037 1126 2101 1147 sue

220 1175 389 1217 ecclesie,
416 1176 572 1210 dicimus
597 1176 695 1222 quod
720 1177 757 1209 in
785 1176 854 1210 hoc
878 1189 951 1210 non
972 1184 1029 1211 est
1048 1177 1118 1211 sibi
1139 1178 1376 1220 credendum,
1399 1191 1479 1212 cum
1505 1178 1559 1212 illi
1584 1179 1629 1212 de
1658 1179 1812 1213 ecclesia
1839 1180 2037 1213 Parisiensi
2066 1180 2101 1213 in

219 1242 464 1276 Universitate
486 1249 658 1288 regentes
679 1254 751 1276 non
773 1242 930 1277 habeant
948 1244 1252 1278 consuetudinem
1274 1245 1318 1278 ad
1339 1244 1407 1278 hoc
1429 1257 1495 1290 pro
1517 1257 1570 1287 se,
1593 1245 1703 1278 immo
1724 1246 1954 1279 consuetudo
1975 1258 2101 1292 appro-

218 1307 299 1342 bata
323 1321 343 1341 a
367 1299 533 1354 tempore
556 1321 576 1342 a
601 1321 674 1354 quo
699 1322 773 1343 non
799 1316 855 1343 est
879 1310 1053 1343 memoria
1074 1317 1214 1344 servata
1240 1317 1297 1344 est
1320 1311 1358 1344 in
1383 1312 1605 1350 contrarium
1630 1311 1753 1357 hujus.
1783 1313 1929 1353 lterum,
1957 1313 1987 1345 si
2013 1312 2101 1346 alle-

217 1381 322 1420 garet
347 1386 413 1420 per
440 1375 672 1421 privilegium
701 1375 906 1410 libertatem
937 1376 1094 1410 ecclesie
1125 1377 1344 1411 Parisiensis
1371 1378 1415 1411 ad
1442 1377 1524 1419 hoc,
1554 1377 1706 1412 deberet
1731 1378 1873 1424 aperire
1900 1379 2097 1412 clausulam

218 1441 414 1488 privilegii,
432 1453 498 1487 per
518 1454 624 1487 quam
645 1442 821 1488 probatur
841 1442 901 1476 illa
923 1442 1085 1485 libertas,
1104 1450 1140 1476 et
1161 1450 1279 1477 tamen
1300 1444 1380 1490 ipse
1401 1456 1477 1477 eam
1500 1456 1573 1477 non
1593 1445 1721 1490 aperit.
1741 1447 1841 1485 Item,
1860 1445 2099 1479 cancellarius

217 1507 436 1542 Parisiensis
470 1519 510 1542 se
543 1508 751 1542 intromittit
784 1509 829 1543 de
863 1509 943 1543 lana
977 1510 1123 1555 caprina
1154 1509 1191 1543 in
1221 1510 1378 1544 dicendo
1413 1511 1592 1556 premissa
1623 1522 1705 1544 esse
1736 1518 1860 1544 contra
1895 1511 2096 1546 libertatem

217 1573 375 1609 ecclesie
394 1575 626 1617 Parisiensis,
649 1572 730 1609 cum
753 1575 906 1610 ecclesia
934 1576 995 1610 illa
1021 1576 1067 1610 de
1087 1576 1157 1610 hoc
1185 1589 1259 1610 non
1286 1577 1450 1623 porrigat
1474 1577 1738 1623 querimoniam
1765 1585 1889 1612 contra
1911 1579 2099 1612 Universi-

218 1647 340 1683 tatem,
365 1647 401 1675 et
425 1653 506 1675 cum
532 1642 612 1687 ipse
638 1654 711 1675 non
731 1641 862 1676 habeat
882 1643 1088 1676 mandatum
1113 1642 1157 1676 ab
1183 1642 1338 1677 ecclesia
1363 1643 1432 1677 hoc
1453 1643 1630 1683 faciendi;
1659 1650 1694 1677 et
1719 1656 1783 1689 per
1803 1643 1871 1677 hoc
1897 1645 1995 1690 quod
2020 1645 2099 1691 ipse

217 1707 307 1741 dicit
336 1707 405 1741 hoc
437 1719 521 1742 esse
553 1715 679 1742 contra
709 1708 912 1743 libertatem
944 1709 1164 1743 Parisiensis
1193 1709 1363 1752 ecclesie,
1397 1722 1470 1743 non
1501 1717 1557 1744 est
1586 1710 1656 1744 sibi
1688 1711 1911 1744 credendum
1950 1719 2099 1757 propter

218 1774 393 1808 rationem
412 1775 487 1820 jam
512 1774 656 1808 dictam.
686 1776 788 1818 ltem,
815 1775 875 1809 alii
899 1776 944 1809 de
967 1775 1125 1822 capitulo
1148 1776 1346 1810 Parisiensi
1369 1777 1406 1809 in
1429 1777 1674 1810 Universitate
1700 1783 1885 1823 regentes,
1911 1778 2027 1811 vocati
2053 1778 2098 1811 ad

217 1841 525 1887 congregationes
562 1841 631 1875 sub
661 1854 767 1888 pena,
803 1842 974 1876 timentes
1012 1855 1140 1888 penam
1174 1843 1362 1876 incurrere
1393 1843 1559 1884 veniunt,
1591 1850 1626 1876 et
1660 1855 1806 1889 semper
1837 1851 2029 1883 venerunt,
2061 1851 2097 1878 et

216 1906 367 1942 libertas
401 1907 571 1950 ecclesie,
605 1909 636 1942 si
670 1915 769 1943 esset
798 1909 917 1955 aliqua
956 1909 1000 1943 ad
1030 1909 1111 1951 hoc,
1143 1909 1191 1943 ita
1221 1916 1319 1943 esset
1350 1921 1415 1955 pro
1445 1909 1526 1943 aliis
1557 1909 1601 1943 de
1635 1909 1806 1955 capitu10,
1839 1910 1934 1944 sicut
1965 1917 2000 1944 et
2031 1923 2096 1957 pro

216 1973 455 2016 cancellario;
491 1981 526 2008 et
559 1974 607 2008 ita
638 1975 776 2009 vellent
810 1988 886 2009 eam
922 1988 1081 2016 servare,
1115 1976 1207 2010 sicut
1234 1975 1486 2016 cancellarius,
1520 1982 1628 2022 prout
1660 1976 1858 2019 credimus,
1894 1983 1930 2010 et
1965 1977 2095 2011 melius

217 2047 370 2087 possent
391 2040 460 2075 hoc
485 2041 617 2075 facere.
644 2042 735 2077 Cum
757 2042 844 2076 dicit
865 2049 990 2088 postea
1012 2043 1108 2076 idem
1129 2042 1369 2076 cancellarius
1390 2042 1488 2088 quod
1509 2042 1673 2088 magistri
1702 2043 1867 2076 fecerunt
1896 2055 2001 2076 unam
2028 2044 2098 2077 ini-

216 2107 428 2153 quissimam
457 2107 626 2151 litteram,
646 2114 726 2150 etc.,
749 2109 906 2143 dicimus
931 2109 1063 2155 primo,
1085 2109 1183 2155 quod
1203 2108 1323 2143 littera
1343 2121 1417 2142 non
1437 2109 1505 2142 suit
1523 2109 1664 2154 iniqua;
1688 2109 1771 2154 quia
1791 2121 1872 2143 cum
1894 2110 1973 2156 ipse
1999 2118 2098 2144 esset

216 2173 435 2208 inobediens
455 2174 493 2207 in
513 2174 651 2218 multis,
668 2187 733 2210 sua
754 2176 895 2222 punitio
916 2175 1010 2210 bene
1031 2175 1158 2209 debuit
1178 2175 1290 2209 scribi
1311 2182 1347 2209 et
1367 2175 1536 2221 sigillari,
1558 2187 1638 2209 cum
1663 2176 1867 2221 puniretur,
1894 2183 1933 2210 ut
1959 2177 2095 2210 dictum

216 2245 273 2273 est
301 2239 486 2286 superius,
518 2241 614 2275 sicut
642 2253 777 2287 regens
804 2242 840 2275 in
872 2242 1131 2283 Universitate,
1160 2254 1233 2275 non
1261 2248 1440 2287 tamquam
1469 2241 1708 2275 cancellarius
1735 2242 1965 2275 parisiensis.
2003 2243 2094 2276 Cum

216 2305 305 2339 dicit
324 2312 449 2352 postea
470 2307 568 2352 quod
589 2306 822 2342 inhibebatur
842 2307 1047 2342 scolaribus
1068 2320 1113 2342 ne
1134 2309 1214 2354 ejus
1234 2319 1424 2341 sermones
1445 2307 1629 2348 audirent3
1652 2314 1770 2341 utrum
1793 2307 1837 2341 de
1858 2308 1936 2341 suis
1956 2320 2096 2342 sermo-

216 2371 326 2406 nibus
351 2372 455 2406 fieret
479 2372 661 2414 inhibitio,
684 2386 758 2408 non
783 2374 877 2408 bene
898 2374 1042 2414 recolo;
1065 2381 1102 2408 et
1121 2374 1153 2408 si
1173 2374 1241 2408 suit
1260 2374 1350 2408 facta
1375 2374 1421 2407 de
1446 2373 1680 2407 sermonibus
1706 2374 1796 2415 suis,
1820 2374 1908 2408 sacta
1934 2374 2001 2408 suit
2025 2375 2093 2409 sub

216 2438 281 2472 hac
301 2439 415 2472 forma
438 2450 445 2472 :
469 2453 486 2471 α
508 2439 615 2483 Quod
635 2440 797 2474 scolares
818 2453 891 2474 non
911 2441 1080 2475 audirent
1100 2441 1181 2486 ejus
1202 2451 1406 2481 sermones,
1424 2440 1519 2473 sicut
1539 2451 1730 2473 sermones
1751 2440 1914 2485 magistri
1936 2440 2093 2487 Philippi

215 2505 260 2539 de
289 2504 482 2548 Thoriaco,
513 2506 720 2541 cancellarii
751 2507 983 2549 Parisiensis,
1016 2507 1179 2553 regentis
1210 2506 1246 2540 in
1277 2506 1522 2540 Universitate
1556 2518 1595 2546 »3
1628 2512 1824 2552 potuerunt
1857 2513 1974 2540 tamen
2004 2519 2092 2542 suos

216 2582 406 2606 sermones
426 2572 553 2606 audire
572 2573 668 2607 sicut
687 2585 878 2607 sermones
898 2572 1105 2607 cancellarii
1126 2572 1282 2607 ecclesie
1303 2572 1535 2614 parisiensis,
1559 2583 1625 2606 nec
1646 2572 1690 2606 ad
1711 2571 1780 2606 hoc
1801 2573 1869 2607 suit
1888 2573 1977 2607 sacta
1999 2573 2093 2607 inhi-

215 2636 318 2672 bitio.
356 2638 446 2673 Cum
482 2638 570 2673 dicit
596 2640 693 2685 quod
723 2639 842 2674 littera
871 2640 939 2674 suit
964 2640 1066 2682 sacta,
1096 2639 1281 2686 magistris
1309 2638 1345 2672 in
1374 2638 1557 2684 theologia
1584 2650 1624 2672 ac
1651 2638 1732 2672 aliis
1765 2639 1810 2673 de
1849 2639 2093 2674 Universitate

216 2703 384 2750 pluribus
420 2705 548 2751 peritis
580 2706 928 2748 contradicentibus,
957 2706 1114 2740 dicimus
1141 2706 1239 2752 quod
1267 2705 1377 2739 immo
1404 2705 1472 2739 suit
1497 2705 1600 2747 sacta,
1629 2705 1724 2739 sicut
1754 2706 1997 2752 preordinata,
2028 2719 2092 2753 per

214 2769 410 2817 magistros
427 2779 598 2819 regentes
617 2773 654 2806 in
676 2772 872 2820 theologia,
890 2779 959 2807 tam
981 2773 1026 2806 de
1046 2772 1205 2806 claustro
1227 2773 1335 2806 Beate
1356 2771 1469 2805 Marie
1489 2771 1678 2806 Parisius⁸⁸
1698 2783 1803 2818 quam
1825 2772 1906 2806 aliis
1926 2773 2089 2818 ejusdem

214 2836 394 2872 facultatis
423 2845 460 2873 et
487 2838 651 2882 aliarum,
674 2839 775 2874 nullo
796 2839 1082 2882 contradicente,
1104 2846 1139 2873 et
1159 2838 1316 2885 sigillata
1337 2837 1462 2884 sigillo
1483 2838 1751 2880 Universitatis,
1775 2851 1846 2873 non
1869 2846 2026 2873 extracto
2045 2840 2090 2873 de

215 2902 321 2938 archa
351 2904 573 2952 irrequisitis
600 2906 787 2953 theologis
817 2918 884 2940 nec
913 2906 1016 2948 aliis;
1048 2906 1158 2940 immo
1186 2905 1347 2939 decanus
1376 2904 1414 2938 in
1443 2903 1627 2951 theologia
1657 2905 1701 2939 ad
1731 2904 1799 2939 hoc
1827 2906 1925 2939 misit
1953 2905 2087 2939 clavem

217 2981 332 3013 suam,
355 2978 503 3018 recepto
527 2972 737 3007 testimonio
758 2972 954 3007 servientis
975 2971 1154 3007 facultatis
1175 2983 1256 3015 sue,
1276 2969 1374 3018 quod
1396 2970 1559 3017 magistri
1585 2970 1630 3005 de
1658 2983 1722 3005 sua
1750 2971 1915 3005 facultate
1945 2971 2091 3004 ordina-
