2618 3640
0 588 12 781 *ampo-„qu-vv
0 578 4 582 ·
0 568 2 571 -
0 549 7 560 Ἰ

979 408 1271 430 tNTRODUCTlo.
1990 406 2073 434 XXIX

289 487 453 534 Denique
476 487 521 523 de
541 485 704 534 collegiis
726 484 965 521 saecularibus
986 495 1029 519 eo
1053 487 1215 530 tempore
1238 482 1395 518 fundatis
1416 482 1544 529 raptim
1568 481 1769 529 loquamur.
1791 481 1949 516 Primum
1977 493 2071 517 anuo

192 560 285 595 1180
310 558 514 594 institutum
544 573 559 590 «
586 556 778 605 collegium
799 557 927 592 decem
951 559 986 591 et
1006 558 1086 590 octo
1106 570 1142 597 »,
1166 554 1319 589 alterum
1341 555 1377 589 S.
1401 554 1561 589 Thomae
1585 553 1630 588 de
1652 553 1803 599 Lupara,
1831 552 1962 587 deiude
1985 553 2072 588 Sor-

187 629 315 671 bonae,
338 628 519 666 Guillelmi
535 629 580 665 de
599 630 715 665 Saana
730 639 792 667 seu
808 626 1049 671 Thesaurarii,
1070 625 1252 673 Radulphi
1275 624 1319 660 de
1346 624 1562 668 Albussone,
1586 623 1728 672 Daciae,
1752 623 1960 670 Upsaliense
1979 635 1986 666 3
2014 623 2070 658 his

188 705 309 737 autem
335 700 609 737 annumeranda
628 703 709 735 sunt
729 699 879 747 collegia
904 699 1090 734 Bonorum
1114 699 1325 741 Puerorum,
1353 697 1388 732 S.
1414 695 1551 731 Nicolai
1572 696 1615 731 de
1641 697 1793 742 Lupara,
1822 696 1858 730 S.
1883 696 2069 739 Honorati,

186 772 380 809 Orientale.
398 773 559 814 Quorum
579 770 812 819 collegiorum
830 766 1089 813 saecularium,
1100 768 1191 804 sicut
1207 772 1242 804 et
1254 767 1516 815 religiosorum,
1541 766 1719 815 originem
1734 766 1787 802 vel
1811 766 1936 802 saltem
1958 766 2073 814 prima

182 835 258 879 'fata
271 842 375 879 facile
391 842 562 888 invenias,
577 842 764 890 adjuvante
777 842 912 877 Indice.
928 839 1076 888 Collegii
1091 838 1339 876 Harcuriensis
1355 838 1455 874 initia
1467 838 1610 874 saeculo
1625 839 1706 874 XlV
1719 837 1859 873 ineunti
1875 841 1958 873 sunt
1974 839 2072 874 attri—

183 904 341 950 buenda.

284 978 397 1018 Quam
414 975 543 1012 multas
562 975 827 1011 vicissitudines
852 974 1070 1011 Universitas
1095 985 1197 1021 passa
1220 973 1277 1018 sit,
1300 972 1478 1021 imprimis
1498 972 1535 1007 in
1560 971 1843 1008 dissentionibus
1864 984 1944 1007 cum
1967 973 2071 1008 Ordi-

183 1047 290 1084 nibus
317 1046 616 1091 Mendicantibus,
643 1046 799 1083 maxime
822 1045 1146 1089 Praedicatoribus,
1165 1045 1360 1093 instigante
1380 1044 1569 1080 Guillelmo
1585 1044 1629 1080 de
1651 1045 1687 1080 S.
1711 1046 1857 1088 Amore,
1881 1056 2070 1080 recensere

182 1119 523 1167 praetermittimus;
548 1118 592 1154 de
618 1118 748 1166 quibus
769 1118 872 1166 plura
893 1129 1000 1165 quam
1023 1117 1216 1164 quisquam
1238 1116 1275 1152 in
1295 1115 1517 1154 Chartulario
1540 1115 1798 1163 congessimus,
1825 1127 1916 1163 quae
1939 1127 2070 1164 magno

182 1191 376 1227 commodo
391 1193 496 1226 erunt
510 1189 569 1234 iis,
587 1189 648 1238 qui
667 1189 843 1225 lubricam
859 1193 892 1224 et
907 1188 1092 1225 difficilem
1114 1187 1303 1224 historiam
1322 1187 1522 1235 expandere
1536 1186 1743 1223 studebunt.

279 1263 449 1309 Magnum
475 1260 679 1296 animorum
704 1263 842 1296 motum
864 1260 901 1295 in
927 1259 1164 1296 Universitate
1194 1259 1383 1295 Parisiensi
1412 1258 1555 1294 saeculo
1582 1259 1664 1293 XllI
1694 1257 1799 1294 nobis
1831 1258 1921 1293 mire
1953 1262 2071 1294 osten-

180 1332 272 1368 dunt
306 1332 523 1368 documenta
551 1331 587 1366 in
617 1330 749 1378 quibus
779 1330 894 1379 agitur
922 1331 966 1366 de
1000 1329 1231 1378 opinionibus
1259 1341 1318 1365 seu
1350 1329 1530 1365 erroribus
1558 1329 1782 1376 quorundam
1815 1329 2068 1377 magistrorum

180 1403 323 1439 Parisiis
338 1403 539 1450 regentium
556 1402 603 1449 (υ.
624 1402 784 1438 Iudicem
805 1402 873 1438 sub
887 1408 919 1437 v⁰
934 1403 1157 1444 OPINIONES).
1179 1401 1374 1436 Maximum
1391 1400 1476 1436 huic
1489 1400 1603 1436 motui
1618 1400 1831 1436 alimentum
1850 1400 2068 1448 praebebant

178 1473 381 1510 Aristotelis
401 1485 523 1521 opera,
541 1484 633 1521 quae
648 1484 690 1509 eo
706 1476 866 1520 tempore
886 1473 930 1508 in'
942 1473 1094 1508 latinum
1112 1483 1283 1508 conversa
1297 1475 1393 1516 sunt,
1413 1483 1495 1507 cun]
1511 1471 1740 1518 praecedenti
1758 1472 1900 1508 saeculo
1918 1472 1963 1507 ad
1975 1472 2068 1520 logi-
2092 1519 2094 1521 Ι

177 1557 257 1582 cam
272 1543 414 1581 tantum
428 1544 726 1592 dialecticamque
741 1543 955 1592 pertinentia
970 1547 1057 1580 nota
1078 1543 1245 1587 fuissent;
1268 1547 1345 1578 tum
1361 1542 1505 1579 Arabici
1521 1546 1837 1587 commentatores,
1854 1543 2068 1579 nominatim

178 1615 572 1664 lbn·Sina(Avicenna)
601 1620 635 1652 et
661 1615 889 1652 lbn—Roschd
915 1614 1134 1664 (Averroes).
1163 1615 1228 1651 Hic
1248 1618 1366 1651 motus
1389 1614 1479 1650 utin
1509 1614 1643 1650 scholis
1664 1614 1894 1658 Artistarum,
1921 1614 1969 1650 ita
1993 1626 2067 1650 non

178 1688 297 1724 minor
319 1688 357 1723 in
384 1687 521 1723 scholis
546 1687 813 1735 Theologorum
832 1686 996 1735 apparuit
1017 1699 1100 1723 eum
1120 1686 1274 1723 rationes
1296 1686 1568 1734 philosophicas
1591 1685 1789 1722 Aristotelis
1813 1686 1857 1722 ad.
1874 1686 2068 1722 enuclean-

175 1758 238 1795 das
266 1758 488 1806 theologicas
515 1759 709 1807 positiones
736 1758 911 1806 Theologi
933 1758 1146 1795 adhiberent
1155 1772 1164 1801 ;
1197 1761 1283 1794 tunc
1309 1769 1427 1794 sermo
1451 1757 1602 1793 omnino
1626 1757 1871 1793 Aristotelicas
1898 1757 2061 1793 invaluit.

114 1859 119 1863 .
168 1820 325 1866 'Gravem
355 1829 595 1866 differentiam
619 1830 797 1874 videmus,
824 1842 868 1866 ex
896 1830 966 1866 hoc
989 1829 1197 1878 disputandi
1228 1829 1350 1873 modo,
1384 1829 1478 1864 inter
1507 1832 1677 1864 tractatus
1703 1828 1929 1876 theologicos
1958 1833 2065 1864 ante-

173 1901 278 1938 rioris
305 1904 341 1937 et
365 1900 576 1949 posterioris
601 1901 737 1938 aetatis.
762 1901 957 1949 Antiquam
983 1901 1145 1937 scholam
1173 1903 1438 1949 repraesentant
1459 1900 1661 1936 etiamtum
1686 1900 1856 1936 Summae
1878 1900 2064 1936 Guillelmi

171 1971 507 2016 Autissiodorensis,
523 1972 693 2008 Gaufredi
711 1973 930 2008 Pictavensis
944 1976 978 2009 et
991 1972 1148 2020 Philippi
1162 1972 1206 2008 de
1224 1974 1335 2008 Greve
1345 1986 1354 2015 ;
1376 1983 1503 2008 novam
1520 1971 1670 2008 Summa
1686 1971 1878 2007 Alexandri
1896 1971 1940 2007 de
1956 1971 2062 2007 Hales

171 2046 207 2079 et
222 2054 313 2091 opus
329 2042 370 2079 de
388 2043 558 2080 Universo
575 2043 756 2080 Guillelmi
773 2044 936 2080 Arverni.
956 2046 1038 2080 Mox
1051 2044 1144 2079 intra
1160 2043 1310 2080 Ordines
1324 2043 1521 2091 religiosos,
1540 2047 1577 2078 ut
1591 2042 1879 2079 Praedicatorum
1896 2046 1930 2078 et
1945 2043 2062 2079 Mino—

172 2126 266 2159 rum,
290 2114 464 2151 formatae
485 2118 569 2151 sunt
592 2115 751 2160 scholae,
780 2115 880 2152 illinc
908 2115 1150 2164 antesignanis
1175 2115 1320 2152 Alberto
1346 2117 1475 2163 Magno
1500 2119 1534 2151 et
1559 2114 1701 2151 Thoma
1726 2114 1769 2150 de
1794 2114 1951 2162 Aquino,
1976 2114 2061 2150 hinc

169 2185 374 2228 Alexandro
390 2186 434 2222 de
448 2186 557 2222 Hales
573 2190 607 2223 et
629 2188 889 2223 Bonaventura.
908 2189 947 2222 ln
960 2187 1188 2223 Chartulario
1204 2187 1313 2222 etiam
1326 2191 1449 2223 nostro
1463 2186 1694 2222 dissensionis
1710 2186 1804 2222 inter
1817 2186 1907 2222 duas
1921 2198 2061 2222 memo-

171 2260 263 2292 ratas
279 2257 417 2292 scholas
433 2257 578 2305 vestigia
596 2258 750 2306 reperire
772 2270 978 2306 possumus,
997 2270 1126 2306 nempe
1154 2258 1190 2294 in
1207 2258 1367 2306 epistolis
1391 2260 1407 2293 J
1413 2258 1566 2294 ohannis
1592 2258 1769 2293 Peckham
1790 2258 2059 2293 Cautuariensis

169 2327 429 2375 archiepiscopi
447 2328 546 2376 (Vz'd.
569 2329 614 2364 n¹⁸
638 2331 723 2374 517,
749 2332 832 2374 518,
853 2329 974 2375 523)⁴‚
996 2342 1203 2377 quanquam
1224 2330 1347 2366 schola
1367 2329 1652 2366 praedicatorum
1668 2329 1831 2364 nondum
1857 2333 1929 2364 erat
1955 2341 2058 2365 com—

168 2402 272 2446 pacta
293 2400 348 2444 (ut
363 2402 513 2446 apparet
533 2411 574 2436 ex
590 2400 684 2436 notis
700 2401 745 2436 ad
764 2401 908 2436 docum.
933 2407 969 2436 n⁰
990 2405 1061 2437 474
1078 2405 1111 2437 et
1126 2408 1162 2436 n⁰
1183 2403 1281 2445 481),
1301 2401 1392 2437 sicut
1407 2412 1486 2437 eam
1504 2404 1629 2448 postea
1644 2399 1839 2435 cernimus.

267 2469 440 2518 Theologi
463 2474 648 2518 praeterea
668 2471 895 2508 celeberrimi
921 2472 1123 2508 Aristotelis
1148 2484 1297 2520 operum
1327 2475 1630 2508 commentatores
1657 2483 1749 2507 saec.
1782 2472 1863 2506 Xlll
1894 2471 2052 2506 fuerunt.

167 2541 281 2589 Ipsos,
302 2540 450 2577 minime
465 2541 620 2586 artistas,
635 2542 710 2590 Jam
736 2543 926 2590 Gregorius
950 2544 997 2578 lX
1014 2543 1059 2579 ad
1084 2543 1340 2579 examinandos
1361 2543 1474 2579 libros
1498 2542 1692 2585 naturales,
1721 2543 1781 2590 qui
1804 2542 1891 2578 olim
1915 2541 2055 2577 Parisiis

166 2611 339 2659 prohibiti
358 2611 498 2648 fuerant
517 2613 614 2661 (Vz'd.
635 2616 681 2648 nis
702 2615 759 2658 11,
780 2613 871 2662 20)²‚
891 2614 1087 2662 designavit
1102 2615 1227 2662 eisque
1241 2614 1410 2662 injunxit,
1432 2619 1469 2649 ut
1491 2626 1628 2650 errores
1642 2625 1683 2649 ex
1700 2613 1771 2649 illis
1792 2613 1892 2650 libris
1908 2614 2053 2661 penitus

167 2683 367 2728 resecarent
386 2683 487 2731 (Vid.
511 2689 550 2720 n⁶
566 2684 640 2733 87).
667 2685 757 2721 lluic
774 2689 964 2734 praecepto
996 2698 1068 2722 non
1098 2686 1150 2722 illi
1175 2686 1320 2734 quidem
1348 2686 1519 2734 theologi,
1545 2685 1588 2721 ad
1611 2697 1702 2733 quos
1730 2685 1867 2721 litterae
1892 2685 2051 2732 Gregorii

165 2753 294 2790 missae
313 2758 427 2799 erant,
451 2755 514 2791 sed
530 2756 746 2803 posteriores
766 2756 1073 2804 obtemperarunt,
1092 2769 1174 2793 cum
1192 2757 1388 2793 Aristotelis
1402 2768 1510 2805 opera
1525 2756 1794 2793 commentariis
1811 2757 2048 2792 illustrarunt.

165 2825 293 2861 Liceat>
303 2825 428 2861 saltem
445 2827 594 2862 nomina
609 2827 747 2864 Albcrti
763 2828 882 2876 Magni
900 2832 935 2864 et
954 2829 1114 2865 Thomae
1134 2829 1321 2877 Aquinatis
1338 2828 1373 2863 in
1390 2829 1599 2865 memoriam
1615 2840 1795 2864 revocare.

259 2953 281 2977 1.
300 2952 339 2977 De
357 2953 456 2985 quibus
469 2954 527 2979 vide
540 2962 609 2979 nunc
626 2955 723 2980 EnRLE
741 2956 767 2980 in
786 2957 950 2988 Zeicschrirt
970 2957 1025 2988 fiir
1046 2958 1225 2982 Katholische
1245 2957 1399 2988 Theoloqie,
1417 2957 1485 2985 1889,
1505 2965 1528 2989 p.
1547 2957 1593 2981 172
1607 2964 1663 2989 sqq.

258 2997 281 3021 2.
300 2996 337 3022 De
351 2997 527 3023 condemnato
539 2999 730 3025 Commentario
747 3001 868 3026 Averrois
882 3001 914 3026 cf.
927 3001 1070 3026 Hminem
1083 3002 1109 3026 in
1125 3002 1188 3027 Not.
1204 3006 1229 3027 et
1244 3006 1327 3031 extr„
1344 3002 1441 3031 XXXI,
1455 3002 1478 3031 2,
1494 3009 1520 3033 p.
1533 3001 1589 3027 ⁶291.
