2580 3528
244 422 341 463 1275]
583 432 630 454 ΑΒ
664 431 770 454 Anno
804 431 882 454 uec
915 431 1047 460 nsous
1082 432 1130 453 An
1165 432 1394 454 rmmrrum
1428 433 1469 454 ιν
1503 433 1591 455 nso.
1628 434 1765 456 rame.
2046 426 2112 459 529

241 505 339 539 mine
358 504 594 547 subsecutos,
620 511 771 551 propter
794 504 854 539 illa
875 516 946 550 que
967 516 1010 538 ex
1029 505 1285 551 superioribus
1307 505 1532 551 colliguntur
1553 518 1626 539 non
1647 506 1816 540 duximus
1841 508 2109 553 approbandos.

242 573 359 618 Super
378 583 619 617 expensarum
641 578 759 605 autem
781 571 946 614 articulo,
969 583 1050 605 cum
1071 578 1261 618 utramque
1281 578 1418 618 partem
1439 573 1534 605 sicut
1559 573 1784 618 prediximus
1804 574 1841 606 in
1863 574 1985 607 multis
2010 575 2112 607 inve-

240 638 403 672 nerimus
423 638 642 679 excessisse,
664 650 787 671 earum
812 638 958 684 utrique
979 637 1163 672 silentium
1185 645 1400 684 perpetuum
1423 638 1592 672 duximus
1612 639 1886 684 imponendum.
1915 641 2006 673 Saue
2027 641 2112 674 arti-

239 704 361 739 culum
382 705 428 738 de
447 705 495 750 xij
517 704 696 747 licenciis,
718 716 809 750 quas
834 717 918 751 pars
939 705 1058 751 Sigei-i
1078 705 1240 739 nominat
1259 705 1443 747 abusivas,
1464 717 1546 739 cum
1567 705 1684 739 adhuc
1705 706 1750 739 de
1771 706 1851 752 ipso
1878 706 1984 740 uobis
2004 707 2111 752 plene

239 783 313 806 non
332 771 480 818 liqueat,
503 778 630 805 nostro
651 783 881 806 reservamus
903 772 1058 805 examini
1080 773 1180 818 juste
1206 772 1363 806 donante
1384 773 1540 806 Domino
1561 779 1670 818 prout
1689 773 1889 819 expediens
1913 774 1991 807 sore
2011 774 2112 807 vide-

239 839 354 872 rimus
383 838 641 872 decidendum.
674 838 823 872 Illorum
852 838 957 872 etiam
989 839 1050 884 qui
1082 845 1207 872 contra
1241 839 1513 872 ordinacionem
1547 846 1708 873 nostram
1744 839 1953 873 notabiliter
1987 852 2112 873 exces-

240 911 368 939 serunt
393 916 595 950 eorumque
622 917 715 951 quos
744 911 911 950 tanquam
938 904 1082 950 dyaboli
1110 905 1287 939 satellites
1314 912 1350 938 et
1378 906 1566 939 ministros
1593 906 1631 938 in
1660 906 1900 940 seminatione
1929 918 1969 939 ac
1995 907 2112 940 conti-

240 968 418 1006 nuacione
457 971 704 1005 dissencionis
742 971 906 1017 predicte
942 971 1057 1005 fuisse
1098 972 1347 1006 invenerimus
1387 972 1622 1018 principales,
1660 972 2029 1018 condampnacionem
2071 985 2110 1007 ac

240 1038 512 1085 impositionem
538 1050 728 1084 penarum,
752 1045 859 1084 prout
879 1037 1002 1072 delicti
1023 1038 1177 1084 qualitas
1203 1045 1238 1072 et
1261 1039 1368 1084 culpe
1395 1039 1526 1072 modus
1556 1039 1758 1085 exegerint,
1780 1046 1928 1085 propter
1955 1040 2111 1086 exempli

207 1128 210 1131 -
240 1105 439 1151 perniciem
465 1112 592 1139 nostro
617 1105 782 1147 arbitrie,
808 1105 1049 1147 ordinacioni,
1071 1105 1305 1151 dispositioni
1324 1117 1364 1139 ac
1384 1105 1613 1152 beneplacito
1639 1106 1852 1147 retinemus,
1874 1113 1913 1139 ut
1936 1118 2110 1140 mucrone

234 1172 384 1217 justicie
412 1172 451 1205 in
483 1171 651 1205 sollercia
685 1183 941 1217 perversorum
971 1171 1091 1205 taliter
1121 1172 1271 1205 feriatur
1301 1172 1399 1217 quod
1432 1184 1523 1217 pena
1555 1172 1709 1206 docente
1739 1179 1975 1218 cognoscant,
2003 1184 2109 1218 quam

238 1249 363 1284 grave,
384 1250 489 1284 quam
511 1237 772 1284 periculosum,
795 1250 901 1284 quam
921 1245 1242 1284 presumptuosum
1268 1250 1448 1284 quamque
1473 1239 1585 1272 actori
1611 1239 1710 1284 pacis
1735 1239 1902 1272 odiosum
1925 1239 2054 1272 existat
2073 1239 2110 1272 in

238 1316 327 1351 agro
357 1295 575 1339 Parisiensis
607 1304 719 1338 studii
748 1305 850 1338 virus
870 1304 1054 1338 discordie
1075 1305 1269 1346 seminare,
1296 1311 1331 1338 et
1351 1305 1710 1351 ultionisrqcondigne
1730 1305 1875 1350 gladius
1900 1305 2110 1339 videntibus

239 1377 399 1405 transeat
425 1371 462 1404 in
494 1371 698 1417 exemplum
727 1378 763 1404 et
787 1382 894 1404 aures
921 1371 1145 1404 audientium
1173 1371 1307 1404 tinnire
1333 1371 1439 1405 saciat
1463 1383 1528 1417 pre
1556 1371 1696 1404 timore.
1732 1373 1972 1405 Reservamus
2002 1372 2110 1406 nobis

240 1437 501 1472 nichilominus
530 1437 751 1479 declarandi,
782 1437 1058 1483 interpretandi,
1087 1438 1245 1471 addendi
1275 1444 1311 1471 et
1339 1438 1567 1471 diminuendi
1596 1439 1689 1471 circa
1718 1439 1894 1484 premissa
1922 1446 1957 1472 et
1984 1451 2109 1472 eorum

238 1504 430 1551 quodlibet
456 1504 653 1550 plenariam
681 1510 909 1551 potestatem.
938 1505 990 1538 Ne
1016 1511 1134 1538 autem
1163 1504 1207 1538 ab
1234 1504 1490 1538 observatione
1518 1505 1681 1550 predicte
1708 1505 1956 1538 ordinacionis
1986 1506 2112 1539 contra

239 1577 396 1605 mentem
424 1571 542 1617 ipsius
565 1583 605 1605 se
630 1571 763 1617 aliquis
790 1583 875 1605 seva
902 1571 1131 1617 prerogativa
1160 1571 1356 1605 verborum
1387 1571 1639 1605 fraudulenter
1669 1578 1818 1605 excuset
1840 1571 1898 1605 vel
1925 1572 2112 1605 maliciose

238 1637 424 1684 confingat
452 1649 493 1672 se
523 1644 672 1684 propter
696 1638 814 1684 ipsius
844 1638 1091 1672 ordinacionis
1121 1638 1352 1672 traditionem
1384 1637 1575 1672 obscuram
1604 1650 1726 1672 crasse
1750 1645 1786 1672 ct
1809 1650 1979 1684 supreme
2007 1639 2112 1684 igno-

242 1704 363 1738 rancie
389 1703 517 1738 nubilo
543 1704 845 1747 circumventum,
870 1704 936 1739 sed
961 1704 1150 1738 intellectu
1173 1706 1253 1750 ejus
1279 1705 1507 1738 manifestius
1534 1705 1695 1751 cognito,
1715 1705 1877 1739 universi
1903 1712 1938 1739 et
1959 1705 2111 1751 singuli,

239 1770 302 1817 qui
324 1770 685 1817 comprehenduntur
705 1771 742 1805 in
762 1771 853 1817 ipsa,
878 1771 1030 1805 inhibita
1054 1783 1119 1817 per
1141 1783 1218 1805 eam
1241 1771 1427 1805 declinent
1446 1779 1482 1805 et
1501 1772 1677 1818 permissa
1699 1779 1897 1814 sectentur,
1919 1785 1958 1805 ac
1979 1785 2018 1805 ea
2041 1784 2112 1817 que

239 1837 379 1885 agenda
414 1838 550 1872 suerint
585 1837 783 1884 lympidius
818 1845 926 1884 atque
964 1838 1123 1872 lucidius
1159 1839 1306 1872 videant
1340 1845 1376 1872 et
1410 1845 1636 1884 cognoscant
1676 1845 1710 1872 et
1745 1845 1784 1872 ut
1819 1839 1903 1872 inde
1941 1839 2114 1885 procedat

239 1903 433 1938 dubiorum
450 1904 659 1939 moderacio
684 1917 727 1939 ex
749 1905 985 1939 ordinacione
1002 1905 1177 1951 prelibata
1200 1906 1440 1947 nascentium,
1465 1905 1561 1938 unde
1586 1905 1773 1938 ordinacio
1790 1905 1866 1951 ipsa
1883 1905 2113 1951 dignoscitur

238 1971 480 2018 processisse,
504 1970 603 2005 illam
626 1972 663 2005 in
684 1971 902 2018 quibusdam
924 1972 1166 2018 infrascriptis
1191 1971 1354 2006 articulis
1384 1972 1596 2006 auctoritate
1617 1971 1811 2018 legationis
1834 1984 1903 2018 qua
1926 1972 2113 2018 fungimur

239 2037 409 2072 duximus
432 2050 514 2072 cum
534 2037 719 2084 aliquibus
742 2037 1044 2084 supplecionibus
1067 2038 1332 2072 declarandam.

328 2104 570 2139 Decernimus
604 2105 726 2151 itaque
759 2111 961 2139 statuentes
991 2112 1030 2139 ut
1058 2105 1363 2151 quemadmodum
1393 2111 1523 2139 statuta
1551 2111 1587 2139 et
1615 2105 1806 2139 interdicta
1836 2105 1881 2139 de
1911 2105 2045 2151 quibus
2074 2106 2111 2138 in

240 2171 318 2217 ipsa
343 2170 580 2205 ordinacione
606 2178 730 2205 nostra
751 2171 791 2205 fit
814 2172 949 2205 mentio
971 2172 1016 2205 de
1036 2172 1220 2205 communi
1245 2184 1285 2205 ac
1310 2183 1485 2218 expresso
1511 2171 1709 2217 cujuslibet
1738 2172 1902 2205 nacionis
1927 2183 2111 2205 consensu

236 2238 338 2283 juxta
358 2238 510 2271 sormam
535 2237 784 2272 ordinacionis
809 2238 973 2284 ejusdem
1002 2238 1138 2272 debent
1161 2239 1376 2285 procedere,
1411 2245 1447 2272 et
1475 2238 1580 2272 aliter
1608 2238 1754 2284 quidem
1783 2239 1871 2271 sacta
1899 2250 1971 2271 nou
1992 2238 2113 2272 valent

241 2315 308 2338 nec
337 2304 445 2338 etiam
476 2310 562 2338 sunt
595 2304 772 2338 servanda
795 2315 802 2338 ε
825 2305 879 2338 sic
908 2311 943 2338 et
972 2304 1082 2338 simili
1117 2316 1301 2338 consensu
1336 2305 1535 2350 procedant
1567 2311 1686 2338 cetera
1720 2304 1924 2338 communia
1959 2305 2111 2350 negocia

239 2369 433 2412 facultatis,
459 2381 526 2404 nec
553 2369 624 2404 alio
652 2369 761 2404 modo
787 2370 1028 2416 procedencia
1057 2370 1200 2404 valeant
1225 2370 1283 2405 vel
1312 2377 1516 2405 serventur.
1547 2370 1759 2404 Adicientes
1786 2370 2045 2404 nichilominus
2073 2377 2112 2404 ut

239 2437 335 2471 sicut
359 2448 403 2470 ex
427 2436 664 2470 ordinacione
689 2436 850 2483 predicta
875 2436 966 2470 nulli
996 2437 1139 2470 nacioni
1169 2437 1255 2470 licet
1279 2449 1318 2471 se
1343 2450 1362 2471 a
1385 2436 1502 2471 tribus
1529 2436 1586 2470 vel
1611 2449 1629 2470 a
1655 2436 1796 2470 duabus
1821 2436 1902 2471 aliis
1927 2449 2109 2483 separare,

238 2502 309 2537 nisi
330 2504 433 2549 justa
459 2501 685 2537 rationabilis
711 2509 746 2537 et
774 2503 961 2537 manifesta
987 2503 1234 2549 separacionis
1261 2515 1368 2537 causa
1395 2503 1563 2537 suffuerit
1590 2509 1626 2537 et
1652 2503 1853 2537 secundum
1882 2504 2028 2538 modum
2059 2503 2110 2538 ibi

236 2569 405 2604 traditum
435 2569 638 2604 declarata:
657 2570 703 2604 ita
733 2582 799 2604 nec
829 2569 971 2604 duabus
999 2583 1018 2604 a
1048 2570 1190 2604 duabus
1218 2570 1276 2604 vel
1306 2570 1368 2604 uni
1398 2570 1455 2604 vel
1485 2569 1602 2604 tribus
1631 2569 1675 2604 ab
1706 2582 1775 2604 una
1799 2582 1838 2604 se
1865 2570 1969 2604 aliter
1998 2571 2108 2605 liceat

239 2648 420 2683 separare.
453 2636 549 2671 lllud
579 2648 666 2670 sane
697 2637 793 2683 quod
822 2637 858 2670 in
886 2637 1128 2683 separatione,
1155 2637 1366 2683 cognitione
1393 2649 1432 2670 ac
1461 2636 1647 2670 decisione
1675 2649 1782 2671 cause
1810 2638 2050 2683 separationis
2075 2644 2112 2672 et

240 2703 394 2738 emende
429 2703 624 2750 prestando
659 2704 869 2738 incursione
903 2715 1077 2750 penarum
1107 2703 1292 2750 aliisque¹¹
1325 2704 1580 2737 moderacione
1610 2704 1744 2750 prefata
1774 2710 1945 2738 statutum
1975 2704 2111 2751 legitur

239 2769 523 2813 observandum,
552 2770 698 2816 quando
722 2782 794 2804 una
817 2770 920 2804 nacio
943 2782 961 2804 a
984 2769 1102 2804 tribus
1128 2770 1186 2804 vel
1211 2770 1282 2804 due
1304 2783 1322 2804 a
1345 2769 1487 2804 duabus
1510 2782 1550 2804 se
1572 2771 1821 2817 separaverint
1843 2778 1904 2804 aut
1927 2771 2111 2805 voluerint

239 2847 421 2882 separare,
442 2835 563 2870 locum
590 2835 723 2871 habere
749 2836 904 2870 dicimus
924 2843 959 2871 et
984 2843 1122 2878 tenere,
1145 2836 1290 2883 quando
1314 2837 1418 2870 unica
1442 2837 1544 2870 nacio
1567 2849 1585 2871 a
1609 2836 1750 2871 duabus
1774 2837 1831 2871 vel
1855 2837 1925 2871 due
1949 2850 2013 2870 scu
2036 2844 2109 2870 tres

239 2901 285 2936 ab
310 2913 379 2936 una
405 2913 445 2936 se
467 2914 636 2949 separare
658 2901 842 2937 voluerint
866 2909 927 2937 aut
950 2902 1120 2937 duxerint
1147 2902 1379 2950 separandas.
1406 2903 1462 2937 Ad
1488 2902 1558 2937 hoc
1579 2915 1724 2950 quoque
1742 2910 1897 2937 mentem
1914 2903 2108 2937 verborum

240 2967 489 3003 ordinacionis
523 2969 687 3015 ejusdem
722 2969 767 3003 ad
797 2969 894 3016 juris
927 2969 1211 3016 intelligenciam
1247 2970 1447 3004 reserentes
1485 2970 1757 3016 interpretando
1792 2982 1856 3003 seu
1892 2969 2108 3002 declarando

364 3026 460 3053 chan.
483 3026 563 3052 Unio.
581 3027 676 3053 Pan-is.
690 3027 709 3052 Ι.
1954 3027 1983 3051 87
