2580 3528
453 363 516 395 134
1030 369 1350 392 cnanrummum
1384 369 1574 391 UNIVERS.
1612 369 1743 391 PAnls.
2232 360 2332 400 [1230

451 445 549 490 quod
572 445 740 478 dolentes
760 444 966 484 referimus,
990 455 1107 488 usque
1129 443 1219 476 adeo
1241 443 1423 475 minorare
1445 443 1588 488 sategit,
1607 443 1705 488 quod
1729 443 1824 476 inter
1843 454 1909 476 vos
1930 449 1965 476 et
1984 443 2083 478 cives
2104 443 2332 476 Parisienses

450 519 574 545 exorta
604 511 787 544 discordia
818 511 855 544 in
885 510 1027 543 civitate
1058 510 1223 555 predicta
1253 509 1460 555 theologice
1490 509 1670 542 facultatis
1700 509 1819 542 studia
1849 516 1885 542 et
1912 509 2108 554 cujuslibet
2137 509 2332 555 discipline

451 578 643 611 scolastice
666 578 834 623 dogmata
859 577 1098 610 defecerunt:
1118 589 1185 609 nos
1206 577 1268 621 qui
1290 576 1455 621 ejusdem
1477 576 1632 609 civitatis
1657 576 1834 609 honorem
1861 576 2050 622 diligimus
2071 583 2107 609 et
2126 576 2331 609 studiorum

450 645 631 678 desectum
655 645 726 690 pati
754 656 827 677 non
855 655 1053 689 possumus
1083 655 1148 676 nec
1175 642 1365 684 debemus,
1393 642 1436 675 ad
1458 642 1752 675 reformationem
1779 654 1905 675 eorum
1931 642 2122 676 intendere
2149 643 2331 688 cupimus,

452 724 496 744 ue
518 711 616 756 quod
643 710 737 744 absit
762 710 918 755 amplius
940 710 1186 742 destruantur.
1210 709 1309 741 Licet
1334 715 1451 741 autem
1475 708 1725 741 ordinationes
1751 708 1924 753 quasdem
1945 708 2146 742 viderimus
2167 715 2203 742 et
2222 721 2333 754 super

449 778 656 811 additiones
687 777 830 822 petitas,
860 777 942 821 quia
970 783 1089 809 tamen
1118 787 1182 820 per
1209 775 1308 820 ipsas
1330 775 1374 807 de
1396 775 1492 807 dicto
1521 775 1670 819 negotio
1698 774 1844 819 plenius
1872 775 2004 808 instrui
2032 787 2105 808 non
2133 775 2332 820 potuimus,

451 857 517 877 nec
544 845 623 877 sine
648 844 767 885 vobis,
795 855 888 888 quos
912 842 1120 887 specialiter
1146 848 1181 874 et
1206 841 1456 886 principaliter
1483 841 1599 886 tangit
1623 841 1825 886 negotium,
1853 841 2053 886 procedere
2081 841 2332 886 disponamus,

451 911 675 956 presentium
697 910 802 943 vobis
827 909 1039 942 auctoritate
1065 908 1278 941 mandamus
1300 914 1335 940 et
1360 907 1525 940 districte
1554 907 1791 952 precipimus,
1817 908 1988 952 quatinus
2016 907 2159 953 aliquos
2187 908 2334 941 nomine

452 977 708 1011 Universitatis
729 988 846 1021 usque
868 976 911 1008 ad
937 976 1069 1007 festum
1095 974 1370 1019 Assumptionis
1400 973 1504 1007 beate
1524 974 1691 1019 Virginis
1718 974 1883 1019 proximo
1908 974 2069 1007 futurum
2099 974 2143 1007 ad
2173 981 2333 1008 nostram

452 1044 671 1089 presentiam
707 1042 914 1083 destinetis,
949 1041 1035 1074 licet
1068 1047 1218 1086 propter
1252 1040 1320 1073 hoc
1350 1041 1565 1085 magistrum
1594 1040 1673 1076 NVJ
1702 1040 1914 1073 duxerimus
1948 1041 2192 1074 retinendum.
2225 1042 2269 1074 Et
2297 1047 2337 1074 ut

454 1111 638 1156 possimus
668 1109 813 1155 plenius
844 1108 976 1141 instrui
1008 1108 1052 1140 de
1078 1107 1310 1140 libertatibus
1337 1107 1471 1140 vestris
1498 1114 1533 1140 et
1562 1107 1750 1152 negotium
1777 1113 1939 1140 vestrum
1969 1107 2112 1152 planius
2147 1107 2334 1152 expedire,

451 1177 620 1210 volumus
651 1183 686 1209 et
718 1176 944 1216 mandamus,
981 1181 1020 1208 ut
1053 1174 1269 1219 transcripta
1304 1174 1465 1207 omnium
1500 1173 1777 1219 privilegiorum
1812 1173 1869 1207 vel
1904 1173 2227 1219 indulgentiarum,
2264 1186 2335 1219 que

452 1243 594 1277 habetis
621 1243 697 1276 sive
729 1255 747 1276 a
775 1243 882 1275 nobis
908 1242 985 1275 sive
1013 1254 1031 1274 a
1058 1241 1223 1286 regibus,
1252 1240 1360 1274 nobis
1386 1240 1455 1273 sub
1480 1240 1664 1285 aliquibus
1690 1240 1825 1285 sigillis
1852 1240 2045 1273 autenticis
2070 1241 2334 1274 transmittatis.

455 1312 532 1344 Dat.
556 1310 721 1343 Laterani
742 1310 774 1354 vj
797 1309 846 1342 id.
870 1308 967 1349 Maii,
991 1307 1223 1353 pontificatus
1244 1307 1361 1340 nostri
1382 1319 1476 1340 anno
1499 1314 1638 1352 quarto.

548 1422 611 1452 Reg.
628 1422 685 1444 Vat..
699 1421 777 1452 Greg,
794 1421 827 1444 lx
843 1429 885 1443 an.
901 1421 924 1447 4,
942 1428 983 1451 cp.
1002 1420 1039 1446 19,
1057 1420 1101 1442 sol.
1114 1420 1152 1442 13.
1170 1419 1270 1442 Ibidem
1285 1419 1383 1450 legitur
1396 1427 1401 1442 ·.
1415 1427 1426 1442 (1
1438 1419 1467 1442 ln
1482 1419 1594 1442 eundem
1609 1419 1717 1441 modum
1732 1418 1861 1450 seriptum
1877 1421 1917 1441 est
1933 1437 1948 1442 ..
1964 1418 2090 1450 episcopo
2105 1421 2130 1441 et.
2146 1436 2162 1442 ..
2178 1418 2336 1442 cancellario

454 1466 580 1489 parisien,
606 1469 634 1489 ut
653 1465 829 1497 personaliter
850 1465 955 1488 veniant
972 1473 993 1487 ».
1011 1464 1158 1495 Episcopus
1174 1467 1231 1487 erat
1245 1463 1403 1487 Guillelmus
1420 1463 1587 1491 parisiensis,
1604 1463 1778 1486 cancellarius
1794 1471 1856 1486 vero
1872 1462 2012 1494 Philippus
2029 1463 2060 1486 de
2076 1463 2168 1487 Grave.
2185 1477 2216 1480 —
2230 1463 2335 1490 Baluze.

455 1510 579 1537 Miscell.,
596 1510 636 1533 ed,
654 1510 747 1538 Mansi,
764 1510 809 1537 111,
826 1510 879 1532 392.

550 1595 571 1618 1.
589 1594 652 1617 Vide
669 1594 737 1617 infra
752 1598 781 1617 11⁰
796 1595 834 1621 89,
852 1602 875 1616 n⁴
894 1595 915 1616 2.
928 1607 959 1611 —-
974 1594 995 1617 2.
1014 1593 1119 1616 Scilicet
1135 1601 1204 1624 mag.
1222 1592 1394 1616 Guillelmum
1409 1592 1441 1616 de
1456 1592 1648 1620 Autissiodoro,
1664 1592 1695 1615 de
1711 1600 1762 1623 quo
1777 1600 1860 1623 supra
1876 1595 1904 1614 n⁰
1920 1593 1958 1619 74,
1976 1600 2000 1615 n.
2018 1592 2039 1615 1.

459 1802 537 1839 76.
565 1810 731 1837 Guillelmus
748 1811 899 1846 episcopus
915 1810 1093 1835 Parisiensis
1109 1813 1205 1835 notum
1220 1809 1302 1844 facit,
1324 1809 1476 1844 (odonem)
1497 1809 1631 1835 abbatem
1653 1813 1680 1835 et
1700 1812 1863 1835 conventum
1880 1810 1907 1835 S.
1926 1809 2059 1834 Germani
2078 1808 2114 1834 de
2128 1808 2227 1834 Pratis
2242 1808 2337 1834 Par-is.

547 1860 663 1886 dedisse
678 1860 731 1885 sub
748 1860 832 1885 cerus
848 1858 1060 1884 conditionibus
1074 1858 1219 1893 fratribus
1234 1858 1394 1884 Minoribus
1409 1858 1501 1884 locum
1517 1867 1578 1884 cum
1595 1858 1735 1892 domibus,
1754 1858 1804 1884 ubi
1819 1861 1850 1883 ut
1865 1857 1992 1894 hospites
2008 1858 2116 1883 mor-ari
2126 1860 2255 1893 possent.

1623 1957 1700 1986 1230,
1717 1963 1806 1982 mense
1820 1956 1886 1982 Maio
1899 1955 1919 1990 [
1919 1955 2026 1981 Parisiis
2026 1954 2052 1989 J.

549 2041 769 2077 VVillermus
810 2040 1052 2085 permissione
1093 2039 1213 2072 divina
1258 2039 1476 2072 Parisiensis
1527 2038 1683 2072 ecclesie
1727 2039 1894 2071 minister
1937 2038 2112 2084 indignus
2156 2037 2340 2071 universis

460 2115 650 2153 presentes
671 2107 810 2140 litteras
832 2106 1052 2152 inspecturis
1079 2106 1231 2139 salutem
1253 2106 1289 2138 in
1311 2106 1479 2138 Domino.
1504 2105 1739 2138 Universitati
1760 2112 1881 2139 vestre
1907 2111 2031 2138 notum
2054 2104 2219 2146 facimus,
2242 2103 2340 2149 quod

458 2175 581 2208 dilecti
616 2175 653 2207 in
683 2174 866 2208 Christo..
899 2173 1010 2206 abbas
1041 2179 1076 2206 et
1104 2179 1307 2206 conventus
1339 2172 1458 2205 Sancti
1490 2172 1661 2205 Germani
1693 2172 1737 2205 de
1765 2172 1881 2205 Pratis
1910 2171 2128 2205 Parisiensis
2159 2171 2339 2216 quendam

459 2242 578 2275 locum
599 2254 681 2274 cum
703 2240 874 2274 domibus
902 2239 1037 2272 ibidem
1063 2239 1284 2272 constructis
1313 2239 1421 2272 situm
1450 2239 1485 2271 in
1514 2238 1702 2284 parrochia
1732 2239 1945 2272 Sanctorum
1967 2239 2100 2272 Cosme
2122 2244 2158 2270 et
2178 2237 2342 2271 Damiani

460 2309 551 2341 insra
572 2320 697 2341 muros
725 2307 862 2340 domini
885 2307 984 2352 regis
1010 2318 1123 2351 prope
1150 2312 1289 2351 portam
1317 2306 1362 2338 de
1390 2305 1585 2346 Gibardo¹,
1608 2306 1713 2351 cujus
1732 2305 1869 2338 fundus
1890 2311 1926 2338 et
1945 2305 2149 2350 proprietas
2170 2304 2214 2337 ad
2239 2304 2342 2349 ipsos

459 2375 623 2408 abbatem
651 2381 686 2407 et
712 2380 930 2407 conventum
960 2373 1079 2406 Sancti
1105 2372 1278 2406 Germani
1307 2372 1502 2417 pertinent,
1531 2372 1653 2405 divine
1679 2371 1838 2405 caritatis
1864 2371 1996 2404 intuitu
2020 2370 2343 2404 commodaverunt

460 2442 604 2474 dilectis
635 2442 671 2473 iu
701 2440 847 2474 Christo
879 2440 964 2473 filiis
994 2439 1167 2472 fratribus
1193 2439 1344 2473 Ordinis
1378 2439 1526 2472 fratrum
1563 2439 1764 2480 Minorum,
1800 2445 1838 2471 ut
1872 2437 1922 2470 ibi
1957 2444 2124 2471 maneant
2161 2443 2340 2482 tamquam

463 2508 639 2552 hospiteS,
663 2508 709 2540 ita
736 2507 833 2551 quod
856 2519 921 2539 nec
943 2506 993 2539 ibi
1022 2512 1193 2551 poterunt
1217 2505 1350 2538 habere
1371 2518 1576 2550 campanas,
1599 2516 1664 2538 nec
1684 2505 1917 2546 cimiterium,
1940 2516 2006 2537 nec
2030 2503 2141 2537 altare
2162 2509 2342 2536 sacratum

464 2574 533 2606 uisi
570 2573 748 2618 portatile,
786 2585 851 2605 nec
886 2573 1059 2618 capellam
1095 2579 1286 2613 sacratam,
1324 2572 1389 2605 sed
1424 2571 1523 2605 salvo
1558 2572 1595 2604 in
1629 2570 1800 2604 omnibus
1825 2572 1908 2616 jure
1935 2569 2150 2615 parrochiali
2185 2568 2342 2602 ecclesie

464 2641 676 2673 Sanctorum
697 2641 829 2673 Cosme
857 2646 892 2672 et
913 2639 1087 2680 Damiani,
1111 2640 1215 2683 cujus
1237 2645 1447 2684 patronatus
1468 2638 1512 2671 ad
1534 2637 1793 2671 monasterium
1815 2637 1935 2670 Sancti
1961 2636 2133 2670 Germani
2161 2635 2205 2668 de
2226 2635 2342 2669 Pratis

466 2707 635 2752 pertinet,
657 2705 844 2739 habebunt
869 2706 906 2737 in
928 2705 1007 2750 ipso
1029 2705 1109 2737 1000
1138 2704 1249 2738 abbas
1270 2711 1306 2737 et
1325 2711 1528 2738 conventus
1550 2704 1670 2737 Sancti
1691 2703 1864 2737 Germani
1887 2702 2119 2748 temporalem
2141 2702 2340 2746 justiciam,

465 2773 560 2805 sicut
580 2772 713 2805 habent
739 2772 775 2804 in
801 2771 868 2804 alia
893 2778 986 2804 terra
1014 2783 1078 2804 sua
1104 2771 1195 2803 infra
1223 2783 1347 2803 muros
1372 2771 1580 2804 constituta.
1604 2770 1640 2803 Si
1665 2776 1783 2803 autem
1814 2769 1946 2802 suturis
1973 2767 2199 2814 temporibus
2220 2768 2342 2813 aliquo

465 2852 550 2872 casu
574 2839 770 2884 contigerit
789 2839 918 2871 fratres
940 2837 1080 2870 ordinis
1101 2837 1254 2882 predicti
1276 2850 1294 2870 a
1315 2837 1395 2870 loco
1418 2837 1590 2870 recedere
1610 2844 1822 2878 memorato,
1844 2835 1948 2869 locus
1969 2836 2047 2880 ipse
2068 2847 2150 2868 cum
2171 2834 2343 2868 omnibus

466 2906 621 2939 edificiis
647 2912 682 2938 et
706 2906 932 2938 incremento
960 2903 1010 2936 ibi
1035 2904 1128 2937 sacto
1154 2904 1198 2936 ad
1219 2904 1282 2947 jus
1307 2910 1342 2936 et
1368 2903 1623 2949 proprietatem
1646 2902 1857 2935 monasterii
1884 2902 2003 2936 Sancti
2029 2901 2215 2943 Germani,
2237 2902 2343 2946 cujus
