2580 3528
230 434 327 475 1254]
577 442 624 465 AB
657 442 764 464 anno
798 442 875 464 mcc
901 442 1033 470 tisoni-2
1068 442 1116 463 An
1152 442 1380 464 ramerum
1419 443 1459 464 iv
1493 443 1581 465 nac.
1619 444 1754 466 rasse.
2037 437 2100 470 257

230 517 476 563 predictorum
503 515 575 550 sibi
599 515 747 549 allicere
771 522 807 548 et
832 514 877 548 ab
903 515 1160 548 Universitatis
1185 521 1310 548 nostre
1335 527 1520 549 consensu
1545 517 1687 550 occulte
1713 517 1903 551 discedere
1930 531 2103 564 provoca-

230 590 324 625 rent,
358 595 424 629 per
456 582 597 616 occulta
631 581 884 616 conventicula
917 581 1173 623 ostendebant,
1214 588 1249 615 et
1286 581 1354 615 hoc
1392 582 1500 616 modo
1539 583 1634 616 inter
1672 595 1740 617 nos
1780 584 2034 618 dissensiones
2069 593 2103 619 et

230 651 398 685 scismata
430 648 685 696 procurabant,
722 648 838 682 donec
873 648 998 682 eadem
1034 648 1152 682 littera
1186 660 1251 694 per
1285 649 1464 694 quendam
1500 657 1665 684 nostrum
1701 651 1856 684 Domino
1887 659 2103 697 procurante

230 716 338 751 nobis
362 716 467 750 allata
491 722 528 750 et
550 716 588 749 in
613 715 760 762 publico
788 715 947 757 recitata,
975 715 1062 757 illis,
1089 727 1243 761 quorum
1266 715 1412 749 nomina
1433 722 1535 750 erant
1554 717 1741 762 inscripta,
1769 717 1813 750 de
1835 724 1930 751 tanta
1950 718 2104 752 falsitate

231 783 422 818 commotis
446 795 486 816 ac
511 782 630 828 ipsum
656 782 785 815 factum
815 781 948 815 obnixe
973 781 1206 827 negantibuS,
1229 781 1348 815 dictus
1374 789 1546 816 executor
1570 783 1638 817 hoc
1663 783 1816 817 audiens
1837 784 1949 817 nimio
1972 784 2105 818 rubore

231 850 408 884 confusus
441 849 479 882 in
512 849 791 882 detestationem
826 849 963 894 prefate
996 848 1117 882 littere
1147 848 1309 894 sigillum
1340 861 1445 882 suum
1476 849 1657 883 mediante
1688 851 1808 883 securi
1842 851 2035 896 confregit,
2072 858 2108 884 et

228 923 369 967 'partem
403 915 568 962 ejusdem
599 915 712 962 sigilli
746 915 920 948 confracti
950 915 1083 949 rectori
1113 922 1239 948 nostro
1274 915 1318 948 ad
1352 916 1499 961 proprie
1533 917 1821 950 contristationis
1856 918 2104 952 ostensionem

233 990 270 1017 et
293 983 518 1029 penitudinis
543 982 750 1023 destinavit,
777 994 920 1015 necnon
945 982 990 1015 ad
1016 982 1227 1028 petitionem
1260 983 1488 1027 quorundam
1518 983 1555 1016 in
1585 983 1679 1017 dicta
1708 983 1827 1017 littera
1852 991 2105 1018 contentorum

232 1050 372 1084 litteras
397 1061 482 1083 suas
507 1049 727 1083 contrarium
749 1055 957 1082 asserentes
983 1049 1111 1082 timore
1132 1055 1324 1094 correptus
1350 1049 1489 1082 eisdem
1514 1050 1711 1091 concessit,
1738 1050 1862 1096 sigillo
1883 1051 1984 1084 curie
2010 1052 2108 1084 Pari-

234 1117 382 1158 siensis,
418 1128 498 1150 cum
534 1116 696 1149 nondum
735 1115 898 1161 sigillum
938 1116 1125 1161 proprium
1164 1114 1327 1156 haberet,
1367 1115 1557 1161 sigillatas,
1599 1128 1688 1162 quas
1722 1129 1803 1150 cum
1843 1118 1957 1162 priori
1991 1117 2109 1151 littera

235 1183 443 1229 supradicta
470 1183 514 1216 ad
545 1182 812 1216 ostendendum
843 1182 924 1216 loco
954 1189 990 1215 et
1019 1188 1182 1228 tempore
1210 1194 1323 1228 penes
1354 1194 1421 1216 nos
1451 1182 1733 1216 observamus¹³.
1772 1183 2045 1218 Diffamationes
2076 1192 2111 1218 et

236 1249 493 1291 detractiones,
515 1261 606 1294 quas
625 1255 750 1282 contra
777 1260 845 1282 nos
871 1255 907 1282 et
931 1249 1104 1294 precipue
1127 1255 1253 1282 contra
1274 1250 1431 1294 majores
1452 1256 1600 1283 nostros
1622 1256 1690 1283 tam
1713 1250 1749 1283 in
1771 1250 2004 1284 sermonibus
2033 1251 2111 1284 suis

235 1315 408 1362 publicis,
429 1327 535 1362 quam
564 1315 601 1348 in
626 1315 776 1361 privatis
802 1315 919 1349 facere
946 1327 1018 1348 non
1044 1322 1229 1357 verentur,
1257 1327 1329 1348 non
1358 1327 1555 1361 possumus
1576 1316 1645 1349 sub
1666 1316 1896 1362 breviloquio
1917 1317 2109 1363 explicare.

237 1384 277 1416 ln
312 1381 446 1428 quibus
480 1381 652 1416 omnibus
684 1381 903 1427 supradictis
934 1393 1007 1415 non
1041 1382 1121 1415 sine
1155 1382 1256 1427 gravi
1286 1383 1427 1427 jactura
1461 1394 1588 1415 sumus
1623 1384 1762 1428 experti
1791 1384 1977 1417 veritatem
2014 1384 2112 1417 illius

235 1449 398 1495 vulgaris
419 1447 604 1495 proverbii
625 1460 631 1481 :
655 1462 671 1479 «
696 1449 778 1481 Mus
799 1448 835 1481 in
857 1459 956 1493 pera,
978 1459 1132 1493 serpens
1153 1448 1190 1481 in
1212 1448 1309 1490 sinu,
1331 1448 1429 1494 ignis
1451 1449 1487 1481 in
1507 1449 1661 1494 gremio,
1685 1449 1777 1483 male
1798 1462 1886 1483 suos
1908 1458 2115 1484 renumerat

236 1515 402 1562 hospites
423 1529 456 1558 n,
487 1514 680 1549 Salomone
709 1514 854 1548 dicente
879 1526 886 1547 :
910 1529 927 1546 <t
950 1514 1020 1558 Qui
1042 1514 1078 1547 in
1100 1514 1183 1548 sinu
1209 1526 1276 1548 suo
1303 1521 1511 1560 serpentem
1540 1516 1666 1557 nutrit,
1695 1517 1919 1561 percutietur
1945 1517 1988 1550 ab
2016 1530 2059 1550 eo
2083 1527 2113 1559 n,

237 1594 380 1616 necnon
404 1582 442 1615 in
465 1581 652 1616 veritatem
681 1580 910 1627 Hispalensis
935 1580 1106 1623 Concilii,
1133 1580 1195 1614 ubi
1220 1581 1383 1614 dicitur':
1408 1596 1424 1612 «
1448 1582 1489 1614 In
1510 1593 1583 1615 uno
1606 1582 1809 1628 eodemque
1830 1583 1948 1616 officio
1970 1583 2115 1618 diverse

238 1649 481 1695 professionis
510 1648 678 1682 homines
712 1659 796 1682 esse
831 1659 903 1681 non
925 1647 1079 1689 debent;
1116 1647 1215 1693 quod
1245 1648 1352 1681 etiam
1384 1648 1420 1680 in
1456 1647 1577 1681 divina
1612 1648 1694 1694 lege
1730 1649 1944 1694 prohibetur
1973 1650 2116 1684 dicente

239 1716 366 1761 Moyse
389 1727 396 1748 :
419 1716 499 1749 Non
528 1714 648 1748 arabis
674 1715 711 1748 in
737 1713 831 1748 bove
858 1714 968 1748 simul
995 1721 1031 1748 et
1054 1714 1170 1756 asino,
1203 1714 1301 1760 quod
1331 1721 1416 1748 est:
1440 1714 1584 1748 diverse
1613 1715 1856 1761 professionis
1884 1715 2051 1750 homines
2081 1717 2117 1750 in

241 1794 314 1815 uno
344 1781 454 1816 simul
482 1782 600 1816 officio
631 1793 704 1815 non
734 1781 894 1815 sociabis
919 1795 950 1814 ».
982 1782 1026 1814 Et
1054 1781 1175 1815 infra:
1199 1796 1215 1812 «
1238 1782 1318 1815 Non
1347 1781 1523 1815 coherere
1553 1781 1624 1815 sibi
1652 1794 1719 1815 nec
1746 1784 1922 1828 conjungi
1949 1790 2115 1829 possunt,

239 1848 374 1895 quibus
401 1849 537 1882 fuerint
561 1848 680 1882 studia
705 1855 741 1882 et
765 1854 846 1882 vota
871 1848 1015 1882 diversa
1026 1850 1047 1866 '⁴
1069 1862 1101 1889 υ,
1126 1849 1178 1881 Ne
1204 1848 1316 1894 igitur
1340 1848 1485 1893 quidam
1513 1848 1558 1882 de
1584 1848 1769 1888 fratribus,
1791 1850 1853 1895 qui
1873 1850 1968 1895 apud
1990 1863 2117 1884 omnes

239 1915 415 1949 ecclesias
449 1922 535 1949 sunt
567 1915 740 1961 dispersi,
772 1927 916 1948 causam
946 1915 1039 1948 sorte
1068 1915 1216 1948 fratrum
1247 1926 1397 1948 suorum
1428 1915 1688 1949 Parisiensium
1720 1916 1764 1949 ad
1793 1928 1900 1950 aures
1931 1916 2117 1950 hominum

235 1982 439 2028 justificare
463 1981 644 2023 volentes,
669 1981 857 2016 veritatem
883 1988 1071 2028 gestorum
1097 1981 1214 2015 aliena
1240 1982 1446 2015 narratione
1474 1981 1617 2015 valeant
1644 1982 1849 2025 obfuscare,
1879 1995 1946 2017 nos
1975 1983 2118 2029 publica

241 2049 461 2083 universalis
481 2048 637 2083 ecclesie
658 2048 811 2082 utilitate
832 2048 995 2094 inspecta
1016 2060 1090 2081 non
1110 2054 1260 2094 propter
1280 2060 1348 2081 nos
1374 2055 1510 2082 tantum
1533 2049 1599 2082 scd
1620 2056 1770 2095 propter
1795 2050 1948 2095 quedam
1970 2052 2116 2096 majora,

243 2127 314 2161 que
343 2115 545 2156 imminent,
575 2115 766 2160 cupientes
796 2114 925 2148 dictam
956 2115 1143 2148 veritatem
1174 2114 1345 2148 omnibus
1376 2121 1495 2148 notam
1526 2127 1622 2156 esse,
1652 2116 1897 2161 predictorum
1928 2129 2118 2158 suminam,

243 2181 454 2228 colligendo
488 2180 648 2215 breviter
682 2187 842 2221 terrores
876 2187 912 2215 et
945 2181 1222 2227 oppressiones,
1258 2187 1294 2215 et
1326 2181 1394 2215 alia
1429 2181 1613 2227 inopinata
1648 2183 1868 2228 gravamina,
1908 2195 1978 2228 que
2013 2183 2119 2216 nobis

243 2249 418 2294 ingerunt
440 2247 644 2282 insolenter
669 2248 930 2294 (pretermissis
954 2247 999 2281 ad
1024 2259 1178 2293 presens
1203 2247 1371 2294 plurimis
1397 2260 1468 2294 quc
1493 2247 1601 2282 nobis
1622 2261 1686 2294 per
1707 2249 1880 2282 laicorum
1909 2250 2118 2295 potentiam,

244 2327 337 2361 quos
357 2314 428 2348 sibi
450 2314 553 2348 miris
573 2314 692 2348 modis
712 2313 889 2356 alliciunt,
911 2314 1136 2358 moliuntur),
1163 2314 1377 2348 discretioni
1398 2321 1533 2356 vestre,
1556 2321 1677 2360 patres
1698 2322 1734 2348 et
1754 2315 1891 2348 domini
1914 2316 2118 2358 reverendi,

245 2381 470 2427 presentium
497 2387 624 2414 tenore
649 2380 819 2414 duximus
844 2380 1055 2422 intimanda,
1083 2381 1268 2426 quatinus,
1295 2381 1356 2426 qui
1381 2380 1503 2414 divine
1530 2381 1758 2426 providentie
1784 2381 1975 2415 clementia
2001 2389 2121 2428 patres

245 2448 349 2489 estis,
370 2447 566 2494 aliquando
586 2459 652 2481 vos
672 2447 787 2481 fuisse
809 2446 905 2480 filios
926 2446 1132 2480 recolentes
1153 2446 1261 2480 nobis
1283 2458 1378 2480 nunc
1403 2446 1489 2480 filiis
1515 2453 1665 2492 paterno
1685 2448 1814 2481 affectu
1839 2449 2120 2494 compatiamini,

245 2521 282 2548 et
300 2514 463 2560 predicte
484 2513 680 2547 insolentie
701 2513 789 2559 quid
810 2513 1038 2559 pretendant,
1066 2519 1272 2559 quantaque
1299 2513 1460 2559 pericula
1485 2520 1654 2547 secutura
1682 2514 1904 2557 immineant,
1927 2514 2124 2562 diligenter

244 2593 284 2615 ac
306 2581 566 2627 perspicaciter
586 2580 830 2623 attendentes,
856 2579 1047 2626 presertim
1076 2580 1137 2626 qui
1164 2579 1236 2613 dati
1265 2579 1355 2614 estis
1381 2579 1630 2625 speculatores
1657 2580 1781 2614 domui
1803 2581 1929 2624 lsrael,
1955 2582 2124 2628 speculas

245 2647 489 2682 ascendentes
510 2647 740 2694 perspiciatis
761 2653 798 2680 et
816 2645 1128 2692 contemplemini,
1151 2653 1187 2679 et
1202 2646 1232 2680 si
1250 2646 1423 2692 expedire
1439 2646 1618 2688 videritis,
1637 2647 1755 2681 modis
1772 2647 1906 2693 quibus
1923 2649 2124 2683 secundum

248 2714 362 2748 Deum
397 2714 565 2760 poteritis
599 2713 794 2760 providere
828 2713 979 2755 curetis,
1015 2725 1060 2746 ne
1094 2724 1276 2746 concusso
1311 2711 1466 2746 ecclesie
1500 2713 1750 2756 fundamento,
1784 2714 1882 2760 quod
1922 2715 2126 2749 Parisiense

247 2780 408 2815 studium
443 2792 526 2815 esse
560 2780 778 2822 dinoscitur,
813 2786 1084 2826 consequenter
1122 2786 1268 2813 corruat
1307 2779 1426 2825 ipsum
1466 2778 1650 2813 edificium
1692 2780 1906 2826 improvise.
1944 2783 2030 2815 Nam
2066 2782 2127 2827 qui

248 2846 482 2891 demoliendo
511 2858 531 2881 a
558 2846 807 2881 fundamentis
832 2846 971 2893 incipit,
1003 2846 1093 2880 nulli
1123 2846 1285 2892 profecto
1313 2845 1463 2879 dubium
1493 2846 1727 2892 derelinquit,
1758 2849 1857 2894 quod
1885 2855 1997 2882 totum
2026 2848 2129 2882 editi-

251 2913 347 2947 cium
373 2913 517 2948 auserre
544 2913 711 2947 intendit.
744 2908 831 2947 Data
859 2913 1021 2947 Parisius
1049 2913 1086 2946 in
1114 2912 1269 2946 ecclesia
1297 2912 1333 2947 S.
1361 2912 1495 2946 Juliani
1523 2913 1710 2959 Pauperis,
1739 2920 1776 2947 et
1801 2913 1891 2948 lecta
1924 2914 2059 2948 ibidem
2093 2915 2127 2948 in

249 2980 432 3024 presentia
453 2979 711 3027 magistrorum
731 2980 892 3014 omnium
914 2979 1139 3021 facultatum,
1163 2978 1334 3013 omnibus
1355 2979 1541 3025 magistris
1565 2979 1609 3013 ad
1635 2979 1703 3013 hoc
1729 2980 1937 3025 specialiter
1957 2981 2127 3022 evocatis,

384 3038 478 3063 cnara.
501 3037 578 3063 vnto.
597 3037 691 3063 Paris.
708 3037 729 3062 1.
1977 3039 2007 3061 ³³
