2580 3528
285 405 384 447 125⁷]
625 413 673 437 AB
706 413 813 436 suno
846 413 924 436 nce
957 413 1090 442 usQui:
1123 413 1173 435 An
1206 413 1436 435 PHILIPPUM
1471 413 1511 435 iv
1545 413 1634 436 nec..
1671 414 1808 436 rame.
2088 406 2152 440 347

283 489 379 523 circa
403 488 564 522 studium
588 487 708 534 ipsum
735 487 781 521 de
804 487 954 520 fratrum
980 492 1190 520 nostrorum
1214 486 1370 519 consilio
1396 486 1548 531 provide
1573 486 1785 520 duxerimus
1812 488 2025 529 ordinanda,
2048 495 2156 533 prout

283 556 322 589 in
341 554 473 589 litteris
498 554 636 588 nostris
663 553 794 587 exinde
821 553 1011 595 confectis,
1038 565 1110 599 que
1138 553 1253 598 Quasi
1271 552 1409 598 lignum
1433 553 1506 587 vite
1525 553 1716 598 incipiunt,
1739 553 1884 598 plenius
1909 554 2153 595 continentur,

284 621 452 656 nonnulli
471 627 592 655 tamen
611 620 776 666 magistri
797 626 833 654 et
852 619 1014 654 scolares
1034 619 1261 654 Parisienses
1281 619 1546 652 ordinationem
1568 619 1697 664 ipsam,
1724 626 1762 652 ut
1788 619 2007 660 audivimus,
2029 620 2156 653 obser·—

283 699 367 723 vare
388 699 462 722 non
481 694 621 729 curant,
643 687 754 720 immo
774 687 812 720 in
832 687 950 732 ipsius
970 686 1082 720 studii
1101 685 1374 732 perturbatione
1392 692 1516 719 contra
1537 686 1650 731 ipsam
1673 685 1923 731 multipliciter
1944 686 2153 720 moliuntur.

283 754 460 790 Volentes
485 754 599 801 igitur
624 760 664 788 ut
690 754 826 799 prefata
852 759 976 787 nostra
1003 753 1184 787 ordinatio
1210 752 1254 786 ab
1284 752 1454 786 omnibus
1483 759 1694 786 reverenter
1721 759 1757 786 et
1785 752 2000 798 simpliciter
2029 752 2155 786 obser—

283 828 402 863 vetur,
435 820 650 855 discretioni
682 826 742 854 tue
781 831 846 866 per
879 819 1093 865 apostolica‘
1116 819 1250 865 scripta
1283 819 1435 852 firmiter
1467 819 1705 864 precipiendo
1739 818 1952 852 mandamus
1986 819 2156 864 quatinus

283 887 438 934 regendi
466 886 629 921 Pax-isius
657 886 695 920 in
723 886 843 932 aliqua
870 885 1038 919 facultate
1067 885 1204 919 nemini
1233 885 1414 919 licentiam
1445 884 1597 927 tribuas,
1628 885 1699 918 nisi
1728 885 1831 931 prius
1862 884 1927 918 tibi
1960 884 2055 918 bona
2084 885 2156 918 fide

284 954 494 1001 promiserit
526 953 724 1000 predictam
759 953 1025 987 ordinationem
1060 959 1220 986 nostram
1255 959 1291 985 et
1321 951 1486 985 mandata
1520 952 1557 985 in
1590 963 1630 985 ea
1664 958 1833 986 contenta
1867 963 1906 985 se
1941 951 2093 985 firmiter
2122 958 2155 985 et

283 1020 544 1056 inviolabiliter
563 1026 804 1054 servaturum.
826 1020 904 1053 Dat.
928 1019 1092 1052 Laterani
1113 1019 1160 1064 vij
1182 1018 1232 1052 id.
1253 1018 1427 1060 Januarii,
1449 1018 1680 1064 pontificatus
1701 1018 1817 1052 nostri
1837 1030 1932 1052 anno
1954 1018 2072 1052 tertio.

377 1117 513 1150 Originale
536 1117 563 1142 in
585 1117 662 1142 Areh.
682 1120 736 1141 nat.
761 1116 845 1141 Paris.
866 1117 894 1141 L.
915 1117 970 1145 251,
990 1121 1020 1140 n⁰
1039 1117 1092 1140 116.
1114 1117 1223 1141 Restant
1240 1116 1286 1140 fila
1305 1116 1415 1140 cannah.
1432 1129 1463 1134 ——
1477 1115 1540 1140 cod.
1563 1115 1704 1148 privilegiu
1718 1115 1782 1140 Ord.
1802 1116 1863 1140 Min.
1880 1116 2015 1140 continens
2035 1116 2069 1140 ud
2091 1116 2154 1140 Ord.

283 1163 358 1187 Serv.
372 1162 471 1187 itariae
482 1162 618 1194 pertinen·
630 1161 708 1194 (naec.
725 1162 800 1192 xw).
815 1161 939 1190 Bulaeus,
953 1162 999 1190 111,
1014 1162 1070 1191 ³³4,
1085 1161 1130 1184 ubi
1145 1164 1232 1184 tumen
1246 1164 1346 1185 textum
1359 1161 1488 1193 epistolae
1501 1160 1578 1184 uart.
1595 1160 1624 1183 10
1638 1160 1715 1184 datae
1730 1161 1809 1191 (infra
1823 1165 1853 1184 ιιο
1867 1162 1921 1190 303)
1936 1160 2084 1192 exscripsit.

284 1351 396 1388 299.
418 1359 588 1386 Alexander
602 1360 647 1386 IV
654 1358 696 1385 ad
709 1358 915 1385 cancellarium
933 1360 959 1384 S.
980 1359 1138 1393 Genovesae
1153 1358 1189 1384 de
1203 1357 1301 1385 eodem
1316 1358 1528 1393 argumentof‘

1482 1448 1559 1477 1257.
1573 1447 1692 1474 danum-ii
1705 1448 1728 1477 7,
1743 1448 1870 1474 Laterani.

373 1523 579 1557 Alexander
612 1522 810 1569 episcopus
841 1533 971 1555 servus
1006 1533 1195 1555 servorum
1227 1521 1293 1554 Dei
1322 1521 1456 1554 dilecto
1491 1520 1566 1554 filio
1595 1548 1616 1554 ..
1645 1521 1862 1554 cancellario
1897 1521 1932 1554 S.
1969 1509 2156 1555 Genovefe

283 1590 459 1624 Parisien.
494 1588 648 1623 salutem
682 1595 718 1622 et
750 1587 984 1634 apostolicam
1019 1587 1327 1621 benedictionem.
1363 1587 1464 1620 Licet
1497 1599 1565 1621 nos
1598 1587 1699 1628 olim,
1730 1592 1795 1621 etc.
1830 1587 1925 1621 sicut
1954 1587 1990 1621 in
2019 1587 2157 1621 litteris

278 1655 583 1703 praecedentibus.
606 1656 685 1689 Dat.
707 1654 875 1688 Laterani
894 1654 942 1700 vij
964 1654 1014 1688 id.
1035 1653 1209 1695 Januarii,
1230 1653 1462 1699 pontificatus
1483 1654 1599 1687 nostri
1619 1666 1714 1687 anno
1735 1653 1855 1687 tertio.

377 1754 515 1787 Originale
534 1753 561 1777 iu
580 1753 658 1778 Arch.
678 1756 731 1777 net.
751 1752 836 1777 Paris.
857 1753 884 1777 L.
906 1753 960 1781 251,
981 1757 1011 1776 n⁰
1030 1752 1084 1776 115.
1106 1752 1256 1784 Supersunt
1275 1752 1320 1776 fila
1339 1751 1450 1776 cannah.
1472 1752 1501 1775 ln
1522 1752 1676 1776 membrana
1695 1760 1788 1776 eversu
1809 1760 1814 1775 :
1837 1761 1849 1775 «
1870 1751 2068 1776 Predicutoruin
2089 1760 2110 1775 n.
2126 1765 2157 1771 —

282 1799 346 1824 Cod.
361 1798 450 1832 privil.
467 1798 531 1823 Ord.
547 1797 610 1822 uin.
626 1797 762 1822 continens
777 1797 811 1821 ed
826 1797 889 1822 Ord.
906 1797 979 1821 Serv.
997 1797 1095 1821 Mariae
1109 1796 1244 1829 pertinens
1260 1798 1339 1828 (saec.
1356 1797 1431 1827 XIV).

280 1986 393 2025 3oe.
415 1995 585 2023 Alexander
598 1997 643 2023 IV
655 1995 697 2022 ad
714 1994 906 2031 Reginaldum
926 1996 1089 2032 episcopum
1104 1995 1308 2031 Parisiensem,
1330 1995 1447 2021 nomina
1462 1995 1585 2022 omnium
1606 1995 1816 2030 magistrorum,
1835 1995 1886 2030 qui
1899 1995 1978 2029 infra
1994 1994 2156 2031 quindecIm

369 2043 433 2072 diet
444 2048 513 2082 poet
522 2043 676 2082 publicata
690 2043 832 2071 mandata
846 2043 1021 2081 apostolica,
1036 2052 1072 2071 ea
1086 2052 1118 2071 se
1133 2043 1332 2070 observaturos
1347 2043 1393 2070 illi
1406 2053 1462 2070 non
1474 2043 1668 2080 promiserint,
1685 2043 1726 2069 ad
1741 2043 1835 2080 ipsum
1849 2043 1999 2078 rescribat,
2018 2046 2049 2070 ut
2062 2043 2156 2070 rebel-

369 2092 447 2121 libtu
460 2093 561 2121 debita
574 2102 671 2131 poena
685 2093 871 2130 rependatur.

1466 2138 1544 2167 1267,
1558 2137 1678 2164 danuvii
1690 2137 1727 2167 13,
1743 2137 1869 2164 Laterani.

370 2211 577 2246 Alexander
610 2212 806 2258 episcopus
840 2223 970 2246 servus
1003 2223 1193 2247 servorum
1228 2212 1294 2246 Dei
1328 2211 1529 2246 venerabili
1562 2211 1663 2245 fratri
1695 2237 1716 2244 ..
1748 2211 1922 2257 episcopo
1956 2210 2152 2244 Parisiensi

282 2278 436 2313 salutem
463 2284 500 2312 et
524 2277 759 2324 apostolicam
787 2277 1093 2312 benedictionem.
1119 2277 1177 2312 Ad
1200 2285 1360 2312 nostram
1387 2278 1534 2312 noveris
1559 2277 1777 2311 audientiam
1806 2277 2033 2323 pervenisse,
2055 2277 2153 2322 quod

282 2345 368 2379 licet
390 2356 456 2391 per
480 2344 654 2391 quasdam
679 2350 824 2379 nostras
850 2344 1003 2387 litteras,
1030 2356 1101 2390 que
1126 2345 1308 2390 incipiunt
1327 2345 1475 2379 Cunctis
1491 2343 1739 2390 processibus¹
1767 2350 1803 2377 et
1822 2344 1923 2378 Licet
1942 2343 2028 2378 olim
2040 2343 2066 2385 ³,
2088 2343 2152 2377 tibi

282 2411 453 2454 directas,
474 2410 651 2457 quosdam
677 2410 723 2444 de
747 2410 932 2457 magistris
958 2417 995 2444 et
1018 2410 1223 2445 scolaribus
1247 2411 1407 2445 Parisius
1432 2409 1674 2444 existentibus
1699 2410 1964 2444 ordinationem
1992 2416 2151 2443 nostram

282 2489 348 2524 pro
368 2477 646 2511 conservatione
671 2476 782 2511 studii
807 2476 1026 2511 Parisiensis
1051 2476 1097 2510 de
1121 2476 1276 2511 consilio
1301 2476 1450 2510 fratrum
1477 2482 1685 2510 nostrorum
1710 2476 1842 2510 editam
1871 2487 1943 2510 non
1965 2482 2152 2510 servantes

281 2543 494 2578 duxerimus
522 2543 683 2589 graviter
715 2542 935 2589 puniendos,
971 2542 1053 2576 aliis
1081 2554 1210 2589 penam
1241 2542 1396 2576 similem
1428 2541 1688 2576 nichilominus
1722 2542 1998 2584 comminantes,
2028 2554 2153 2588 quam-

282 2609 406 2656 plures
440 2616 559 2644 tamen
593 2609 638 2643 de
672 2609 857 2656 magistris
891 2616 927 2643 et
959 2608 1165 2643 scolaribus
1200 2609 1408 2643 memoratis
1441 2608 1558 2643 adhuc
1596 2608 1837 2654 perdurantes
1876 2609 1913 2642 in
1951 2608 2153 2643 rebellione

281 2676 433 2723 pristina
459 2676 590 2710 dictam
619 2675 884 2710 ordinationem
912 2687 1058 2710 servare
1086 2687 1160 2709 non
1187 2682 1315 2710 curant
1337 2674 1644 2722 appellationibus
1670 2674 1812 2709 frivolis
1836 2675 2039 2709 innitendo.
2061 2675 2151 2709 Cum

280 2749 399 2777 autem
426 2755 494 2777 nos
521 2754 649 2777 omnes
674 2742 938 2789 appellationes
963 2755 981 2776 a
1007 2741 1300 2788 quibuscumque
1327 2742 1562 2788 interpositas
1587 2747 1623 2775 et
1646 2741 1945 2787 interponendas,
1972 2753 2037 2788 per
2063 2754 2153 2787 quas

281 2809 477 2856 impeditur
503 2821 548 2843 ne
576 2809 711 2856 prefata
738 2809 919 2844 ordinatio
945 2808 990 2843 ab
1018 2808 1189 2843 omnibus
1216 2809 1401 2855 magistris
1426 2815 1462 2842 et
1485 2807 1690 2842 scolaribus
1715 2808 1876 2842 Parisius
1903 2820 1968 2854 pro
1990 2815 2153 2855 tempore

278 2875 589 2910 commorantibus
616 2875 768 2910 firmiter
794 2875 1024 2918 observetur,
1049 2876 1262 2910 auctoritate
1287 2875 1511 2922 presentium
1537 2874 1776 2909 decernamus
1801 2875 1922 2909 irritas
1949 2882 1985 2909 et
2011 2875 2150 2916 inanes,

280 2941 492 2977 fraternitati
519 2948 579 2976 tue
606 2954 672 2989 per
697 2942 897 2989 apostolica
924 2942 1060 2989 scripta
1086 2942 1239 2976 firmiter
1265 2941 1502 2989 precipiendo
1527 2941 1739 2976 mandamus
1763 2941 1934 2988 quatinus
1962 2940 2151 2975 tenoribus
