2580 3528
250 401 349 442 1262]
592 411 639 433 Aa
673 410 780 433 Auno
813 410 892 434 uec
925 410 1059 440 usan
1094 411 1142 433 An
1178 411 1408 435 innurem:
1444 413 1484 435 ιν
1518 413 1607 436 nac.
1644 414 1783 436 rame.
2063 407 2124 439 421

247 484 490 519 redeuntibus
515 491 551 518 et
574 483 746 518 omnibus
772 496 899 518 eorum
929 484 1176 518 servientibus
1206 492 1241 518 et
1270 485 1448 519 ministris
1476 486 1648 520 euntibus
1678 494 1711 520 et
1742 487 1981 521 redeuntibus
2011 490 2128 522 onmi-

247 550 396 584 modum
418 550 628 597 pedagium,
649 551 858 584 exactiones
879 557 915 585 et
934 551 1164 585 extorsiones
1185 557 1221 585 et
1241 552 1415 597 quicquid
1444 552 1637 585 occasione
1664 553 1819 598 alicujus
1848 555 2127 588 consuetudinis

247 623 422 663 quantum
441 617 487 651 ad
506 629 632 652 eorum
654 629 831 664 personas
856 624 892 652 et
916 630 976 652 res
1003 618 1232 652 omnimodas
1251 625 1402 652 actenus
1422 619 1459 652 in
1480 626 1575 652 terra
1596 631 1673 653 mea
1695 631 1764 665 ego
1789 619 1846 653 vel
1874 627 2128 655 antecessores

246 684 319 718 mei
338 684 384 719 ab
404 685 543 719 eisdem
564 696 631 719 seu
652 697 777 718 eorum
799 685 922 730 aliquo
949 691 1074 731 petere
1098 685 1156 719 vel
1182 686 1330 732 exigere
1355 686 1629 728 consuevimus,
1656 686 1853 720 dummodo
1881 694 2126 729 transcuntes,

246 751 310 797 qui
339 763 379 786 se
403 758 575 786 asserunt
603 763 686 786 esse
716 752 906 786 ministros
929 752 1159 795 clericorum,
1181 752 1250 786 hoc
1277 765 1343 799 per
1367 753 1476 787 fidem
1501 765 1668 787 asserere
1694 754 1768 787 sint
1791 754 1917 799 parati,
1939 754 2068 788 volens
2093 763 2127 788 et

244 818 455 852 concedens
476 830 542 865 pro
564 831 621 852 me
642 826 679 853 et
697 818 898 853 heredibus
918 819 1010 853 meis
1027 826 1063 853 et
1082 819 1292 865 assignatis,
1314 820 1412 865 quod
1433 820 1465 854 si
1486 820 1674 866 contingat
1694 820 1879 862 decetero,
1900 821 1998 866 quod
2019 821 2126 861 absit,

244 884 404 931 aliquem
425 885 471 919 de
490 885 711 932 supradictis
731 885 877 920 clericis
892 885 950 920 vel
972 898 1096 920 eorum
1119 886 1298 920 ministris
1318 899 1431 932 super
1446 887 1630 933 aliquibus
1646 887 1703 921 vel
1724 887 1846 933 aliquo
1863 889 2126 934 premissorum

244 951 283 986 in
303 958 398 986 terra
419 964 498 986 mea
517 953 674 999 fatigari,
694 952 880 986 molestari
901 965 967 987 seu
988 953 1172 999 impediri,
1189 965 1259 1000 ego
1281 960 1316 987 et
1335 953 1492 987 heredes
1513 954 1583 988 mei
1605 966 1670 988 seu
1692 955 1867 1000 assignati
1889 955 1934 988 de
1956 955 2127 989 omnibus

245 1018 426 1065 dampnis,
447 1019 630 1053 interesse
657 1026 694 1053 et
717 1020 904 1066 expensis,
926 1032 997 1066 que
1023 1020 1215 1054 occasione
1240 1020 1347 1066 culpe
1372 1033 1452 1054 mee
1477 1020 1534 1054 vel
1560 1021 1667 1067 culpe
1687 1020 1864 1055 heredum
1885 1033 2047 1055 meorum
2069 1022 2126 1056 vel

243 1085 514 1132 assignatorum
542 1097 608 1120 seu
636 1086 886 1120 ministrorum
907 1098 1070 1120 meorum
1098 1086 1169 1120 sibi
1197 1087 1432 1133 contigerint,
1460 1087 1623 1133 plenarie
1651 1088 1929 1122 satisfaciemus.
1951 1089 2127 1122 Promitte

243 1152 397 1199 insuper
423 1165 490 1199 pro
517 1165 574 1186 me
602 1159 638 1187 et
665 1152 880 1195 heredibus,
911 1153 1192 1188 successoribus
1221 1165 1286 1187 seu
1314 1154 1511 1200 assignatis
1541 1154 1645 1196 meis,
1673 1155 1771 1201 quod
1801 1155 2126 1201 quocienscunque

242 1218 376 1265 aliquis
397 1220 565 1253 minister
584 1220 629 1253 ad
649 1219 843 1266 pedagium
865 1220 902 1253 in
923 1226 1018 1253 terra
1043 1232 1121 1254 mea
1146 1220 1403 1266 collegendum
1431 1220 1651 1266 preficiatur,
1674 1221 1711 1254 in
1733 1222 1913 1268 principio
1934 1234 1999 1256 sue
2020 1222 2126 1256 insti-

242 1285 402 1320 meionis
432 1286 536 1320 tactis
565 1287 808 1320 sacrosanctis
838 1287 1025 1332 promittet
1051 1293 1086 1320 et
1105 1286 1245 1332 jurabit
1268 1299 1308 1320 se
1335 1287 1455 1321 omnia
1483 1288 1674 1333 premissa,
1696 1300 1767 1334 que
1788 1301 1862 1338 pror
1879 1301 1936 1322 me
1962 1296 1998 1323 et
2020 1289 2126 1323 here-

243 1351 353 1386 dibus
382 1353 475 1387 meis
502 1353 665 1399 predicte
696 1353 933 1387 Universitati
962 1354 1144 1395 concessi,
1176 1353 1334 1387 fideliter
1361 1361 1396 1387 et
1425 1354 1661 1388 sinexfraude
1691 1367 1834 1388 necnon
1865 1355 2126 1390 inviolabiliter

241 1418 466 1461 observabit,
487 1426 523 1453 et
542 1431 561 1453 a
581 1419 660 1453 suis
687 1420 795 1453 saciet
823 1419 1024 1453 observari.
1055 1421 1099 1453 Et
1127 1420 1171 1453 ad
1201 1420 1321 1454 omnia
1349 1421 1527 1466 premissa
1553 1421 1704 1454 firmiter
1729 1428 1765 1454 et
1789 1422 1868 1455 sine
1890 1422 1974 1455 dolo
2001 1422 2124 1456 obser-

239 1485 369 1528 vanda,
399 1485 631 1532 adimplenda
661 1492 697 1520 et
727 1486 968 1520 custodienda
1003 1498 1070 1532 pro
1105 1498 1162 1520 me
1193 1493 1228 1520 et
1257 1486 1457 1520 heredibus
1488 1487 1579 1520 meis
1614 1499 1678 1521 seu
1713 1488 1910 1534 assignatis
1945 1489 1980 1521 in
2016 1502 2122 1523 manu

239 1553 511 1587 conservatoris
536 1553 814 1599 privilegiorum
843 1553 1100 1587 Universitatis
1127 1554 1346 1587 parisiensis
1374 1560 1459 1587 tunc
1485 1554 1675 1588 existentis
1701 1555 1808 1588 fidem
1835 1555 1977 1600 prestiti
1999 1568 2124 1601 corpo-

239 1619 366 1662 ralem,
389 1619 606 1653 subiciendo
627 1619 888 1654 nichilominus
908 1632 966 1653 me
987 1627 1023 1654 et
1041 1619 1198 1654 heredes
1219 1632 1321 1654 meos
1342 1632 1407 1654 seu
1427 1621 1635 1667 assignatos
1655 1621 1905 1655 interdictioni
1930 1634 2124 1657 conserva-

241 1686 332 1720 toris
355 1685 415 1720 vel
439 1693 738 1720 conservatorum
766 1686 1014 1733 predictorum
1045 1686 1322 1733 privilegiorum
1349 1687 1606 1721 Universitatis
1631 1688 1850 1722 Parisiensis
1879 1688 1921 1722 ad
1951 1688 2124 1723 observa-

239 1751 383 1786 cionem
411 1753 571 1787 omnium
598 1753 875 1800 premissorum.
899 1755 939 1787 ln
960 1755 1066 1799 cujus
1088 1754 1139 1787 rei
1161 1754 1409 1788 testimonium
1432 1761 1468 1788 et
1488 1761 1697 1800 perpetuam
1727 1756 1935 1789 memoriam
1959 1756 2120 1801 sigillum

238 1830 359 1853 meum
387 1819 624 1866 presentibus
651 1819 784 1854 litteris
808 1820 975 1867 apposui.
1003 1821 1047 1854 Et
1071 1820 1115 1854 ad
1140 1821 1312 1866 majorem
1341 1821 1572 1855 securitatem
1598 1821 1796 1855 faciendam
1825 1822 1945 1868 sigilla
1971 1835 2122 1856 vonera-

238 1884 367 1920 bilium
387 1886 550 1921 virorum
574 1893 872 1921 conservatorum
900 1887 1079 1921 dictorum
1105 1887 1381 1934 privilegiorum
1403 1900 1442 1922 ac
1463 1888 1628 1934 magistri
1654 1888 1794 1922 Giraldi
1816 1889 1860 1922 de
1882 1888 2120 1924 Abbatisvilla

237 1952 484 1987 archidiaconi
514 1954 760 1996 Pontivensis,
789 1961 874 1988 tunc
905 1955 942 1988 in
970 1954 1155 2000 theologia
1184 1955 1346 1988 Parisius
1376 1955 1554 2001 regentis,
1584 1955 1646 2000 qui
1681 1955 1816 1988 dictum
1852 1957 2044 2002 negocium
2076 1956 2120 1990 ad

238 2019 445 2055 instantiam
467 2021 654 2055 nascionis
673 2021 876 2068 Anglicane
897 2021 1118 2067 procuravit,
1140 2034 1210 2055 una
1231 2033 1312 2055 cum
1334 2021 1458 2068 sigillo
1480 2033 1560 2055 meo
1582 2021 1818 2067 presentibus
1838 2023 1971 2069 apponi
1994 2036 2120 2069 procu-

239 2087 328 2122 ravi.
346 2088 476 2122 Datum
496 2099 591 2122 anno
612 2088 758 2122 Domini
780 2090 831 2122 Μο
843 2088 918 2123 CC⁰
935 2089 1164 2135 sexagesimo
1186 2089 1317 2134 primo,
1335 2100 1461 2122 mense
1480 2088 1692 2132 Februario,
1710 2089 1768 2122 die
1788 2090 1935 2123 veneris
1957 2091 2118 2136 proxima

238 2160 322 2188 ante
344 2154 475 2188 festum
496 2155 611 2189 sancti
631 2155 728 2189 Petri
749 2155 846 2202 quod
868 2156 1002 2189 dicitur
1021 2155 1065 2189 ad
1085 2155 1305 2189 cathedram.

332 2265 402 2289 Bibl.
417 2264 518 2298 colleg.
534 2265 616 2298 Corp-
631 2265 731 2290 Chri-ti
745 2266 871 2295 Oxoniae,
887 2275 936 2291 mn.
951 2268 1006 2296 28³,
1023 2267 1067 2291 tol.
1084 2267 1155 2290 150⁶.

332 2364 355 2388 1.
377 2363 425 2387 Vix
446 2363 636 2388 montaniae-n.
657 2364 797 2396 Montenay
815 2364 970 2396 (Mnyenne).
992 2364 1057 2388 Vide
1077 2365 1160 2389 Dout‘et.
1180 2364 1283 2397 d’Arcq.
1306 2365 1454 2390 collection
1478 2365 1511 2389 de
1532 2365 1652 2392 Sceauae.
1676 2365 1696 2392 1,
1722 2369 1751 2388 1¹⁰
1774 2366 1827 2388 2611.
1854 2365 1943 2388 Potius
1970 2365 2117 2397 Mnintenny

238 2407 460 2438 (Pande-Calain).
478 2407 589 2440 Egidiuu
608 2408 641 2432 de
662 2408 800 2441 Mentenay
818 2409 902 2433 libro·
923 2409 996 2433 dedit
1014 2409 1132 2441 Collegit)
1152 2409 1263 2433 Sorbon.
1279 2409 1318 2433 cf.
1337 2409 1442 2437 Delinle,
1463 2409 1525 2434 Cab.
1542 2410 1589 2434 des
1609 2416 1686 2437 mss„
1703 2409 1735 2436 ΙΙ,
1754 2409 1806 2432 1¹05.
1823 2409 1962 2434 studentes
1977 2418 2007 2433 ex
2023 2410 2117 2442 Anglin

237 2452 371 2477 veniente·
393 2451 443 2476 iter
463 2451 596 2477 faciebant
611 2460 659 2485 per
679 2452 814 2485 regionem
832 2461 899 2485 quae
919 2462 931 2477 α
947 2453 1142 2477 Pas-‹te-Calai·
1159 2461 1170 2476 n
1187 2456 1364 2485 nuncupatur,
1382 2461 1433 2476 non
1450 2456 1538 2476 nutem
1558 2461 1606 2485 per
1621 2462 1633 2475 «
1650 2453 1674 2476 la
1690 2453 1816 2485 Muyenne
1832 2461 1852 2477 n.
1874 2467 1904 2471 —
1920 2455 1942 2477 2.
1961 2454 2007 2478 llic
2030 2454 2117 2486 primo

236 2496 340 2521 celeber
354 2497 482 2529 magi-uu·
504 2497 638 2522 Gon-ardun
660 2497 692 2521 do
707 2497 883 2522 Abbatinvilln
898 2500 928 2522 ut
946 2497 1148 2522 archidiaconu·
1169 2498 1194 2521 in
1213 2497 1323 2522 Pontivo
1345 2497 1505 2521 nominatur.
1523 2498 1551 2521 In
1567 2498 1629 2529 neg.
1654 2498 1710 2521 Vnt.
1729 2498 1815 2521 tnnoc.
1833 2498 1866 2521 lv
1885 2506 1927 2522 un.
1950 2499 1987 2527 12,
2004 2507 2045 2531 cp.
2061 2500 2117 2528 457,

237 2541 283 2566 fol.
299 2541 371 2570 20³⁸,
388 2549 459 2574 mag.
476 2550 488 2565 α
503 2541 634 2566 Gen-oldu-
650 2550 662 2565 υ
679 2542 711 2566 de
726 2541 902 2566 Abbati-villa
915 2541 1094 2566 subdiaconus
1109 2542 1256 2575 papnejam
1273 2542 1306 2566 nd
1321 2543 1335 2565 8
1352 2543 1417 2578 Au&
1435 2542 1494 2566 1254
1514 2542 1637 2565 laudatur
1653 2541 1756 2574 ipsique
1769 2542 1801 2565 do
1817 2542 1905 2574 nliqno
1920 2543 2074 2567 canonicatu
2091 2543 2117 2567 in

235 2585 374 2619 provincia
389 2586 511 2611 Romen-i
525 2585 661 2618 provideri
676 2586 827 2611 mundatur.

236 2716 350 2756 375.
378 2726 509 2754 Urbanus
520 2728 539 2753 1
543 2728 566 2754 V
574 2727 651 2754 Ινοιιί
668 2728 688 2762 Ι,
702 2726 806 2754 abban·
824 2727 1015 2761 cluniacensi,
1026 2726 1211 2754 comer-uendi
1225 2726 1382 2754 oratorium
1398 2727 1427 2753 in
1441 2725 1525 2753 domo
1539 2726 1710 2761 Parisienei,
1729 2726 1779 2753 ubi
1793 2728 1902 2762 fratrea
1915 2727 2117 2755 cluniacenses

324 2774 450 2811 student,
467 2775 521 2802 dat
533 2775 715 2812 facultatem.

1472 2811 1547 2842 1282.
1563 2811 1652 2838 Uarii}
1662 2812 1702 2841 31,
1720 2812 1828 2839 mor-⁶17.

326 2890 497 2925 Urbanus
525 2892 722 2938 episcopus
750 2904 880 2926 servus
907 2904 1096 2926 servorum
1128 2891 1193 2925 Dei
1222 2891 1356 2925 dilecto
1387 2890 1463 2924 silio
1489 2890 1609 2925 abbati
1636 2890 1869 2925 Cluniacensi
1899 2892 2050 2925 salutem
2082 2900 2114 2925 ct

236 2956 472 3003 apostolicam
493 2957 802 2993 benedictionem.
826 2960 866 2993 ln
887 2965 1011 2993 nostra
1032 2958 1252 2993 constitutus
1278 2957 1461 3005 presentia
1488 2957 1595 2991 nobis
1620 2957 1806 2991 humiliter
1831 2958 2041 3004 supplicasti
2065 2966 2114 2995 ut„
