2580 3528
238 436 335 476 1254]
587 444 634 467 AB
667 444 773 466 ΑΝΝο
807 443 884 466 mcc
918 443 1050 472 usone
1084 444 1132 466 ΑΒ
1168 444 1396 466 munerun
1432 445 1471 466 iv
1506 445 1594 466 nec.
1633 445 1769 468 rasse.
2048 437 2113 470 273

275 526 285 543 >¹
326 520 379 553 De
398 518 559 553 secunda
585 524 686 564 parte
706 517 900 563 ejusdem¹'
919 516 1017 558 libri,
1044 529 1114 562 que
1135 517 1337 563 appellatur
1356 517 1559 552 Concordia
1580 518 1662 552 novi
1684 524 1718 552 et
1741 519 1872 552 veteris
1898 519 2115 553 Testamenti

237 586 315 620 sive
337 584 603 620 Concordantia
623 584 833 625 veritati-9¹³,
862 590 1017 630 possunt
1040 583 1101 617 isti
1121 595 1267 617 errores
1292 583 1430 617 extrahi
1451 584 1512 629 qui
1533 590 1748 629 sequuntur.

327 651 380 683 De
398 650 523 695 primo
547 649 644 683 enim
672 648 768 682 libro
793 648 903 694 hujus
929 648 1079 694 operis¹⁴
1101 648 1217 694 primo
1239 655 1359 694 potest
1379 647 1517 682 extrahi
1538 660 1641 681 error
1660 649 1741 688 iste,
1764 648 1935 682 videlicet
1957 661 1963 681 ε
1994 650 2115 692 Quan-

239 723 461 762 tumcunque
495 716 673 749 Dominus
708 715 846 761 affligat
874 715 1012 749 Judeos
1046 715 1083 748 in
1116 715 1185 749 hoc
1220 715 1369 756 mundo,
1400 722 1519 748 tamen
1548 715 1691 760 aliquos
1725 715 1952 749 reservabit¹⁵
1981 715 2115 760 quibus

239 783 443 817 benefaciet
465 783 503 816 in
527 782 614 823 fine,
635 782 741 815 etiam
767 781 1000 816 manentibus
1028 782 1065 815 in
1084 782 1284 827 judaismo,
1310 789 1346 815 et
1370 782 1469 827 quod
1494 782 1531 814 in
1557 781 1628 815 fine
1653 781 1738 815 illos
1763 781 1934 815 liberabit
1952 782 1996 815 ab
2017 783 2115 815 omni

240 849 515 896 impugnatione
534 849 722 882 hominum
745 849 850 882 etiam
871 849 909 882 in
924 849 1109 894 judaismo
1129 855 1329 882 manentes.

331 916 514 958 Secundo,
539 915 638 961 quod
663 916 770 949 etiam
797 915 958 949 nondum
984 915 1127 961 peperit
1156 927 1274 961 neque
1302 915 1418 961 pariet
1444 915 1540 949 filios
1572 916 1726 950 ecclesia
1760 922 1842 950 ante
1872 915 1979 949 finem
2011 916 2115 962 regni

242 983 487 1029 temporalis¹⁶,
519 982 617 1028 quod
651 982 798 1015 finietur
839 989 922 1028 post
954 994 1019 1015 sex
1059 994 1175 1016 annos
1210 982 1374 1027 proximo
1407 984 1644 1028 sequentes¹⁷.
1675 1003 1719 1007 —
1748 984 1792 1016 Et
1820 995 1885 1028 per
1914 982 1982 1016 hoc
2013 983 2117 1016 datur

242 1050 400 1096 intelligi
419 1049 518 1095 quod
537 1049 668 1095 religio
690 1048 898 1090 christiana,
921 1061 992 1094 que
1013 1050 1087 1094 jam
1114 1049 1247 1082 multos
1275 1049 1418 1094 peperit
1441 1049 1634 1083 vocando¹⁸
1657 1050 1701 1083 ad
1726 1049 1835 1083 fidem
1861 1048 2012 1089 Christi,
2043 1061 2117 1082 non

243 1123 299 1157 est
318 1116 484 1151 ecclesia.

272 1220 274 1222 v
333 1185 386 1217 De
404 1182 554 1218 secundo
574 1182 668 1216 libro
690 1182 855 1227 ejusdem
877 1183 988 1228 partis
1009 1181 1146 1216 extrahi
1167 1189 1323 1228 possunt
1342 1183 1401 1216 isti
1423 1195 1569 1216 errores
1589 1183 1651 1228 qui
1672 1189 1887 1228 sequuntur.

333 1250 476 1283 Primus
496 1256 564 1291 est,
587 1249 685 1294 quod
707 1248 938 1294 evangelium
959 1248 1095 1282 Christi
1118 1249 1298 1282 neminem
1320 1249 1420 1282 ducit
1439 1250 1482 1282 ad
1505 1250 1739 1300 persectu1n¹⁹.

333 1316 523 1350 Secundus
557 1322 629 1355 est,
668 1315 767 1360 quod
800 1315 1017 1349 adveniente
1052 1315 1243 1360 evangelio
1278 1315 1435 1360 Spiritus
1470 1316 1606 1356 Sancti,
1639 1316 1716 1349 sive
1749 1315 1973 1349 clarescente
2008 1327 2119 1360 opere

242 1382 417 1424 Joaehim,
443 1382 542 1427 quod
569 1381 703 1415 dicitur
732 1381 970 1427 Evangelium
997 1388 1161 1414 eternum
1188 1381 1265 1415 sive
1292 1382 1448 1427 Spiritus
1476 1382 1610 1420 Sancti,
1632 1381 1864 1415 evacuabitur
1889 1381 2117 1427 evangelium

243 1448 392 1484 Christi.

268 1551 273 1556 ,
332 1515 478 1549 Tertius
502 1522 572 1557 est,
598 1515 697 1561 quod
725 1514 926 1560 spiritualis
953 1514 1195 1560 intelligentia
1222 1515 1307 1547 novi
1335 1515 1557 1547 Testamenti
1585 1527 1657 1548 non
1683 1521 1739 1548 est
1763 1515 1956 1548 commissa
1985 1514 2119 1560 populo

244 1584 433 1624 romano’⁰‚
462 1582 529 1616 sed
557 1588 694 1616 tantum
716 1581 897 1615 litteralis.
918 1601 964 1606 -—
986 1582 1029 1614 Et
1054 1592 1119 1626 per
1146 1580 1214 1614 hoc
1241 1581 1346 1614 datur
1371 1580 1527 1626 intelligi
1556 1581 1654 1626 quod
1679 1581 1833 1615 ecclesia
1861 1583 2019 1614 Romana
2049 1593 2120 1614 non

244 1655 364 1695 potest
385 1649 552 1694 judicare
582 1649 627 1682 de
655 1647 834 1694 spirituali
865 1647 1108 1693 intelligentia
1138 1648 1221 1681 novi
1247 1648 1483 1689 Testamenti,
1510 1654 1545 1681 et
1574 1648 1605 1681 si
1629 1648 1782 1693 judicat,
1809 1648 2038 1681 temerarium
2067 1654 2122 1680 est

245 1717 325 1762 ejus
348 1715 542 1762 judicium,
565 1722 601 1749 et
620 1727 693 1749 non
721 1721 778 1749 est
802 1714 1113 1760 adquiescendum
1135 1715 1214 1759 ejus
1237 1714 1392 1759 judicio,
1414 1721 1450 1748 et
1470 1715 1568 1759 quod
1594 1715 1671 1760 ipsa
1693 1716 1850 1748 Romana
1871 1714 2025 1748 ecclesia
2046 1714 2122 1747 ani-

245 1782 374 1816 malis¹¹
395 1788 452 1816 est
470 1794 545 1816 non
564 1781 776 1828 spiritualis.
1543 1826 1546 1828 .

333 1849 522 1893 Quartus”
550 1855 619 1890 est,
650 1849 748 1895 quod
783 1860 953 1882 recessus
983 1848 1139 1882 ecclesie
1170 1849 1373 1882 Grecorum
1401 1848 1445 1881 ab
1471 1848 1625 1882 ecclesia
1656 1850 1813 1882 Romana
1841 1848 1908 1881 suit
1936 1860 1954 1880 a
1985 1848 2118 1893 Spiritu

245 1916 389 1950 Sancto.
409 1936 454 1941 —
474 1917 519 1949 Et
544 1927 610 1962 per
630 1915 698 1948 hoc
723 1915 828 1949 datur
849 1914 1006 1961 intelligi
1032 1915 1130 1960 quod
1155 1915 1223 1949 viri
1249 1902 1459 1961 spirituales
1485 1927 1558 1948 non
1584 1922 1753 1949 tenentur
1779 1917 1937 1948 Romane
1965 1914 2120 1948 ecclesie

245 1981 409 2025 obedire,
432 1994 498 2016 nec
517 1983 756 2028 adquiescere
778 1983 858 2027 ejus
873 1982 1052 2027 judiciis’³
1072 1982 1109 2015 in
1130 1981 1201 2015 hiis
1222 1994 1292 2027 que
1314 1982 1379 2015 Dei
1400 1989 1496 2016 sunt.

333 2049 518 2093 Quintus'⁴
539 2055 607 2091 est,
630 2049 731 2095 quod
757 2049 886 2082 tertius
906 2049 997 2082 ordo
1019 2048 1257 2090 electorum²⁵,
1285 2049 1347 2094 qui
1372 2049 1574 2082 secundum
1600 2049 1756 2082 eundem
1787 2049 1919 2082 librum
1946 2055 2002 2082 est
2030 2048 2120 2081 ordo

247 2115 518 2162 religiosorum,
540 2127 614 2150 non
641 2122 784 2149 tenetur
809 2127 848 2149 se
874 2127 1056 2161 exponere
1083 2116 1190 2149 morti
1216 2127 1281 2161 pro
1307 2115 1522 2151 defensione
1548 2115 1646 2156 fidei,
1668 2122 1729 2149 aut
1754 2127 1818 2161 pro
1843 2115 2120 2149 conservatione

247 2181 367 2216 cultus
387 2181 525 2217 Christi
545 2182 611 2216 in’⁸
630 2182 712 2216 aliis
731 2182 955 2216 hominibus.

337 2249 467 2282 Sextus
500 2255 569 2286 est,
605 2248 704 2294 quod
738 2248 924 2294 populus”
956 2249 1098 2283 Grecus
1135 2250 1250 2295 magis
1283 2248 1444 2282 ambulat
1475 2249 1676 2282 secundum
1716 2249 1887 2294 Spiritum
1924 2249 2121 2281 Sanctunl'*

247 2326 352 2360 quam
375 2314 562 2360 populus’
581 2315 743 2348 Latinus.
764 2335 808 2340 ——
826 2315 878 2348 Ac
900 2327 964 2360 per
983 2314 1052 2348 hoc
1074 2315 1190 2361 magis
1211 2322 1266 2349 est
1286 2315 1322 2348 in
1343 2322 1437 2348 statu
1458 2315 1727 2355 salvandorum,
1750 2321 1785 2347 et
1805 2314 1902 2359 quod
1924 2314 2039 2359 magis
2065 2321 2119 2347 est

247 2380 495 2415 adherendum
517 2381 549 2414 ei
571 2393 677 2426 quam
700 2380 835 2427 populo
858 2382 1019 2414 Romano
1040 2381 1146 2415 sive³⁹
1165 2381 1320 2415 ecclesie
1342 2382 1513 2415 Romane.

336 2447 533 2493 Septimus,
555 2447 653 2493 quod
674 2447 769 2481 sicut
789 2447 904 2481 Filius
924 2454 1095 2493 operatur
1115 2447 1267 2481 salutem
1290 2447 1414 2493 populi
1436 2447 1551 2480 Latini
1573 2447 1650 2481 sive
1672 2447 1794 2493 populi
1819 2447 2007 2487 Romani³¹,
2036 2447 2118 2492 quia

247 2513 364 2560 ipsum
387 2519 625 2559 representat,
647 2514 700 2547 sic
721 2513 878 2559 Spiritus
898 2514 1050 2547 Sanctus
1070 2520 1241 2559 operatur
1261 2513 1412 2547 salutem
1432 2513 1588 2559 populi³²
1607 2514 1730 2554 Greci,
1752 2514 1835 2559 quia
1856 2513 1974 2558 ipsum
1996 2524 2119 2558 repre-

247 2586 376 2614 sentat.
397 2600 442 2606 —
468 2581 514 2614 Et
536 2592 601 2626 per
626 2579 694 2614 hoc
718 2580 824 2613 datur
849 2579 1018 2626 intelligi,
1044 2579 1143 2625 quod
1170 2581 1274 2613 Pater
1301 2579 1439 2613 salvum
1467 2579 1573 2613 saciet
1599 2579 1771 2625 populum
1802 2579 2004 2621 Judaicum,
2036 2579 2118 2624 quia

247 2646 366 2693 ipsum
387 2654 624 2693 representat.

335 2713 507 2755 Octavus,
538 2713 638 2759 quod
673 2713 768 2747 sicut
797 2714 967 2747 veniente
999 2712 1164 2747 Johanne
1196 2713 1355 2759 Baptista
1385 2725 1425 2746 ea
1450 2725 1520 2759 que
1547 2715 1826 2758 precesserant⁸’
1854 2719 2014 2759 reputata
2035 2719 2121 2746 sunt

246 2786 367 2814 vetera
397 2786 546 2826 propter
575 2792 666 2814 nova
697 2780 1004 2826 supervenientia,
1038 2780 1085 2814 ita
1118 2779 1334 2814 adveniente
1369 2787 1531 2826 tempore
1565 2780 1722 2825 Spiritus
1757 2779 1876 2813 Sancti
1906 2780 1983 2813 sive
2014 2780 2119 2813 tertio

247 2852 340 2880 statu
372 2846 496 2880 mundi
521 2858 562 2881 ea
586 2859 657 2892 que
683 2853 936 2893 precesserant
961 2845 1226 2892 reputabuntur
1249 2853 1370 2880 vetera
1396 2853 1544 2892 propter
1569 2858 1659 2880 nova
1687 2858 1758 2891 que
1783 2846 2054 2892 supervenient.
2077 2867 2120 2871 —

248 2913 293 2947 Et
311 2924 355 2947 ex
373 2912 442 2947 hoc
462 2913 568 2948 datur
587 2913 745 2959 intelligi
765 2913 863 2959 quod
885 2925 1017 2947 novum
1037 2914 1309 2947 Testamentum
1331 2912 1557 2958 reputabitur
1576 2919 1681 2947 vetus
1701 2919 1737 2946 et
1758 2913 1966 2958 proicietur.

338 2979 390 3012 De
416 2979 527 3014 tertio
555 2979 648 3013 libro
679 2980 843 3025 ejusdem
875 2980 986 3026 partis
1021 2991 1116 3013 unus
1145 2991 1248 3013 error
1282 2979 1418 3013 extrahi
1455 2986 1587 3024 potest,
1618 2979 1799 3018 videlicet,
1831 2978 1927 3023 quod
1964 2978 2119 3023 Spiritus

373 3035 469 3061 chart.
491 3036 572 3062 Um'v.
590 3037 685 3063 Paris.
704 3037 724 3062 Ι.
1966 3036 1995 3058 35
