2580 3528
299 410 399 452 1238]
640 420 687 442 ΑΒ
721 419 828 442 Auno
862 418 942 444 mcc
975 418 1108 447 usqua
1143 419 1198 441 An·
1226 419 1457 441 PHlLlPPUM
1492 419 1532 441 1v
1566 419 1655 441 nno.
1694 420 1832 442 ranzo.
2113 411 2176 444 165

299 494 380 528 tatis
395 506 415 527 a
430 493 580 539 prefatis
600 493 738 527 decano
759 500 795 526 et
814 492 972 538 capitulo
993 492 1157 526 indebite
1177 492 1380 533 molestari3
1403 492 1594 526 audientes
1615 492 1645 526 si
1663 493 1750 537 quid
1771 493 1881 526 suerit
1900 493 2119 538 questionis,
2141 500 2176 526 et

297 556 539 606 appellatione
568 565 706 593 remota
737 558 808 592 fine
837 558 960 592 debito
986 558 1199 592 decidentes
1229 559 1368 592 faciatis
1397 559 1509 604 quod,
1529 564 1610 600 etc„
1638 571 1755 604 usque
1785 558 1984 592 observari.
2021 559 2057 609 Si
2087 570 2173 593 vero

297 626 454 672 prefatas
487 625 688 660 sententias
721 625 936 660 inveneritis
965 626 1065 670 juste
1099 625 1202 667 latas,
1235 637 1317 658 eum
1352 621 1396 658 ad
1426 625 1710 659 satisfactionem
1747 625 1904 658 debitam
1934 625 2173 671 compellatis.

297 693 439 734 Testes,
460 698 527 727 etc.
547 692 655 736 Quod
675 692 706 726 si
727 704 801 726 non
822 704 964 734 omneS,
985 697 1049 726 etc.
1073 693 1152 726 Dat.
1176 692 1341 726 Laterani
1362 705 1383 725 x
1404 692 1474 726 kal.
1497 691 1727 734 Novembris,
1749 704 1844 725 anno
1866 692 2073 725 undecimo.

390 777 455 809 Reg.
470 777 530 801 Vnt.
544 777 666 808 Gregorii
686 777 719 801 lx
739 785 782 801 an.
798 777 837 806 11,
852 785 895 808 ep.
911 777 966 805 271,
985 777 1031 800 sol.
1047 776 1119 800 332⁵.
1135 777 1249 800 Eaedem
1268 777 1372 801 litterae
1391 777 1486 800 iisdem
1504 777 1593 801 verbis
1616 777 1649 800 ad
1664 777 1770 800 eosdem
1790 777 1905 800 directae
1924 780 2028 800 exstant
2051 776 2114 800 ibid.
2133 785 2175 808 ep.

295 822 351 850 420,
368 821 412 845 tol.
429 821 493 845 362¹*
506 820 551 853 (vij
567 821 621 846 kal.
636 821 733 850 Martii,
749 821 776 845 id
791 825 832 845 est
846 821 916 850 1238,
933 819 1071 845 Februarii
1087 821 1135 854 23).

391 893 414 916 1.
429 892 586 916 Nominutur
600 892 678 916 etiam
694 893 765 924 apud
780 893 909 921 Guerard,
928 894 1004 918 Cart.
1019 894 1053 917 de
1068 893 1264 922 NOtre-Dame,
1281 893 1323 921 IV,
1339 894 1378 921 94,
1397 893 1450 916 155.
1466 907 1498 910 —
1512 894 1534 916 2.
1552 893 1700 924 Aegidium.

301 1053 409 1092 120.
435 1063 585 1098 Gregorius
605 1065 650 1090 IX
664 1064 832 1098 magistrum
854 1064 1030 1100 Stephanum
1045 1064 1185 1090 decanum
1202 1065 1229 1090 S.
1250 1065 1383 1090 Germani
1403 1063 1667 1090 Autissiodorensis
1686 1064 1864 1090 Parisiensis
1880 1068 1983 1099 tuetur,
2009 1064 2059 1100 qui
2079 1065 2178 1100 cogni-

386 1112 490 1138 tionem
504 1113 666 1139 sententiae
681 1116 780 1139 contra
800 1113 929 1139 comitem
949 1113 1159 1145 Nivernensem,
1183 1117 1213 1139 ut
1232 1113 1353 1139 liberius
1369 1117 1470 1150 posset
1491 1113 1624 1148 regimini
1643 1113 1821 1148 theologicae
1841 1113 1996 1148 facultatis
2019 1114 2178 1150 intendere,

386 1161 525 1196 magistro
539 1162 695 1188 Laurentio
707 1161 744 1187 de
759 1162 858 1188 Buissi
872 1161 1062 1188 commiserat.

1536 1199 1616 1228 1238.
1631 1198 1693 1225 uait
1702 1199 1748 1228 28,
1764 1199 1891 1225 Laterani.

391 1273 574 1305 ..Decano
609 1272 826 1305 Senonensi.
869 1272 1031 1306 Dilectus
1066 1272 1164 1305 filius
1202 1273 1377 1318 magister
1411 1272 1615 1318 Stephanus
1655 1273 1815 1306 decanus
1850 1274 1970 1307 Sancti
2004 1274 2177 1308 Germani

295 1337 613 1372 Autisiodorensis
634 1338 853 1372 Parisiensis
873 1339 1068 1384 proposuit
1087 1338 1275 1372 humiliter
1294 1351 1415 1372 coram
1436 1339 1558 1381 nobis,
1581 1339 1679 1384 quod
1700 1351 1782 1372 cum
1802 1340 1965 1386 cognitio
1985 1341 2174 1386 cujusdam

298 1403 488 1438 diffinitive
520 1404 701 1438 sententie
735 1416 800 1450 per
834 1405 1048 1450 magistrum
1084 1405 1328 1438 Guarnacium
1368 1406 1583 1439 canonicum
1621 1406 1852 1439 Tervisinum
1888 1419 1954 1452 pro
1994 1407 2176 1453 Stephano

296 1469 415 1504 Alexii
449 1477 485 1504 et
513 1471 593 1516 ejus
627 1471 738 1504 sociis
772 1470 914 1504 civibus
950 1471 1122 1504 Romanis
1156 1478 1281 1505 contra
1316 1471 1477 1505 nobilem
1510 1472 1673 1506 virum..
1710 1473 1878 1506 comitem
1913 1462 2175 1508 Niver'nensem

297 1537 496 1583 apostolica
528 1537 740 1571 auctoritate
774 1537 914 1583 prolate
948 1537 1018 1571 sibi
1045 1550 1063 1571 a
1091 1537 1199 1571 nobis
1233 1538 1343 1572 suerit
1375 1538 1555 1584 delegata,
1591 1538 1686 1572 idem
1722 1545 1912 1584 postquam
1948 1530 2178 1585 processerat

297 1603 559 1649 aliquantulum
599 1604 636 1637 in
673 1604 818 1646 eadem⁷
858 1611 897 1637 ut
935 1604 1088 1638 liberius
1127 1611 1255 1650 posset
1291 1605 1462 1650 regimini
1501 1605 1708 1650 theologice
1747 1606 1927 1640 facultatis
1966 1596 2175 1649 intendere-7

297 1670 472 1716 magistro
499 1671 537 1703 L.
560 1670 605 1703 de
627 1670 749 1704 Buissi
775 1671 951 1704 canonico
975 1671 1233 1705 Aurelianensi
1259 1683 1371 1717 super
1395 1671 1464 1705 hoc
1485 1672 1668 1705 commisit
1692 1672 1851 1706 totaliter
1870 1673 1969 1707 vices
1994 1685 2093 1716 suas,
2114 1675 2175 1720 qui

297 1736 496 1782 predictam
535 1737 752 1770 sententiam
788 1737 1027 1779 confirmavit,
1066 1744 1216 1784 propter
1250 1738 1347 1783 quod
1378 1739 1473 1772 idem
1509 1750 1632 1772 comes
1667 1746 1792 1772 contra
1830 1740 1949 1785 ipsum
1984 1741 2173 1782 decanum,

297 1802 475 1837 adversus
501 1815 609 1849 quem
640 1803 743 1836 aliam
775 1804 980 1849 questionis
1010 1805 1195 1838 materiam
1226 1817 1299 1838 non
1319 1804 1487 1847 habebat⁷
1509 1805 1708 1839 indebitam
1730 1806 1958 1840 occasionem
1984 1819 2175 1841 assumens

297 1881 337 1903 ac
362 1869 558 1903 intendens
587 1870 743 1903 eundem
769 1870 1024 1904 vexationibus
1053 1871 1209 1904 reddere
1236 1871 1423 1917 fatigatum
1450 1872 1569 1917 ipsum
1595 1884 1660 1918 per
1681 1872 1844 1906 diversas
1872 1873 2011 1908 litteras
2030 1875 2177 1920 ap'osto-

295 1936 385 1970 licas
408 1947 528 1970 coram
556 1936 759 1970 senescallo
781 1936 983 1980 Aniciensi,
1012 1937 1073 1983 qui
1101 1950 1141 1971 se
1172 1937 1485 1984 subdelegatum..
1515 1938 1655 1972 abbatis
1681 1940 1917 1973 Maceriarum
1947 1940 2103 1983 dicebat,
2135 1943 2175 1975 ac

297 2003 529 2049 postmodum
559 2015 679 2037 coram
709 2003 790 2050 ipso
820 2003 949 2038 abbate
979 2003 1085 2038 traxit
1113 2004 1151 2038 in
1178 2016 1336 2047 causam,
1368 2017 1480 2051 super
1500 2005 1629 2039 eodem
1658 2005 1918 2040 nichilominus
1943 2014 2067 2042 contra
2093 2021 2178 2042 eum

297 2069 342 2103 ad
374 2069 465 2104 alios
493 2070 640 2115 judices
673 2077 818 2105 nostras
851 2070 990 2105 litteras
1029 2071 1270 2117 impetrando.
1313 2072 1405 2106 Cum
1445 2072 1558 2118 igitur
1601 2073 1720 2118 ipsum
1761 2080 1926 2119 pretextu
1958 2063 2180 2109 *obedientie

297 2135 457 2170 nolimus
484 2137 645 2182 jacturas
675 2144 711 2171 et
738 2137 891 2183 injurias
924 2138 1121 2180 sustinere,
1157 2139 1370 2172 mandamus
1404 2139 1576 2185 quatinus
1610 2140 1717 2173 dictis
1752 2141 1956 2174 senescallo
1991 2149 2026 2175 et
2045 2132 2174 2176 abbati

298 2202 499 2237 districtius
524 2202 696 2237 inhibens
723 2210 762 2237 ut
785 2211 910 2238 contra
935 2204 1056 2250 ipsum
1085 2205 1298 2239 auctoritate
1323 2205 1525 2239 litterarum
1546 2205 1756 2251 hujusmodi
1777 2207 1931 2241 ulterius
1952 2220 2025 2242 non
2047 2210 2177 2254 proce-'

297 2268 396 2311 dant,
421 2281 647 2315 processum,
674 2270 704 2303 si
730 2271 812 2316 quis
837 2270 983 2304 habitus
1009 2278 1065 2305 est
1096 2284 1161 2317 per
1188 2272 1286 2317 ipsas
1311 2272 1369 2306 vel
1394 2273 1516 2314 suerit,
1545 2273 1582 2306 in
1608 2273 1749 2306 irritum
1779 2286 1951 2308 revocare
1983 2287 2172 2320 procures,

298 2335 454 2369 eundem
480 2336 671 2370 occasione
696 2336 906 2382 hujusmodi
931 2350 950 2371 a
976 2337 1072 2371 dicto
1098 2339 1229 2372 comite
1255 2338 1439 2372 molestari
1465 2339 1522 2372 vel
1543 2339 1587 2372 ab
1608 2339 1688 2385 ipso
1710 2339 1801 2373 ultra
1823 2340 1913 2374 duas
1934 2341 2050 2375 dietas
2074 2349 2172 2376 extra

297 2402 477 2436 civitatem
512 2402 753 2437 Parisiensem
788 2403 880 2437 trahi
914 2404 957 2437 ad
987 2404 1166 2449 judicium
1197 2417 1262 2450 per
1290 2405 1510 2451 apostolicas
1543 2405 1694 2447 litteras,
1730 2418 1800 2451 que
1835 2407 1977 2452 plenam
2012 2408 2057 2442 de
2092 2409 2172 2443 istis

297 2468 517 2502 mentionem
544 2481 617 2503 non
641 2470 807 2511 fecerint,
834 2470 982 2503 minime
1009 2471 1266 2516 permittendo,
1294 2484 1367 2505 non
1393 2471 1572 2514 obstante,
1599 2472 1629 2505 si
1655 2472 1797 2518 aliquos
1822 2473 1913 2507 ultra
1940 2475 2030 2509 duas
2056 2475 2172 2511 dietas

297 2535 334 2569 in
366 2547 510 2569 causam
545 2547 655 2581 posse
685 2536 827 2570 trahere
856 2549 875 2570 a
910 2536 1017 2570 nobis
1052 2537 1148 2571 dicto
1182 2538 1305 2571 comiti
1340 2538 1388 2571 sit
1420 2537 1613 2572 indultum.
1650 2539 1960 2583 Contradictores‚
1995 2547 2059 2576 etc.
2091 2530 2169 2577 Non

297 2601 463 2636 obstante
493 2602 753 2636 constitutione
783 2603 829 2637 de
857 2603 999 2637 duabus
1026 2603 1135 2637 dietis
1164 2604 1258 2638 edita
1288 2604 1325 2637 in
1353 2604 1519 2638 Concilio
1546 2605 1721 2651 generali.
1751 2607 1829 2640 Dat.
1860 2608 2026 2642 Laterani
2053 2600 2169 2644 v⁶kal.

295 2668 407 2710 Junfi,
431 2680 526 2702 anno
546 2677 625 2702 xm.

389 2754 453 2786 Reg.
468 2753 525 2778 Vat
541 2754 663 2786 Gregorii
683 2755 716 2778 lx
735 2763 779 2780 nn.
795 2755 832 2784 12,
849 2763 889 2787 ep.
907 2755 963 2784 155,
979 2755 1022 2779 fol
1040 2756 1212 2780 31.1ufine:
1231 2764 1242 2779 α
1259 2757 1287 2780 ln
1302 2756 1414 2780 eundem
1434 2756 1542 2780 modum
1560 2756 1644 2781 eidem
1664 2765 1713 2789 pro
1728 2757 1857 2790 magistro
1877 2759 2018 2784 Laurentio
2037 2761 2069 2785 dc
2084 2761 2177 2803 Buissr

295 2797 421 2822 canonico
435 2798 616 2822 Anrelianensi
632 2807 715 2831 unque
730 2799 756 2823 in
771 2800 850 2823 finem
866 2800 1016 2832 ».Ep.156
1035 2800 1068 2824 ad
1088 2800 1198 2824 cundem
1214 2800 1342 2824 decanum
1358 2802 1454 2826 Senon.
1469 2804 1578 2833 propter
1597 2802 1725 2826 decanum
1741 2802 1894 2832 Autissiod..
1910 2804 1955 2836 qui
1971 2805 2021 2829 iter
2034 2806 2066 2830 ad
2083 2800 2171 2831 sedem

296 2844 382 2874 apost.
398 2842 520 2875 arripuit,
540 2843 640 2867 directa
659 2847 699 2868 ent
714 2843 748 2876 (vj
765 2844 799 2868 id.
816 2844 896 2876 Jun..)
915 2845 944 2868 ln
959 2853 999 2876 op.
1022 2845 1067 2869 '157
1081 2845 1180 2869 decano
1196 2844 1338 2869 Autissiod.
1361 2846 1521 2875 conceditur,
1542 2852 1574 2869 nc
1593 2845 1662 2870 infru
1682 2846 1825 2871 triennium
1845 2848 1877 2872 do
1895 2849 1984 2873 causis
2005 2849 2056 2874 sibi
2076 2857 2090 2874 a
2110 2851 2176 2875 sodo·

296 2889 383 2919 opo-t.
402 2887 597 2912 committendis
616 2896 775 2920 cognoscere
793 2889 889 2913 valeat.
910 2889 938 2913 ln
958 2889 1037 2921 epist.
1058 2889 1103 2913 158
1122 2889 1155 2913 ad
1175 2890 1338 2921 Stephanum
1358 2889 1446 2922 ipsum
1466 2890 1566 2914 directa
1585 2891 1748 2923 permittitur
1767 2891 1799 2920 ei,
1822 2902 1833 2915 ει
1854 2901 1886 2916 ne
1905 2897 1976 2917 cxtrn
1997 2894 2173 2936 l³¹misiensemL

297 2930 423 2955 diocesim
443 2939 523 2964 nuper
541 2931 602 2962 hiis,
618 2940 669 2964 que
688 2932 721 2956 nd
741 2932 830 2965 ipsum
845 2933 871 2956 in
886 2933 1006 2965 predicta
1021 2933 1122 2958 diomsi
1137 2933 1278 2966 pertinent,
1294 2934 1420 2966 quamdin
1437 2933 1463 2958 in
1479 2934 1549 2959 dicta
1565 2935 1662 2959 rexerit
1677 2936 1811 2965 facultate,
1827 2946 1875 2968 por
1890 2937 1992 2961 litteras
2011 2938 2155 2970 apostolici·
2159 2948 2171 2962 κ

297 2974 324 2999 in
338 2982 446 2999 centnm
460 2976 530 3000 trahi
546 2976 632 3000 valeat
647 2985 668 3000 υ.
686 2977 701 3001 ³
715 2977 750 3001 id.
765 2978 826 3002 Jun.
844 2978 873 3002 ln
888 2986 930 3010 cp.
948 2978 993 3002 15⁹
1008 2978 1092 3002 abbas
1109 2979 1136 3002 S.
1152 2978 1299 3003 Genovesue
1314 2983 1485 3003 conservator
1498 2979 1677 3004 constituitur.
