2580 3528
486 367 550 399 520
1068 374 1385 397 CHARTULARIUM
1421 373 1610 395 UNtvssnS.
1648 372 1778 395 Panis.
2259 366 2359 406 [1275

486 450 618 484 vestris
653 449 981 495 supplicationibus
1016 449 1191 489 inclinati,
1222 455 1261 481 ut
1290 448 1334 481 ad
1367 446 1597 480 vendendum
1634 446 1691 479 vel
1726 445 1957 480 alienandum
1992 454 2053 481 aut
2086 455 2184 482 extra
2214 461 2358 482 manum

486 524 641 551 vestram
673 516 881 562 ponendum
913 516 1054 556 domos,
1086 522 1214 556 terras,
1244 514 1382 554 vineas,
1415 513 1673 558 possessiones
1704 519 1739 546 et
1767 512 1835 546 alia
1865 512 1959 547 bona
1989 514 2151 560 predicta
2179 514 2285 549 vobis
2314 514 2359 549 ab

489 584 615 617 eodem
634 583 770 616 decano
792 575 918 615 collata
941 582 1023 626 cogi
1044 588 1167 614 contra
1185 580 1347 626 predicte
1369 579 1640 612 constitutionis
1662 585 1824 612 tenorem
1847 586 2012 625 pretextu
2034 580 2187 627 alicujus
2204 594 2360 616 consue-

490 651 626 684 tudinis
647 662 720 682 non
742 649 891 694 possitis
919 648 1129 681 auctoritate
1155 646 1377 692 presentium
1405 645 1607 678 districtius
1632 645 1860 687 inhibemus,
1892 646 2133 681 decernentes
2160 648 2300 682 irritum
2325 655 2360 682 et

489 718 607 758 inane,
633 717 662 749 si
684 716 770 761 quid
795 727 904 760 super
927 714 997 747 hiis
1021 720 1144 747 contra
1168 712 1421 746 inhibitionem
1447 712 1656 757 hujusmodi
1680 713 1789 746 suerit
1808 719 2068 759 attemptatum,
2087 714 2284 749 dummodo
2306 715 2359 749 eis

490 796 641 830 quorum
669 783 831 823 interest,
859 788 898 814 ut
920 780 1079 826 predicta
1103 787 1199 812 extra
1221 791 1348 812 manus
1369 785 1509 812 vestras
1529 779 1672 824 ponatis
1694 779 1738 812 de
1762 791 1829 812 suo
1850 779 1887 812 in
1908 779 1973 813 hac
1994 788 2094 826 parte
2114 781 2295 815 interesse
2315 782 2359 815 ad

489 850 674 884 arbitrium
696 848 817 881 dilecti
835 848 897 880 filii
916 847 1030 880 nostri
1049 848 1083 880 S.
1105 847 1155 879 tit.
1173 847 1301 879 Sancte
1318 845 1454 879 Cecilie
1472 845 1677 891 presbyteri
1698 846 1893 880 cardinalis
1914 847 2112 892 apostolice
2129 848 2230 882 sedis
2249 848 2360 894 legati

490 916 768 950 satisfactionem
809 914 963 947 debitam
1000 913 1230 958 impendatis.
1272 912 1368 945 Nulli
1410 924 1516 957 ergo,
1557 918 1620 946 etc.
1633 939 1641 954 ,
1677 919 1802 946 nostre
1841 913 2071 947 inhibitionis
2111 921 2146 948 et
2183 915 2360 948 constitu-

490 983 610 1023 tionis,
633 987 696 1015 etc.
725 982 760 1014 Si
789 981 870 1025 quis
891 987 1022 1020 autem,
1045 985 1107 1013 etc.
1131 981 1210 1012 Dat.
1234 979 1403 1024 Lugduni
1424 991 1510 1011 non.
1533 979 1707 1021 Januarii,
1730 979 1961 1025 pontificatus
1989 981 2104 1014 nostri
2126 993 2220 1014 anno
2239 982 2357 1015 tertio.

581 1080 715 1111 Originule
733 1079 758 1102 in
775 1079 849 1102 Arcb.
867 1082 919 1101 nat.
937 1078 1021 1101 Paris.
1038 1078 1064 1101 L.
1086 1079 1140 1105 264,
1156 1082 1185 1100 11⁰
1200 1078 1237 1100 52.
1255 1077 1332 1100 Deest
1346 1077 1428 1100 bulla.
1444 1090 1477 1095 —
1491 1078 1553 1109 Reg.
1570 1077 1627 1100 Vat.
1646 1077 1768 1109 Gregorii
1784 1078 1803 1101 X
1819 1086 1861 1102 an.
1878 1079 1901 1106 3,
1917 1086 1958 1110 ep.
1974 1079 2014 1106 92,
2031 1079 2075 1102 fol.
2092 1079 2146 1102 166.
2168 1079 2197 1103 In
2212 1079 2288 1103 Arch.
2305 1082 2359 1103 nat.

488 1125 582 1152 Paris„
598 1125 616 1148 1.
632 1133 663 1151 c..
682 1128 710 1146 n⁰
722 1125 751 1146 54
765 1123 832 1146 sieut
847 1126 872 1145 et
886 1123 946 1146 MM.
961 1123 1004 1145 ‘281
1021 1125 1106 1145 exstat
1118 1122 1195 1144 etiam
1209 1122 1330 1146 vidimus
1343 1121 1465 1145 officialis
1479 1122 1563 1145 Paris.
1577 1122 1639 1145 anni
1653 1122 1727 1150 1279;
1741 1126 1771 1145 11ο
1786 1123 1816 1146 53
1828 1122 1950 1148 vidimus
1962 1123 2084 1146 officialis
2097 1123 2170 1147 curie
2182 1123 2361 1148 archidiaconi

488 1170 571 1193 Paris.
593 1178 637 1192 an.
662 1169 730 1191 1281.
757 1169 784 1191 In
805 1167 880 1190 Arch.
902 1170 954 1190 nat.
976 1170 1112 1198 praetcrea
1132 1167 1158 1189 S.
1180 1167 1241 1189 6213
1261 1166 1294 1189 11¹¹
1313 1166 1415 1189 141—205
1434 1166 1484 1189 hae
1504 1169 1529 1190 et
1548 1170 1687 1198 sequentes
1707 1167 1810 1190 litterae
1830 1167 1952 1199 Gregorii
1972 1168 1993 1191 X
2012 1168 2103 1191 multis
2123 1168 2222 1192 chartis
2246 1168 2361 1193 insertae

489 1217 639 1237 occurrunt.
661 1214 689 1236 111
706 1213 813 1237 Θανῑαῖ.
829 1213 862 1235 de
883 1212 911 1236 Ια
933 1212 1085 1239 δονὺοηηε,
1106 1211 1173 1234 Bibl.
1191 1214 1244 1234 nat.
1265 1211 1360 1239 Paris„
1383 1219 1431 1234 ms.
1452 1211 1497 1234 lat.
1520 1211 1605 1239 16069,
1627 1211 1672 1235 fol.
1692 1213 1707 1235 4
1727 1214 1752 1235 et
1771 1212 1811 1240 5¹³,
1832 1212 1945 1243 epistola
1967 1221 2049 1244 supra
2070 1213 2141 1236 edita
2161 1221 2221 1236 cum
2243 1213 2362 1245 sequenti

490 1259 587 1281 inserta
603 1258 706 1280 duabus
722 1257 820 1280 chartis
836 1256 950 1279 Simonis
966 1256 1046 1287 legati
1062 1264 1103 1279 nn.
1121 1256 1190 1284 1281,
1208 1255 1341 1287 Septemb.
1358 1257 1396 1283 25,
1413 1255 1554 1279 invenitur.
1571 1256 1740 1284 nemen-aeus,
1757 1256 1901 1281 Sorbonae
1914 1257 2050 1288 oriyines,
2070 1257 2145 1285 ibid.¹
2162 1266 2210 1281 ms.
2227 1257 2273 1281 lat.
2290 1258 2361 1287 549³,

490 1304 532 1326 sol.
550 1303 603 1326 21b.

581 1383 602 1405 1.
622 1383 660 1406 Cf.
677 1390 758 1413 supra
774 1386 802 1404 11ο
816 1383 870 1404 [150.

489 1483 602 1520 459.
629 1491 756 1526 Gregorii
771 1492 800 1516 X
810 1491 925 1517 litterae
940 1490 980 1516 ad
996 1491 1143 1524 Simonem,
1162 1490 1342 1526 apostolicae
1357 1490 1436 1516 sedis
1452 1490 1586 1526 legatum,
1605 1490 1641 1517 de
1656 1490 1754 1517 eodem
1771 1495 1947 1526 argumento.

1697 1581 1772 1611 7275,
1788 1581 1907 1607 dalmatii
1918 1582 1943 1611 5.
1960 1582 2076 1614 Luydum'.

578 1655 781 1701 Gregorius
798 1655 993 1700 episcopus
1015 1666 1144 1688 servus
1166 1667 1355 1688 servorum
1374 1655 1440 1687 Dei
1462 1654 1595 1688 dilecto
1612 1655 1688 1688 filio
1710 1656 1744 1688 S.
1770 1655 1821 1688 tit.
1845 1656 1974 1689 Sancte
1994 1655 2131 1690 Cecilie
2147 1655 2362 1701 presbytero

491 1722 662 1756 cardinali
684 1721 882 1766 apostolice
904 1721 1002 1754 sedis
1026 1721 1145 1767 legato
1168 1721 1320 1754 salutern
1343 1728 1378 1755 et
1399 1721 1634 1767 apostolicam
1658 1721 1964 1755 benedictionem.
1993 1722 2218 1756 Provisionis
2238 1729 2362 1756 nostre

491 1789 682 1834 provenire
717 1788 824 1821 debet
859 1788 1005 1826 auxilio,
1037 1795 1075 1821 ut
1110 1789 1240 1821 domus
1271 1788 1487 1821 dilectorum
1518 1788 1676 1822 filiorum
1707 1789 1909 1834 provisoris
1939 1796 1975 1822 et
2003 1801 2202 1834 pauperum
2229 1789 2363 1835 magis-

491 1862 626 1888 trorum
650 1855 694 1887 de
714 1855 793 1888 vico
815 1855 858 1888 ad
875 1862 996 1900 portas
1021 1862 1103 1888 ante
1125 1855 1295 1900 palatium
1318 1855 1362 1888 de
1383 1855 1550 1888 Thermis
1568 1855 1728 1889 Parisius
1749 1856 1787 1888 in
1803 1855 2192 1901 theologica-facultate
2213 1855 2363 1889 studen-

490 1923 590 1959 tium,
614 1934 717 1966 quam
743 1922 883 1955 sincera
905 1921 1094 1967 diligimus
1117 1922 1154 1954 in
1178 1922 1332 1955 Domino
1356 1922 1516 1964 caritate,
1538 1922 1791 1968 spiritualibus
1814 1922 1921 1956 bonis
1944 1922 2109 1968 proficiat
2128 1929 2164 1956 et
2183 1929 2363 1968 tempora-

489 1989 578 2021 lium
596 1989 834 2033 prosperitate
855 1995 1076 2022 concrescat.
1103 1989 1195 2022 Sane
1221 1989 1347 2034 petitio
1371 1989 1551 2022 dictorum
1577 1989 1779 2034 provisoris
1802 1996 1837 2022 et
1856 1989 2113 2035 magistrorum
2134 1989 2242 2023 nobis
2263 1988 2363 2022 exhi-

491 2055 562 2088 bita
596 2055 801 2087 continebat
837 2055 934 2100 quod
965 2055 1133 2095 dilectus,
1169 2061 1248 2096 etc„
1279 2061 1319 2089 ut
1351 2067 1461 2100 supra
1491 2060 1528 2088 n⁰
1558 2057 1636 2098 458,
1667 2056 1817 2090 mutatis
1846 2055 2039 2097 mutandis,
2070 2067 2174 2101 usque
2208 2068 2362 2101 quorum

491 2122 654 2163 interest,
673 2129 711 2154 ut
733 2122 891 2166 predicta
914 2129 1011 2155 extra
1032 2134 1160 2155 manus
1182 2134 1267 2155 suas
1288 2129 1435 2167 ponant,
1455 2123 1499 2155 de
1525 2123 1617 2156 sacto
1638 2123 1675 2156 in
1698 2122 1763 2156 hac
1787 2129 1886 2168 parte
1909 2123 2090 2156 interesse
2110 2123 2155 2156 ad
2174 2123 2361 2156 arbitrium

491 2195 590 2221 tuum
617 2188 772 2221 debitam
800 2189 1081 2222 satisfactionem
1109 2189 1331 2234 impendant.
1363 2189 1542 2231 Quocirca
1573 2190 1786 2223 discretioni
1817 2196 1876 2222 tue
1907 2202 1971 2235 per
2001 2189 2200 2235 apostolica
2229 2189 2363 2235 scripta

491 2255 702 2288 mandamus
728 2256 896 2300 quatinus
925 2256 1106 2300 provisori
1135 2262 1171 2288 et
1201 2256 1386 2301 magistris
1412 2256 1588 2301 predictis
1618 2268 1683 2301 per
1706 2263 1739 2289 te
1765 2256 1823 2289 vel
1852 2256 1962 2289 alium
1994 2268 2059 2289 seu
2084 2256 2175 2290 alios
2201 2256 2363 2302 presidio

491 2321 644 2354 efficacis
662 2322 886 2355 defensionis
907 2322 1102 2355 assistens⁴
1124 2335 1195 2355 non
1218 2323 1405 2367 permittas
1427 2335 1491 2355 005
1513 2334 1624 2368 super
1646 2322 1717 2355 hiis
1740 2330 1864 2356 contra
1886 2323 2116 2356 inhibitionis
2133 2329 2168 2356 et
2187 2323 2364 2356 constitu-

492 2388 600 2421 tionis
634 2395 758 2421 nostre
787 2395 947 2421 tenorem
976 2389 1019 2422 ab
1045 2389 1229 2434 aliquibus
1255 2389 1417 2422 indebite
1450 2389 1650 2431 molestari,
1683 2390 1830 2435 proviso
1861 2397 1900 2423 ut
1925 2390 1970 2423 de
1995 2390 2174 2423 interesse
2200 2390 2363 2435 predicto

491 2454 599 2487 facias
623 2455 770 2499 prefatis
796 2456 976 2499 personis,
1001 2456 1093 2489 sicut
1118 2456 1330 2501 predicitur,
1361 2456 1518 2489 debitam
1545 2457 1827 2490 satisfactionem
1854 2457 2028 2502 impendi,
2053 2456 2306 2490 molestatores
2329 2463 2366 2490 et

494 2521 790 2562 contradictores,
820 2522 850 2554 si
877 2522 937 2566 qui
963 2523 1108 2561 suerint,
1137 2535 1201 2567 per
1228 2535 1417 2556 censuram
1449 2523 1731 2557 ecclesiasticam
1763 2523 2006 2569 appellatione
2035 2523 2237 2569 postposita
2266 2535 2364 2556 com-

497 2587 691 2630 pescendo,
710 2599 781 2619 non
803 2587 967 2620 obstante
990 2589 1020 2621 si
1041 2589 1224 2634 aliquibus
1246 2602 1264 2622 a
1286 2590 1374 2622 sede
1395 2589 1593 2635 apostolica
1611 2590 1657 2623 sit
1672 2590 1852 2623 indultum
1870 2589 1968 2635 quod
1988 2590 2170 2631 interdici,
2187 2589 2364 2635 suspendi

495 2651 552 2684 vel
578 2653 880 2686 excommunicari
903 2666 976 2686 non
1003 2656 1145 2699 possint
1167 2668 1231 2700 per
1256 2656 1395 2689 litteras
1416 2656 1647 2701 apostolicas,
1671 2669 1740 2702 que
1762 2657 1806 2690 de
1827 2656 1969 2690 indulto
1989 2656 2199 2701 hujusmodi
2220 2655 2362 2701 plenam

496 2724 531 2750 et
552 2729 756 2762 expressam
776 2731 848 2751 non
869 2720 1018 2754 fecerint
1041 2722 1274 2754 mentionem.
1298 2723 1376 2755 Dat.
1396 2723 1565 2768 Lugduni
1584 2735 1668 2756 non.
1687 2723 1860 2765 Januarii,
1878 2722 2108 2768 pontificatus
2129 2722 2244 2755 nostri
2269 2734 2363 2758 anno

495 2790 614 2816 tertio.

588 2881 722 2913 Originule
737 2882 763 2905 in
779 2883 855 2906 Arch.
874 2887 927 2906 nat.
947 2883 1030 2907 Paris.
1049 2885 1076 2908 L.
1094 2885 1147 2912 264,
1163 2890 1192 2908 n⁰
1208 2888 1245 2909 55.
1263 2886 1339 2909 Bulla
1354 2886 1479 2918 plumbea
1499 2888 1535 2910 fil.
1553 2887 1664 2911 cannah.
1681 2887 1850 2919 appenditur.
1872 2887 1939 2911 Ibid.
1960 2887 2003 2919 (¹1¹¹
2019 2889 2058 2916 56,
2079 2888 2117 2917 57)
2137 2888 2189 2910 duo
2208 2887 2364 2919 apographa

494 2926 616 2949 officialis
632 2926 720 2949 curiae
731 2926 814 2950 Paris.
825 2927 886 2950 anni
899 2928 967 2951 1279.
978 2941 1009 2946 —
1019 2929 1187 2958 flemeraeus,
1200 2930 1342 2955 sorbonae
1355 2931 1485 2962 ονίρίπεε,
1500 2932 1526 2955 111
1542 2932 1612 2955 Bibl.
1623 2935 1676 2955 nat.
1689 2932 1773 2956 Paris.
1786 2940 1835 2956 ms.
1847 2932 1893 2956 lat.
1906 2933 1975 2961 5493,
1988 2932 2033 2955 sol.
2045 2931 2100 2955 22⁶.
2112 2932 2250 2960 Jourdain,
2264 2936 2293 2955 11⁰
2309 2933 2362 2955 234.
