2580 3528
474 382 540 414 422
1066 389 1386 412 CHARTL'LARIUM
1421 389 1612 411 culvans.
1650 388 1780 410 PARIS.
2258 377 2359 418 [1262

474 478 556 499 cum
593 465 851 498 monasterium
889 471 987 497 tuum
1019 464 1056 496 in
1086 464 1229 497 civitate
1265 463 1462 496 Parisiensi
1492 462 1622 495 habeat
1651 461 1830 507 quandam
1867 461 2028 502 domum,
2059 461 2095 494 in
2126 473 2195 506 qua
2228 461 2359 496 fratres

476 532 732 566 Cluniacensis
754 531 904 565 Ordinis
926 530 1140 563 insudantes
1161 530 1361 563 litterarum
1389 529 1511 562 studio
1537 534 1820 569 commorantur,
1843 527 2081 561 construendi
2103 528 2360 562 oratoriumin

475 600 602 632 eadem
632 599 739 631 domo
766 598 810 631 ad
834 610 927 643 opus
952 598 1100 630 fratrum
1128 597 1290 642 ipsorum
1319 595 1383 629 tibi
1409 595 1591 628 licentiam
1623 594 1826 628 concedere
1854 594 2121 640 dignaremur¹.
2142 595 2217 629 Nos
2237 595 2360 640 itaque

478 667 549 700 tuis
580 664 910 711 supplicationibus
941 663 1103 697 inclinati
1132 663 1196 696 tibi
1222 663 1402 695 licentiam
1429 661 1666 695 concedimus
1693 661 1924 707 postulatam,
1951 662 1998 695 ita
2026 668 2146 695 tamen
2170 662 2269 707 quod
2294 674 2362 708 per

476 733 546 766 hoc
562 731 762 766 venerabili
783 732 882 764 sratri
904 737 1030 763 nostro
1052 730 1225 774 episcopo
1247 728 1445 762 parisiensi
1462 727 1519 762 vel
1541 727 1758 773 parrochiali
1779 728 1934 762 ecclesie
1956 728 2095 762 nullum
2117 728 2361 774 prejudicium

475 806 686 844 generetur.
710 799 787 830 Dat.
809 797 963 831 Viterbii
986 797 1009 841 ij
1033 796 1101 829 kal.
1126 795 1276 841 Aprilis,
1300 794 1533 840 pontificatus
1555 795 1671 828 nostri
1691 807 1786 828 anno
1807 795 1936 840 primo.

571 884 648 908 Ball.
669 884 697 907 S.
724 884 789 907 ord.
811 882 1015 909 Cluniacensis,
1038 889 1064 912 p.
1087 881 1139 903 131.
1157 894 1187 897 —
1202 880 1249 903 Hic
1264 879 1352 911 prima
1373 880 1402 903 fit
1417 879 1514 903 mentio
1534 880 1628 903 domus
1644 879 1859 903 Cluniacensium
1873 879 1983 904 Parisiis
1995 880 2052 911 jam
2066 879 2202 904 existentis
2217 878 2261 912 (cf.
2278 878 2362 912 suprd

477 929 510 952 11¹³
526 929 566 951 30¹1
583 932 608 951 ct
622 929 686 957 370),
703 927 865 958 proindeque
884 934 1026 957 perperam
1042 926 1122 956 vulgo
1138 927 1261 947 asserunt
1274 924 1417 955 collegium
1429 933 1497 948 anno
1509 925 1570 948 1269
1580 925 1719 948 fundatum
1732 924 1815 948 fuisse
1831 926 1872 954 (et.
1889 925 1929 948 Du
1942 925 2030 953 Breul,
2044 925 2083 949 Le
2093 926 2202 950 theatre
2213 926 2260 950 des
2276 925 2363 951 Ami-

475 974 575 1004 quites
589 974 622 996 dez
639 973 726 996 Paris
748 971 838 1002 (1639),
853 979 879 1002 p.
896 971 956 997 473;
974 970 1097 996 Bulaeusv
1120 970 1165 997 111,
1182 970 1241 997 395;
1258 969 1385 997 Fe'libien,
1400 969 1471 994 Hist.
1491 970 1565 994 dela
1577 969 1640 993 ville
1654 970 1688 993 de
1703 970 1799 998 Paris,
1816 969 1836 997 1,
1852 970 1899 992 416
1915 977 1969 1001 sq.;
1994 969 2243 999 Leheus-Cocheris,
2263 970 2296 998 Π,
2315 970 2362 999 72;

480 1018 535 1044 1312
552 1017 652 1041 Jaillot.
669 1016 839 1040 Recherches
855 1014 988 1045 critiques
1000 1021 1054 1038 sur
1069 1014 1097 1038 la
1112 1014 1175 1038 ville
1187 1015 1220 1037 cle
1234 1013 1329 1042 Paris,
1346 1014 1366 1036 V
1387 1021 1392 1037 :
1413 1013 1549 1040 Quat-tier
1566 1014 1594 1038 S.
1609 1013 1868 1043 Απάνέ-ἀεε-Ανοε,
1887 1022 1914 1045 p.
1936 1014 1995 1042 146ς
2015 1013 2153 1042 Jourdain,
2174 1018 2204 1037 no
2219 1014 2274 1043 221,
2289 1015 2361 1045 eta).

478 1062 522 1093 qui
536 1069 619 1084 annus
640 1069 743 1091 quoque
763 1059 826 1082 olim
847 1059 880 1082 ad
897 1059 1007 1090 januam
1022 1059 1140 1089 capellae
1161 1058 1187 1081 in
1208 1058 1325 1081 claustro
1345 1058 1451 1089 collegii
1466 1058 1611 1090 inscriptus
1630 1061 1694 1082 erat.
1717 1058 1768 1082 Sed
1784 1059 1851 1082 forte
1869 1058 1963 1082 reterri
1978 1058 2056 1082 debet
2069 1059 2103 1082 ud
2118 1062 2232 1090 tempus,
2249 1067 2301 1091 quo
2316 1059 2364 1084 lvo

479 1115 489 1128 (ι
507 1107 621 1137 plateam
639 1105 711 1132 emit,
733 1112 875 1135 murosque
892 1104 952 1127 fecit
973 1103 998 1126 in
1021 1103 1142 1131 circuitu,
1164 1103 1342 1131 refectorium,
1364 1103 1489 1131 culinam,
1514 1103 1699 1126 dormitorium
1719 1111 1749 1126 ac
1768 1103 1878 1126 claustri
1898 1103 2064 1127 medietatem
2079 1111 2091 1126 »
2114 1103 2254 1127 aedificare
2266 1103 2363 1136 coepit.

479 1151 514 1174 De
536 1150 622 1181 primo
638 1149 766 1180 magistro
782 1148 995 1172 Cluniacensium
1010 1147 1036 1170 in
1052 1147 1231 1171 Universitate
1247 1147 1343 1176 Paris„
1360 1147 1511 1176 Gadalrico,
1528 1147 1642 1179 aliisque
1657 1147 1824 1171 studentibus
1841 1147 1901 1171 vide
1916 1156 1999 1179 supra
2014 1147 2047 1171 η*-
2062 1149 2116 1177 340,
2133 1149 2186 1172 361,
2203 1148 2362 1180 Collegium,

479 1195 547 1227 quod
568 1194 686 1225 proxime
701 1193 790 1216 domui
807 1193 941 1216 Sorbonae
957 1196 982 1216 et
997 1192 1137 1215 conventui
1154 1193 1266 1215 fratrum
1281 1193 1506 1221 praedicatorum,
1524 1196 1549 1216 et
1563 1193 1596 1216 ab
1611 1193 1734 1224 opposito
1749 1193 1842 1216 domus
1859 1192 1978 1224 episcopi
1992 1193 2231 1217 Autissiodorensis
2249 1196 2315 1222 erat,
2334 1193 2364 1218 in

476 1239 577 1262 chartis
599 1239 670 1262 illius
693 1238 787 1261 aetatis
808 1238 888 1269 vulgo
909 1246 921 1260 t<
941 1238 1035 1260 domus
1056 1237 1218 1260 scholarium
1245 1237 1453 1269 (monachorum)
1473 1237 1638 1261 Clunincens.
1661 1246 1673 1260 )›
1695 1241 1812 1261 vocatur.
1837 1237 1880 1261 Sic
1901 1246 1943 1261 an.
1969 1238 2039 1266 1273,
2061 1238 2144 1270 Sept.,
2160 1237 2187 1261 in
2207 1238 2285 1262 Arch-
2307 1241 2363 1263 unt.

478 1284 562 1308 Paris.
584 1285 609 1307 S.
626 1284 715 1311 65862,
737 1287 766 1305 ΠΟ
786 1283 824 1310 15,
841 1282 910 1305 sicut
929 1285 954 1306 et
974 1282 999 1305 iu
1019 1281 1214 1313 posterioribus
1232 1282 1301 1305 infra
1317 1282 1394 1306 editis
1409 1282 1583 1306 documentis.
1600 1282 1665 1306 Vide
1684 1282 1794 1314 insuper
1810 1282 1881 1306 infra
1896 1282 2016 1306 chartam
2037 1282 2155 1314 Philippi
2170 1283 2216 1312 111,
2232 1291 2274 1307 nn.
2291 1282 2363 1313 127¹,

479 1329 576 1352 mensis
593 1327 753 1356 Decembris,
770 1331 799 1350 n⁰
813 1328 868 1350 438.

573 1400 594 1423 1.
616 1399 791 1423 Nihilominus
807 1402 894 1421 tamen
906 1406 956 1421 non
972 1398 1017 1421 lvo
1033 1398 1053 1426 1,
1069 1398 1114 1421 sed
1131 1397 1188 1429 ejus
1203 1406 1341 1422 successor
1356 1401 1382 1421 et
1396 1406 1487 1430 nepos,
1504 1399 1548 1421 lvo
1561 1399 1593 1426 11,
1603 1399 1734 1430 capellum
1745 1407 1791 1422 seu
1801 1398 1948 1422 oratorium
1958 1398 2113 1427 construxit,
2128 1402 2197 1422 utex
2207 1399 2365 1424 documento

480 1445 549 1468 intra
562 1445 631 1468 edito
647 1452 688 1467 an.
707 1444 775 1471 1279,
792 1442 929 1466 Februarii
946 1445 968 1470 5,
987 1442 1078 1474 liquet.

478 1541 593 1578 376.
622 1549 752 1575 Urbanus
773 1550 817 1575 IV
833 1549 981 1583 magistris
999 1547 1126 1574 Gerardo
1147 1547 1183 1574 de
1198 1548 1393 1574 Abbatisuilla
1410 1552 1437 1574 et
1456 1548 1583 1575 Ger-ardo
1599 1548 1634 1575 de
1651 1548 1798 1584 Goignelin
1815 1549 1939 1585 injungit
1958 1553 1989 1575 nt
2003 1549 2158 1584 magistros
2173 1553 2201 1575 et
2215 1548 2365 1576 scholare·

571 1599 610 1625 ad
625 1598 859 1625 contribuendum
871 1606 925 1634 pro
939 1601 1006 1623 rata
1022 1597 1051 1623 in
1066 1597 1173 1623 debitis
1189 1598 1364 1632 astringant.

1746 1635 1822 1665 1262,
1838 1634 1899 1661 Maii
1912 1635 1950 1665 15,
1968 1634 2076 1661 Vitat-bii.

572 1705 741 1738 Urbanus
767 1704 962 1750 episcopus
989 1715 1119 1737 servus
1146 1715 1336 1737 servorum
1363 1704 1430 1737 Dei
1456 1703 1600 1738 dilectis
1626 1704 1712 1738 filiis
1735 1730 1756 1737 ..
1779 1704 2035 1738 archidiacono
2062 1705 2106 1738 de
2132 1704 2303 1739 Pontivo⁴
2325 1704 2364 1738 in

481 1772 635 1805 ecclesia
663 1771 901 1805 Ambianensi
922 1777 957 1804 et
977 1770 1152 1816 magistro
1174 1770 1339 1804 Gerardo
1362 1771 1406 1803 de
1428 1771 1642 1816 Goignelin,
1664 1772 1839 1805 canonico
1866 1772 2051 1814 Remensi,
2077 1771 2239 1806 Parisius
2265 1783 2366 1805 com-

484 1838 721 1879 morantibus,
741 1838 893 1871 salutem
915 1844 951 1871 et
970 1837 1207 1883 apostolicam
1228 1837 1536 1871 benedictionem.
1556 1839 1626 1872 Sua
1646 1838 1754 1872 nobis
1771 1838 1894 1872 dilecti
1915 1838 1980 1872 filii
1997 1838 2218 1872 universitas
2234 1838 2364 1885 magis-

484 1913 620 1939 trorum
653 1912 688 1938 et
719 1905 913 1938 scolarium
942 1904 1201 1937 Parisiensium
1234 1905 1480 1938 insinuatione
1512 1912 1760 1939 monstrarunt
1784 1905 1882 1951 quod
1912 1906 1983 1951 ipsi
2010 1917 2075 1951 pro
2106 1904 2364 1941 communibus

482 1986 608 2006 corum
631 1972 819 2005 nonnullis
841 1972 1000 2017 negotiis
1022 1978 1058 2004 et
1077 1971 1198 2004 causis
1224 1971 1330 2004 etiam
1358 1972 1627 2017 prosequendis
1649 1972 1759 2006 multa
1780 1972 1901 2006 debita
1921 1973 2083 2018 legitime
2104 1978 2365 2007 contraxerunt

483 2047 516 2072 et
539 2039 732 2072 subierunt
751 2051 867 2083 usque
888 2038 931 2071 ad
954 2050 1129 2071 summam
1152 2045 1404 2071 sexcentarum
1426 2038 1600 2072 librarum
1622 2045 1811 2073 turonens.
1835 2051 1945 2073 onera
1966 2051 2220 2085 expensarum.
2243 2040 2364 2083 Quare

484 2107 551 2140 suit
580 2106 686 2139 nobis
713 2106 899 2138 humiliter
920 2105 1162 2150 supplicatum
1188 2112 1240 2145 ut,
1266 2118 1347 2138 cum
1376 2117 1486 2139 onera
1514 2118 1579 2151 pro
1607 2106 1791 2140 communi
1821 2107 1983 2139 omnium
2013 2106 2164 2140 utilitate
2194 2113 2364 2152 suscepta

485 2173 647 2206 universi
668 2179 701 2205 et
724 2172 859 2217 singuli
888 2171 1043 2205 debeant
1068 2178 1297 2217 supportare,
1320 2171 1493 2205 adhibere
1519 2184 1631 2218 super
1657 2173 1725 2206 hoc
1747 2173 1893 2207 salubre
1915 2173 2116 2206 remedium
2137 2185 2363 2207 curaremus.

483 2240 661 2282 Quocirca
682 2239 894 2272 discretioni
916 2245 1035 2272 vestre
1058 2250 1122 2283 per
1143 2238 1341 2284 apostolica
1363 2239 1497 2284 scripta
1518 2239 1730 2273 mandamus
1752 2240 1935 2285 quatinus,
1958 2240 1989 2273 si
2010 2246 2067 2273 est
2086 2240 2147 2282 ita,
2169 2239 2364 2274 universos

484 2313 521 2340 et
541 2306 708 2351 singulos
736 2305 932 2350 magistros
953 2312 1032 2338 actu
1055 2312 1226 2350 regentes
1248 2318 1287 2338 ac
1309 2305 1469 2339 scolares
1499 2306 1689 2340 studentes
1720 2307 1881 2340 Parisius
1906 2313 1975 2340 tam
2003 2307 2041 2339 in
2063 2308 2146 2352 jure
2172 2306 2363 2349 canonico,

486 2386 591 2418 quam
612 2373 649 2405 in
670 2372 853 2417 theologia
875 2379 910 2405 et
931 2371 1093 2417 qualibet
1111 2371 1179 2405 alia
1200 2372 1380 2414 facultate,
1408 2373 1506 2418 quod
1527 2373 1665 2419 singuli
1686 2386 1752 2419 pro
1773 2380 1847 2407 rata
1865 2375 1968 2419 juxta
1988 2373 2155 2419 proprias
2175 2373 2364 2407 facultates

487 2440 522 2472 in
558 2439 740 2472 solutione
776 2438 982 2471 debitorum
1017 2451 1056 2471 ac
1092 2451 1332 2484 expensarum
1368 2439 1579 2484 hujusmodi
1614 2440 1847 2474 contribuant
1875 2447 1914 2473 ut
1943 2447 2125 2482 tenentur,
2161 2440 2363 2474 monitione

488 2507 663 2551 premissa
698 2518 761 2550 per
791 2518 981 2538 censuram
1011 2505 1293 2539 ecclesiasticam
1325 2506 1567 2552 appellatione
1598 2514 1735 2541 remota
1767 2508 1889 2553 previa
1924 2507 2062 2541 ratione
2096 2507 2249 2553 cogatis.
2281 2508 2364 2541 Non

487 2573 652 2605 obstante
682 2573 807 2617 quavis
833 2572 1032 2617 apostolice
1062 2573 1161 2606 sedis
1187 2573 1428 2618 indulgentia.
1452 2573 1496 2606 de
1522 2586 1591 2619 qua
1616 2575 1793 2620 cujusque
1819 2581 1946 2608 tenore
1972 2580 2138 2619 oporteat
2162 2574 2199 2607 in
2224 2573 2364 2608 nostris

488 2639 617 2671 litteris
644 2639 783 2683 plenam
813 2646 848 2671 et
873 2651 1080 2684 expressam
1108 2640 1328 2673 mentionem
1355 2640 1446 2682 fieri,
1470 2647 1505 2674 et
1525 2653 1590 2686 per
1610 2653 1715 2686 quam
1742 2641 1778 2674 id
1806 2641 1975 2687 impediri
1995 2640 2112 2675 valeat
2130 2640 2188 2674 vel
2209 2641 2361 2674 differri.

490 2707 566 2738 Dat.
589 2705 743 2738 Viterbii
765 2705 812 2737 id.
836 2705 932 2746 Maii,
956 2705 1186 2750 pontificatus
1208 2707 1324 2740 nostri
1344 2719 1438 2740 anno
1461 2707 1591 2752 primo.

581 2789 716 2820 Originale
731 2789 757 2811 in
773 2789 848 2812 Arch.
868 2793 920 2812 nat.
937 2789 1022 2813 Paris,
1040 2790 1068 2813 L.
1089 2791 1142 2818 254,
1160 2795 1188 2813 11⁰
1203 2792 1242 2814 34.
1259 2791 1335 2814 Bulla
1349 2792 1475 2823 plumbea
1490 2792 1542 2815 filis
1562 2792 1673 2816 cannah.
1689 2792 1858 2824 appenditur.
1880 2792 2031 2817 Pertinebat
2045 2792 2079 2816 nd
2098 2792 2174 2816 Arch.
2192 2791 2314 2816 Univers.
2330 2805 2364 2810 ——

488 2835 562 2865 Apud
582 2834 719 2861 Jourduin,
740 2838 768 2856 n⁰
788 2834 841 2861 199,
862 2837 963 2856 tantum
984 2838 1116 2865 regestum
1136 2835 1162 2858 in
1183 2835 1274 2867 lingua
1290 2836 1386 2867 gallica
1401 2840 1536 2868 sumptum
1555 2845 1586 2860 ex
1600 2837 1769 2862 Ιηυθνιεανὶο
1789 2837 1965 2862 Universitac.
1987 2837 2014 2860 in
2030 2837 2107 2860 Arch.
2128 2837 2260 2865 Univers.,
2278 2841 2306 2860 n⁰
2320 2837 2362 2866 ⁹8,

488 2880 516 2902 Α,
537 2879 561 2900 ts
587 2887 608 2904 c,
627 2881 654 2900 ut
667 2877 772 2909 quidem
785 2877 914 2908 originale
930 2877 955 2900 in
969 2886 1061 2901 aversa
1075 2882 1149 2909 parte
1166 2879 1296 2910 signatur.
1313 2881 1387 2911 Apud
1402 2881 1540 2909 Jourdain,
1555 2889 1603 2912 per
1618 2889 1734 2905 errorem
1749 2890 1760 2905 t(
1778 2881 1806 2905 15
1819 2882 1895 2905 Mart.
1914 2890 1924 2904 υ
1940 2881 2047 2912 legitur.

581 2950 602 2972 l.
620 2949 683 2971 Vidn
699 2957 779 2979 supra
794 2952 821 2971 n⁰
834 2949 887 2975 374,
903 2957 927 2971 n.
942 2949 965 2971 2.
