2580 3528
449 392 515 425 346
1034 401 1352 424 CHARTULAMUM
1387 401 1580 423 niuvens.
1617 401 1745 423 PAnis.
2224 390 2325 432 [1256

449 475 579 508 exinde
600 475 793 517 removeri,
816 475 880 508 sed
901 475 1005 509 valde
1027 475 1265 520 dampnosum
1287 475 1473 516 existeret,
1495 475 1526 507 si
1547 475 1698 508 forsitan
1719 474 1805 508 alibi
1824 469 2083 508 transferretur
2106 472 2112 507 ἐ
2137 474 2182 507 de
2201 480 2322 508 vestra

449 549 484 575 et
511 542 629 588 ipsius
658 542 894 575 translatione
924 542 1035 575 studii
1063 542 1107 575 ad
1136 541 1255 574 locum
1286 541 1395 574 alium
1427 540 1551 582 nichil,
1583 540 1655 574 hiis
1685 541 1860 586 pensatis,
1888 541 2052 575 statuatis
2080 537 2226 586 penitus
2254 553 2322 574 nec

447 609 611 642 firmetis.
633 610 707 642 Nos
727 609 822 641 enim
845 608 956 653 parati
980 619 1106 641 sumus
1133 598 1170 640 in
1196 607 1379 649 omnibus7
1409 619 1478 652 que
1505 607 1622 652 ipsius
1647 607 1904 641 Universitatis
1930 607 2107 641 honorem
2129 614 2165 641 et
2184 607 2320 641 bonum

448 676 660 721 respiciunt,
682 674 788 708 vobis
808 674 1007 720 apostolice
1027 674 1142 720 gratie
1165 675 1311 718 januam
1334 673 1535 706 liberaliter
1554 673 1708 718 aperire.
1736 674 1814 706 Dat.
1836 674 2003 719 Anagnie
2023 674 2074 719 iiij
2095 673 2144 706 id.
2166 675 2321 708 Novem-

447 741 523 775 bris
534 742 560 784 ⁷,
583 741 813 787 pontificatus
835 741 949 774 nostri
971 752 1065 774 anno
1087 740 1262 773 secundo.

541 839 700 864 cartulaire
720 839 765 862 des
786 838 963 861 Dominicains
984 837 1009 860 in
1029 837 1104 861 Arch.
1126 837 1227 868 depart.
1245 837 1276 860 de
1296 837 1322 860 la
1344 837 1481 860 Cete-d'Or
1500 837 1604 868 (Dijonj,
1626 837 1656 860 Η.
1678 837 1732 865 221,
1749 837 1793 860 fol.
1810 838 1848 860 59.
1866 837 1928 860 Cod.
1945 845 2012 861 saec.
2030 838 2086 861 xlv
2099 838 2241 870 privilegia
2256 837 2319 862 ord.

444 884 504 908 Min.
526 884 660 907 continens
680 884 713 906 ad
728 883 790 906 Ord.
809 883 881 905 Serv.
899 882 996 905 Mariae
1011 882 1154 913 pertinens
1172 896 1200 899 —
1219 882 1412 905 Firmamenta
1428 881 1518 906 trium
1534 882 1594 906 ord.
1611 881 1640 906 S.
1657 881 1803 906 Francisci
1819 881 1940 911 (Parisiis
1956 881 2037 911 1512),
2053 885 2130 914 parto
2145 883 2168 911 2,
2185 886 2218 906 tr.
2234 883 2257 912 2,
2274 883 2319 906 sol.

446 929 533 956 LXIII,
550 928 595 951 ubi
616 928 695 951 etiam
711 927 816 955 dicitur,
833 926 962 958 originale
977 926 1108 949 exstitisse
1122 925 1241 949 Parisiis.
1259 926 1331 948 Idem
1347 925 1444 957 Ripoll.
1460 925 1600 957 Wadding,
1616 927 1695 950 Arm.
1709 925 1817 950 Minor.
1833 926 1866 949 ud
1881 934 1923 949 an.
1940 926 2010 954 1256,
2026 930 2055 949 n⁰
2073 927 2112 950 36.
2128 926 2226 958 Ripoll,
2240 927 2319 952 Bull-

447 973 511 998 Ord.
526 973 640 1000 Praed.,
657 973 677 1002 1,
693 973 747 1000 322,
764 976 792 994 n⁰
807 971 860 994 128.
878 971 1012 998 Sharalea,
1028 971 1107 994 Bull.
1125 970 1276 998 F'rancissc..
1298 970 1331 998 11,
1353 970 1406 993 169.
1429 970 1525 994 Omnes
1545 973 1645 994 textum
1664 970 1778 994 offerunt
1801 970 1938 1002 puriorem
1958 979 2038 1002 quam
2057 970 2181 1000 Bulaeus,
2202 971 2249 1000 ΙΙΙ,
2265 972 2318 995 331.

538 1057 559 1079 1.
579 1056 656 1079 Deest
673 1056 700 1078 in
719 1063 782 1079 mss.
799 1069 830 1073 —
845 1056 867 1078 2.
883 1056 913 1078 In
933 1063 995 1078 mss,
1015 1058 1041 1078 ct
1054 1054 1255 1078 Firmamenta
1271 1061 1281 1078 :
1297 1062 1308 1077 n
1324 1055 1445 1085 profecto
1462 1062 1483 1078 ι).
1499 1068 1531 1071 -
1545 1055 1567 1078 3.
1585 1054 1647 1078 Mss.
1669 1057 1694 1077 et
1712 1054 1911 1079 Firmamenta
1926 1062 1936 1079 .·
1951 1063 1964 1078 «
1979 1054 2115 1079 ordinatas
2131 1063 2152 1081 »,
2169 1069 2200 1073 -
2216 1056 2239 1078 4.
2256 1055 2319 1080 Mes.

444 1101 572 1124 Minorum
587 1109 592 1123 z
611 1109 622 1123 (t
637 1103 832 1123 tornamentum
847 1107 869 1122 ».
882 1113 913 1117 —-
923 1101 945 1122 5.
958 1099 1126 1127 Antecedens,
1137 1098 1251 1130 demptis
1268 1106 1320 1121 non
1334 1098 1427 1130 paucis
1442 1098 1599 1122 lectionibus
1615 1098 1738 1127 diversis,
1750 1099 1892 1122 concordat
1906 1107 1966 1122 cum
1985 1103 2015 1122 n⁰
2034 1100 2087 1124 290.
2104 1113 2135 1117 —
2151 1100 2174 1123 6.
2193 1099 2298 1132 Ubique
2314 1107 2319 1123 z

444 1154 455 1168 (ι
472 1146 627 1168 mandamus
642 1153 662 1167 ».
679 1158 710 1162 —
727 1146 748 1167 7.
769 1144 811 1167 Sic
826 1152 874 1167 ωε.
891 1143 983 1167 Minor.
1005 1147 1030 1167 et
1043 1144 1253 1168 Firmamenta.
1276 1143 1384 1167 Cartul.
1404 1151 1466 1166 vero
1485 1146 1511 1167 et
1528 1143 1615 1175 Ripoll
1633 1151 1638 1166 t
1660 1151 1671 1166 α
1686 1143 1739 1175 xvij
1755 1144 1807 1166 kal.
1822 1143 1944 1167 Decemb.
1963 1151 1985 1172 ν),
2003 1143 2135 1176 Wadding
2151 1152 2156 1167 ε
2176 1152 2189 1167 α
2208 1152 2243 1167 xv
2266 1144 2321 1168 kal.

443 1190 562 1214 Decemb.
576 1197 598 1212 υ.

443 1325 554 1362 297.
581 1333 640 1360 Odo
665 1333 900 1370 archiepiscopus
926 1333 1147 1368 Rotomagensis
1176 1337 1204 1359 et
1228 1332 1409 1368 Reginaldus
1435 1333 1587 1369 episcopus
1610 1333 1789 1359 Parisiensis
1821 1336 1916 1359 notum
1940 1333 2068 1369 faciunt,
2092 1342 2124 1360 se
2149 1332 2320 1370 publicaue

530 1383 655 1409 Parisiis
675 1382 788 1409 litteras
803 1383 907 1408 summi
919 1382 1066 1418 pontificis
1082 1391 1097 1407 ι(
1114 1383 1176 1408 Non
1190 1382 1253 1408 sine
1269 1381 1360 1408 multa
1376 1381 1471 1408 cordis
1487 1382 1684 1408 amaritudine
1699 1391 1724 1408 ι.

1608 1472 1686 1502 1256,
1701 1471 1848 1498 Becembrls
1862 1473 1902 1502 31,
1918 1472 2032 1498 Parisiis.

531 1547 721 1580 Universis
750 1553 940 1591 presentes
970 1546 1109 1579 litteras
1138 1546 1359 1591 inspecturis
1389 1546 1432 1579 fr.
1466 1546 1545 1579 Odo
1581 1546 1824 1592 permissione
1855 1546 1976 1580 divina
2011 1545 2341 1592 Rofflomagensis,

441 1613 596 1646 ecclesie
617 1613 783 1646 minister
803 1613 977 1658 indignus
997 1619 1032 1646 et
1052 1612 1276 1658 Reginaldus
1297 1612 1462 1658 ejusdem
1481 1608 1715 1646 miseratione
1735 1612 1954 1646 Parisiensis
1975 1612 2130 1646 ecclesie
2151 1613 2318 1646 minister

442 1680 615 1725 indignus
641 1680 791 1713 salutem
818 1680 855 1712 in
881 1680 1036 1712 Domino
1061 1679 1174 1713 Jhesu
1195 1678 1354 1714 Christo.
1381 1679 1564 1713 Noveritis
1590 1691 1658 1712 nos
1683 1679 1823 1713 litteras
1849 1679 1987 1712 domini
2014 1691 2105 1725 pape
2130 1679 2316 1725 recepisse

442 1747 510 1780 sub
539 1747 603 1780 hac
630 1747 744 1780 forma
776 1758 782 1779 :
814 1761 829 1778 «
861 1746 1067 1779 Alexander
1097 1747 1293 1792 episcopus
1323 1758 1452 1780 servus
1482 1758 1671 1780 servorum
1698 1746 1765 1779 Dei
1791 1745 2065 1780 venerabilibus
2090 1745 2264 1780 fratribus
2293 1773 2313 1779 ..

441 1814 659 1855 Turonensi,
685 1841 705 1846 ..
730 1813 1014 1859 Rothomagensi
1033 1812 1320 1862 archiepiscopis
1342 1819 1377 1846 et
1395 1839 1415 1846 ..
1435 1813 1608 1859 episcopo
1629 1813 1826 1846 Parisiensi
1847 1812 2001 1846 salutem
2023 1819 2059 1846 et
2079 1812 2316 1858 apostolicam

442 1880 745 1913 benedictionem.
774 1881 853 1913 Non
878 1880 957 1913 sine
984 1879 1095 1913 multa
1121 1879 1243 1913 cordis
1269 1879 1522 1921 amaritudine,
1544 1885 1608 1914 etc.
1633 1879 1728 1914 sicut
1745 1890 1855 1924 supra
1876 1883 1914 1912 n⁰
1938 1880 2015 1912 294.
2043 1880 2121 1912 Dat.
2148 1879 2315 1924 Anagnie

441 1947 478 1992 iij
496 1947 565 1980 kal.
583 1947 812 1989 Novembris,
830 1946 1061 1992 pontificatus
1082 1947 1198 1980 nostri
1219 1958 1313 1980 anno
1334 1946 1509 1980 secundo.
1529 1959 1546 1977 »
1563 1947 1637 1979 Nos
1658 1953 1776 1979 autem
1794 1946 1865 1979 duo
1883 1946 2087 1991 predictum
2107 1945 2313 1979 mandatum

442 2013 542 2046 nullo
568 2013 841 2059 archiepiscopo
870 2014 906 2046 in
934 2013 1087 2047 ecclesia
1116 2013 1323 2046 Turonensi
1350 2013 1581 2058 presidente¹
1612 2013 1747 2045 fuimus
1773 2012 1914 2045 executi
1943 2012 2063 2046 omnia
2088 2019 2256 2045 contenta
2276 2012 2314 2046 in

443 2080 615 2125 predictis
649 2080 779 2113 litteris
815 2080 872 2113 die
906 2080 1086 2113 dominica
1121 2086 1204 2125 post
1236 2079 1360 2113 Natale
1400 2079 1546 2112 Domini
1580 2079 1750 2124 Parysius
1785 2078 2038 2124 sollempniter
2071 2078 2315 2124 publicantes·

443 2147 569 2179 Actum
592 2153 625 2179 et
646 2147 766 2180 datum
788 2147 957 2192 Parysius
971 2147 983 2165 ²
1006 2159 1099 2180 anno
1121 2146 1266 2195 Domini
1288 2146 1411 2179 M⁰CC⁰
1430 2145 1736 2191 quinquagesimo
1758 2152 1872 2179 sexto.

536 2245 670 2276 Originnle
686 2245 711 2267 in
731 2245 807 2268 Arch.
829 2248 881 2268 nat.
898 2244 982 2268 Paris.
998 2245 1030 2268 M.
1048 2244 1103 2272 67¹³,
1120 2248 1149 2267 n⁰
1163 2245 1201 2267 40.
1218 2244 1254 2267 De
1264 2244 1367 2267 duobus
1383 2243 1480 2275 sigillis
1496 2243 1618 2267 taeniolis
1633 2243 1745 2267 membr.
1763 2243 1889 2275 appensis
1906 2246 2028 2274 superest
2042 2244 2222 2274 fragmentum
2235 2242 2314 2266 unius

443 2293 468 2312 et
483 2298 563 2312 unum
578 2289 728 2312 tueniolum.
745 2289 896 2312 Pertinebnt
911 2290 943 2312 ad
959 2289 1035 2312 Arch.
1052 2288 1249 2312 Universitatis.

537 2374 558 2396 1.
578 2373 641 2396 Vide
657 2382 738 2405 supra
753 2374 786 2397 ad
802 2377 830 2397 n⁰
843 2375 897 2403 290,
913 2382 938 2398 n.
956 2375 977 2397 2.
994 2387 1025 2392 —
1040 2375 1061 2397 2.
1079 2373 1135 2397 odo
1150 2373 1266 2404 archiep.
1284 2371 1482 2404 Rotomagensis
1498 2380 1590 2395 revera
1604 2375 1665 2395 tunc
1683 2371 1792 2395 Parisiis
1808 2371 1970 2395 morabatur.
1986 2371 2050 2395 Vide
2065 2371 2233 2402 Reqestrum
2249 2358 2321 2396 visi--

444 2419 584 2442 tationum
599 2418 763 2449 archiepisc.
778 2418 917 2448 Rothom„
929 2419 969 2442 ed.
982 2418 1093 2448 Bonnin,
1108 2427 1134 2449 p.
1151 2419 1204 2441 267.
1218 2417 1364 2449 Episcopus
1378 2416 1535 2440 Parisiensis
1551 2420 1638 2440 tamen
1654 2417 1702 2440 has
1715 2416 1817 2440 litteras
1830 2416 1886 2448 jam
1901 2416 1931 2439 15
1946 2415 2066 2439 Decemb.
2083 2414 2230 2447 publicavit
2244 2414 2334 2447 (vide.

444 2471 524 2493 supra
540 2463 572 2485 ud
588 2467 637 2485 num
653 2464 716 2492 294),
733 2472 801 2486 nunc
817 2466 903 2487 nutem
916 2472 968 2487 unu
983 2471 1043 2486 cum
1058 2462 1174 2494 archiep.
1191 2463 1327 2493 Rotomag.

446 2653 556 2689 298.
579 2661 745 2688 Alexander
760 2664 775 2687 I
781 2664 804 2688 V
813 2662 853 2688 ad
867 2663 1060 2689 Haimericum
1075 2663 1280 2689 cancellariam
1297 2663 1501 2697 Parisiensem,
1519 2666 1550 2688 ut
1564 2662 1682 2697 regendi
1696 2662 1821 2688 Parisiis
1837 2662 1866 2687 in
1881 2661 1984 2697 aliqua
2003 2659 2148 2695 facultate
2163 2659 2310 2686 licentiam

534 2710 606 2736 nulli
618 2711 734 2744 tribuat,
747 2711 804 2736 nisi
819 2712 845 2737 ei
860 2712 909 2746 qui
922 2712 1086 2747 promiserit
1101 2721 1131 2738 se
1142 2712 1255 2738 litteras
1271 2711 1447 2748 apostolicas
1459 2721 1474 2737 α
1489 2712 1580 2745 Quasi
1592 2711 1700 2746 lignum
1716 2711 1789 2737 vitae
1800 2709 2030 2736 »inviolabiliter
2043 2708 2265 2735 observaturum.

1639 2800 1688 2825 125
1691 2800 1714 2829 7,
1729 2799 1847 2825 danum-ii
1860 2799 1883 2828 7,
1899 2799 2026 2825 Laterum.

534 2872 739 2906 Alexander
759 2874 953 2919 episcopus
975 2886 1102 2908 servus
1123 2887 1311 2908 servorum
1333 2875 1399 2907 Dei
1420 2874 1553 2907 dilecto
1572 2873 1646 2907 filio
1666 2900 1686 2906 ..
1705 2872 1921 2906 cancellario
1942 2872 2139 2906 Parisiensi
2159 2872 2311 2906 salutem

446 2945 481 2971 et
501 2938 733 2983 apostolicam
755 2939 1058 2973 benedictionem.
1083 2941 1181 2974 Licet
1202 2953 1269 2974 nos
1296 2941 1379 2973 olim
1403 2952 1468 2986 pro
1490 2940 1603 2974 studii
1622 2938 1840 2973 Parisiensis
1860 2938 2137 2972 conservatione
2157 2938 2310 2983 quedam

568 2997 608 3022 114·
