2580 3528
276 404 382 450 &8⁶01-
612 419 660 441 ΑΒ
695 419 805 441 Auno
839 418 919 442 nce
952 419 1085 447 usque
1119 418 1168 441 AD
1203 419 1433 442 raimerus
1471 420 1509 442 ιν
1545 421 1632 443 asc.
1670 422 1805 443 rimae.
2083 413 2148 446 579

275 499 359 526 ante
383 487 571 526 recessum
587 499 764 526 ‘nostrum
790 492 1001 538 hujusmodi
1022 490 1210 539 negotium
1232 493 1437 534 terminari;
1459 494 1736 528 considerantes
1757 495 1861 528 etiam
1890 502 1926 528 et
1951 495 2149 541 diligenter

272 558 502 593 attendentes
541 559 640 604 quod
672 568 719 592 vex
751 559 1045 593 dissentionibus
1084 558 1223 605 pridem
1259 559 1296 592 in
1331 560 1575 593 Universitate
1614 560 1775 606 predicta
1816 561 1963 594 inimico
2002 561 2147 596 homine

271 625 441 659 zizaniam
475 622 792 671 superseminante
827 625 990 660 subortis
1024 637 1097 660 non
1127 625 1246 660 solum
1275 626 1424 659 amissio
1454 626 1566 660 studii
1598 633 1633 660 et
1661 626 1730 660 alia
1759 627 1850 660 mala
1885 628 2146 673 quamplurima

270 688 468 738 graviaque
496 692 663 738 dampna,
694 704 819 726 verum
851 693 956 726 etiam
987 692 1150 733 vulnera,
1181 692 1429 726 mutilationes
1459 692 1719 735 membrorum,
1749 693 1859 727 cedes
1889 701 1925 727 et
1953 693 2146 728 homicidia

271 770 533 805 nonnunquam
567 759 674 793 etiam
708 760 938 805 frequentius
969 760 1224 806 contigerunt;
1259 760 1426 794 volentes
1461 772 1607 806 quoque
1642 761 1678 793 in
1715 767 1901 806 posterum
1937 760 2146 806 hujusmodi

271 825 446 871 periculis
475 832 512 860 et
545 826 750 872 dispendiis
784 838 848 872 per
882 826 1041 860 salubris
1075 827 1298 872 provisionis
1332 826 1479 860 obviare
1514 827 1714 860 remedium
1749 839 1788 860 ac
1823 827 1868 860 de
1903 827 2147 861 Universitate

272 892 408 938 presata
434 892 658 927 turbacionis
685 900 721 926 et
747 893 932 927 discordie
958 894 1171 939 cujusquam
1200 894 1383 927 materiam
1411 900 1597 939 amputare
1624 905 1631 927 ε
1662 901 1730 927 tam
1759 906 1801 927 ex
1829 894 2147 940 suppositionibus

271 958 481 1005 hujusmodi
502 966 679 1006 potestate
699 972 806 1006 quam
828 960 934 994 etiam
955 972 999 993 ex
1019 960 1138 994 officio
1160 967 1286 994 nostro
1308 972 1374 1006 pro
1395 959 1492 993 bono
1515 961 1613 1006 pacis
1634 972 1745 1006 super
1764 961 1913 1007 negotio
1936 961 2147 1006 hujusmodi

271 1026 513 1060 ordinandum
543 1026 712 1060 duximus
747 1033 783 1060 et
813 1027 918 1060 etiam
949 1027 1179 1060 statuendum
1210 1033 1248 1060 ut
1277 1027 1423 1072 quando
1452 1027 1637 1073 generalis
1671 1027 1875 1061 imminebit
1910 1028 2147 1074 congregatio

271 1093 447 1135 facienda,
469 1100 590 1126 rector
616 1105 682 1139 per
707 1105 747 1127 se
774 1093 893 1139 ipsum
915 1094 972 1127 vel
992 1105 1057 1140 per
1076 1093 1186 1127 alium
1208 1093 1421 1139 magistrum
1442 1100 1522 1127 actu
1544 1100 1731 1139 regentem
1757 1094 1920 1127 Parisius
1946 1094 1982 1127 in
2008 1093 2148 1128 artibus

271 1159 474 1201 denuntiet,
497 1160 528 1193 si
552 1160 710 1194 voluerit
734 1166 769 1194 et
791 1160 925 1194 viderit
943 1160 1130 1206 expedire,
1151 1159 1314 1206 alioquin
1335 1172 1400 1206 per
1420 1160 1584 1194 cedulam
1610 1160 1668 1194 vel
1694 1173 1759 1206 per
1783 1161 1999 1206 scripturam
2026 1161 2149 1206 aliquo

271 1226 380 1272 signo
414 1226 459 1260 de
493 1238 588 1260 novo
622 1227 714 1260 sacto
749 1227 793 1260 ad
823 1226 891 1260 hoc
920 1227 1128 1273 specialiter
1157 1227 1328 1272 deputato
1358 1227 1535 1273 signatam
1567 1234 1602 1261 et
1630 1226 1787 1260 clausam
1820 1239 1885 1273 per
1916 1227 2078 1273 aliquem·
2103 1227 2148 1261 de

271 1292 428 1326 bedellis
450 1292 706 1327 Uniirersitatis
727 1293 889 1338 predicte
905 1294 1037 1339 juratis
1059 1293 1307 1327 transmissam
1329 1293 1460 1327 dictam
1480 1294 1804 1339 congregationem
1826 1293 1951 1327 horam
1973 1301 2009 1328 et
2027 1294 2146 1328 locum

270 1365 307 1394 et
333 1358 507 1392 articulos
540 1370 652 1405 super
686 1359 821 1405 quibus
855 1359 925 1393 erit
959 1360 1037 1405 ipsa
1071 1359 1308 1405 congregatio
1343 1348 1818 1393 facienda'decretistarum
1854 1367 1890 1393 et
1923 1361 2146 1394 medicorum

269 1425 516 1472 predictorum
540 1425 648 1459 faciet
667 1425 881 1460 denunciari
902 1426 1063 1460 decanis.
1086 1427 1215 1459 Datum
1237 1426 1334 1471 apud
1354 1426 1554 1471 Dyvionem
1576 1426 1650 1471 xiiij
1678 1426 1747 1459 kal.
1769 1426 2005 1471 Novembris,
2028 1428 2149 1473 ponti-

270 1491 398 1526 ficatus
417 1492 555 1526 domini
576 1492 638 1526 N‘.
660 1504 751 1539 pape
772 1493 869 1526 tertii
889 1505 984 1527 anno
1005 1493 1182 1527 secundo.

362 1589 426 1614 Cod.
442 1589 500 1614 Vnt.
520 1590 584 1622 neg.
599 1591 655 1619 406,
671 1590 717 1614 sol.
739 1591 777 1614 ³0.
798 1590 867 1614 Bibl.
884 1590 1016 1623 Phillipps
1038 1591 1065 1615 in
1080 1591 1262 1619 Cheltaenham,
1277 1599 1326 1615 ms.
1343 1592 1398 1619 876,
1416 1590 1460 1615 t'ol.
1482 1591 1520 1614 38.
1537 1591 1640 1623 Ubique
1655 1591 1762 1614 ruhi-ica
1777 1599 1783 1614 z
1801 1599 1813 1614 α
1829 1591 1865 1614 De
1879 1592 1957 1614 modo
1972 1591 2147 1615 denuncio-adi

268 1634 376 1659 &ennio
386 1635 608 1667 congregationes
623 1635 760 1667 generale·
776 1644 798 1659 n.
815 1635 911 1660 chart.
925 1636 1027 1667 facult.
1042 1636 1150 1661 Decret-
1165 1636 1190 1659 in
1203 1636 1272 1660 Bibl.
1289 1637 1381 1660 Arsen.
1393 1635 1480 1660 Puris.
1500 1643 1548 1659 ms.
1565 1636 1636 1663 1121,
1658 1636 1702 1659 tol.
1719 1635 1774 1664 172,
1788 1635 1838 1659 sub
1853 1635 1960 1659 rubrica
1976 1643 1982 1659 2
2001 1644 2012 1659 α
2029 1635 2148 1660 Provisio

269 1679 392 1711 Symoni·
406 1678 488 1711 legati
501 1679 572 1703 cirea
589 1679 767 1703 admittendos
782 1679 815 1703 ud
831 1679 964 1704 licentiam
979 1680 1006 1704 in
1021 1679 1107 1704 tribus
1124 1680 1294 1704 facultatibus
1311 1680 1495 1712 superioribus
1511 1688 1532 1703 n.
1550 1694 1580 1698 —
1595 1680 1718 1707 Bulaeus,
1735 1680 1781 1708 111,
1797 1680 1854 1706 44⁵.

362 1763 386 1788 1.
401 1763 528 1796 Magistro
542 1763 672 1789 Gnufrido
691 1763 723 1788 de
738 1763 830 1788 Bai-ro.
850 1778 882 1782 —
895 1765 918 1788 2.
939 1764 1003 1788 cod.
1024 1765 1080 1788 Vnt.
1102 1765 1165 1796 Reg.
1189 1773 1194 1788 :
1216 1773 1228 1788 α
1245 1764 1368 1788 Servasio
1384 1772 1406 1787 w.
1423 1764 1483 1796 Ipse
1498 1764 1543 1796 qui
1558 1772 1600 1788 an.
1618 1764 1679 1788 1288
1689 1764 1745 1796 jum
1760 1764 1899 1788 defunctus
1914 1767 1979 1791 erat,
1996 1772 2047 1788 non
2067 1765 2147 1788 semel

269 1807 341 1842 apud
356 1807 467 1837 Geni-d,
484 1808 591 1834 cartul.
607 1809 642 1833 de
655 1807 858 1837 Notre-Dame,
874 1809 916 1837 IV,
933 1809 988 1839 245,
1004 1809 1164 1833 nominatur.
1179 1823 1211 1827 —
1226 1809 1248 1832 3.
1265 1809 1329 1833 Vide
1345 1817 1426 1840 supra
1442 1813 1471 1831 n⁰
1484 1809 1541 1833 490.
1558 1822 1588 1826 —
1602 1810 1626 1832 4.
1643 1808 1743 1832 Nicolai
1756 1809 1802 1832 ΠΙ.

267 1982 385 2022 494.
406 1991 560 2030 Philippu,
576 1994 628 2026 111,
646 1994 820 2020 Francorum
835 2002 895 2029 rex,
913 1993 1044 2020 concedit
1058 1998 1089 2020 ut
1106 1995 1205 2030 viginti
1220 1997 1345 2030 quatuor·
1358 1993 1507 2020 scholares
1522 1993 1701 2020 thesaurarii
1716 1994 1935 2029 Rotomagensis
1950 1993 2026 2020 duas
2046 1994 2146 2020 domos

357 2041 431 2078 iptio
445 2050 465 2068 a
475 2041 628 2078 praedicto
642 2041 826 2069 thesaurario
842 2042 969 2070 traditas
980 2044 1106 2080 pacifice
1117 2043 1299 2080 possideant.

1405 2093 1480 2122 1280,
1495 2100 1585 2118 monn
1599 2092 1728 2122 donuae-lo,
1745 2092 1858 2119 Parisiis.

358 2164 549 2212 Philippus
575 2166 643 2200 Dei
669 2167 784 2213 gratia
811 2168 1031 2201 Francorum
1054 2179 1127 2201 rex.
1150 2169 1281 2201 Notum
1302 2167 1454 2201 facimus
1474 2166 1657 2201 universis
1683 2173 1753 2200 tam
1779 2166 2013 2212 presentibus
2039 2179 2143 2212 quam

268 2230 401 2265 futuris
427 2231 540 2277 quod,
559 2244 641 2266 cum
662 2234 766 2279 juxta
797 2240 960 2267 tenorem
986 2234 1228 2268 ordinationis
1254 2240 1378 2268 nostre
1402 2233 1532 2280 viginti
1559 2240 1715 2279 quatuor
1740 2233 1901 2266 scolares
1930 2232 2143 2266 thesaurarii

269 2296 595 2344 Rothomagensis⁸
632 2299 826 2334 finaverint
857 2312 939 2334 cum
973 2301 1160 2347 preposito
1195 2307 1321 2335 nostro
1356 2300 1553 2334 Parisiensi
1587 2299 1796 2333 sinationem
1831 2299 2041 2344 hujusmodi
2077 2312 2142 2346 pro

269 2363 376 2398 nohis
401 2364 601 2411 recipiente
628 2377 740 2411 super
766 2365 908 2400 duabus
935 2366 1120 2408 domibus,
1149 2379 1239 2412 quas
1268 2367 1455 2413 predictus
1481 2366 1728 2400 thesaurarius
1757 2365 2061 2412 Rothomagensis
2088 2367 2142 2400 eis

267 2430 400 2464 intuitu
428 2430 571 2476 pietatis
598 2431 697 2466 dono
717 2431 851 2466 dieitur
869 2433 1116 2473 concessisse,
1138 2432 1208 2467 sibi
1229 2439 1265 2467 et
1284 2431 1564 2467 successoribus
1589 2432 1667 2466 suis
1692 2431 1896 2466 scolaribus
1923 2444 1988 2465 seu
2015 2432 2060 2466 ab
2088 2433 2142 2467 eis

267 2503 412 2526 causam
446 2492 666 2528 habentibus
695 2501 872 2540 perpetuo
903 2495 1119 2537 retinendis,
1150 2507 1302 2541 quarum
1335 2495 1507 2529 domuum
1539 2506 1609 2528 una
1638 2494 1705 2528 sita
1735 2500 1791 2528 est
1825 2494 1861 2527 in
1897 2506 2028 2540 magno
2062 2495 2141 2529 vico

268 2559 389 2593 Sancti
410 2559 544 2594 Cosme
566 2560 762 2603 parisiens.
784 2568 867 2595 ante
892 2561 1041 2596 domum
1063 2562 1227 2608 episcopi
1248 2561 1579 2602 Autisiodorensis,
1600 2560 1738 2595 faciens
1757 2572 1913 2594 cuneum
1940 2561 2010 2595 vici
2036 2562 2141 2595 Pore-

267 2631 381 2659 tarum
406 2637 516 2672 supra
539 2618 657 2661 vicum
682 2627 802 2661 Sancti
825 2628 958 2662 Cosme
984 2640 1027 2662 ex
1053 2640 1122 2663 una
1148 2635 1248 2674 parte
1271 2635 1307 2662 et
1329 2640 1373 2662 ex
1394 2628 1462 2662 alia
1486 2634 1585 2674 parte
1608 2627 1645 2660 in
1667 2627 1748 2661 vico
1771 2628 1980 2661 Poretarum
2004 2628 2141 2662 faciens

266 2702 422 2726 cuneum
450 2692 521 2727 vici
548 2694 779 2728 Latomorum
807 2693 852 2728 ab
878 2695 1059 2741 oppositis
1084 2695 1215 2730 domus
1236 2694 1430 2729 scolarium
1451 2693 1762 2734 Cluniacensium,
1790 2694 1961 2740 contigua
1988 2695 2140 2741 grangie

267 2757 460 2793 Guillermi
490 2759 625 2794 Olearii
655 2772 674 2794 a
702 2767 802 2807 parte
830 2761 900 2795 vici
931 2762 1051 2796 Sancti
1079 2762 1213 2797 Cosme
1242 2768 1278 2795 et
1306 2761 1430 2795 domui
1458 2760 1651 2795 Guillermi
1677 2760 1867 2806 Vigneron
1895 2773 1914 2794 a
1945 2767 2044 2807 parte
2071 2761 2139 2795 vici

267 2820 518 2868 Latomorum3
549 2826 618 2861 alia
649 2838 736 2861 vero
763 2827 895 2862 domus
922 2828 990 2863 sita
1010 2835 1067 2863 est
1086 2828 1254 2863 similiter
1273 2828 1434 2863 Parisius
1455 2828 1491 2861 in
1511 2827 1591 2861 vico
1611 2826 1757 2862 Cithare
1778 2827 1873 2861 inter
1892 2827 2039 2861 domum
2069 2839 2139 2874 que

267 2890 400 2926 dicitur
422 2892 467 2926 ad
492 2892 672 2928 Citharam
695 2906 738 2928 ex
759 2906 829 2928 una
851 2902 950 2941 parte
971 2902 1007 2929 et
1027 2895 1173 2930 domum
1195 2895 1373 2929 Thierrici
1395 2894 1559 2929 Frisonis
1579 2906 1623 2928 ex
1643 2893 1775 2928 altera'
1802 2906 1810 2927 :
1837 2906 1905 2927 nos
1930 2894 2137 2927 linationem

268 2957 464 3004 predictam
494 2966 602 2994 ratam
633 2967 669 2994 et
693 2968 830 3007 gratam
858 2961 1034 2996 habentes
1058 2962 1228 2996 volumus
1247 2969 1283 2996 et
1302 2961 1538 2996 concedimus
1559 2966 1730 3007 quantum
1758 2960 1793 2993 in
1820 2959 1926 3002 nobis
1951 2966 2019 3000 est,
2041 2960 2137 3005 quod
