2580 3528
510 414 576 447 630
1099 421 1416 443 CHARTULARIUM
1451 419 1641 442 UN!VERS.
1677 418 1806 440 PAms.
2291 409 2392 450 [1285

512 496 673 530 exaudiri
713 502 867 541 oportet.
908 496 997 529 Cum
1042 495 1154 540 igitur
1195 507 1237 527 ex
1278 494 1461 527 communi
1494 505 1562 526 usu
1593 492 1769 537 loquendi
1805 492 1858 525 illi
1898 492 2128 526 solummodo
2160 492 2390 538 appellentur

513 563 677 609 magistri
707 569 742 596 et
773 562 933 596 scolares
963 562 1202 603 parisienses,
1235 561 1296 606 qui
1327 560 1487 593 Parisius
1518 560 1612 592 circa
1643 559 1803 592 studium
1837 559 2087 605 principaliter
2116 566 2322 602 versantur,
2355 566 2391 593 et

514 629 762 675 principaliter
795 635 1065 669 conmorantur,
1102 628 1290 660 manifeste
1325 632 1474 672 apparet
1508 625 1606 671 quod
1640 625 1806 658 canonici
1840 626 2080 668 parisienses,
2117 626 2282 672 quamvis
2317 626 2391 660 sint

513 696 676 741 magistri
702 695 759 728 vel
785 695 959 736 scolares,
986 694 1054 727 sub
1080 693 1236 739 simplici
1262 692 1511 738 appellacione
1539 692 1799 737 magistrorum
1823 691 1881 726 vel
1907 692 2102 726 scolarium
2127 693 2386 727 Parisiensium

512 762 720 795 nullatenus
746 761 994 802 includuntur,
1020 772 1100 793 cum
1127 760 1197 805 ipsi
1223 772 1296 792 non
1321 765 1515 792 versentur
1541 758 1792 804 principaliter
1816 759 1911 792 circa
1938 759 2112 802 studium,
2138 771 2204 793 nec
2228 759 2390 794 Parisius

513 829 761 874 principaliter
799 840 905 860 causa
945 827 1055 860 studii
1095 833 1378 867 commorentur,
1417 826 1527 858 immo
1566 826 1695 871 pocius
1734 832 1773 859 ut
1809 838 1874 860 sue
1913 826 2069 860 ecclesie
2108 827 2318 860 deserviant
2351 833 2391 860 ut

514 901 693 928 tenentur.
720 896 764 927 Et
793 894 823 927 si
854 894 1014 926 Parisius
1040 893 1179 926 nullum
1207 899 1306 926 esset
1335 893 1481 938 penitus
1512 892 1686 935 studium,
1718 892 1768 925 ibi
1798 892 2059 927 nichilominus
2089 900 2331 935 morarentur,
2355 899 2391 927 et

513 968 659 1006 propter
689 961 756 993 hoc
787 960 1029 993 communiter
1058 960 1286 1005 appellantur
1310 960 1476 993 canonici
1502 960 1743 1002 Parisienses,
1771 966 1807 993 et
1831 972 1905 993 non
1931 960 2095 1006 magistri
2125 960 2184 994 vel
2213 960 2387 995 scolares.

513 1030 556 1061 Et
577 1028 725 1068 meri103
756 1039 835 1060 nam
863 1027 950 1059 dicit
977 1027 1033 1059 lex
1062 1026 1106 1059 de
1134 1026 1196 1059 illo
1226 1027 1287 1071 qui
1315 1026 1477 1060 deservit
1506 1026 1651 1060 duobus
1681 1026 1810 1060 officiis
1839 1039 1904 1060 seu
1932 1027 2107 1069 artificiis,
2135 1027 2233 1073 quod
2263 1027 2391 1061 artifex

511 1094 609 1127 illius
633 1094 739 1127 officii
763 1106 828 1126 seu
852 1093 993 1126 artificii
1017 1100 1072 1126 est
1094 1093 1316 1135 censendus⁷
1341 1094 1378 1126 in
1402 1106 1474 1138 quo
1495 1094 1731 1139 frequencius
1752 1100 1924 1139 operatur
1944 1100 1980 1127 et
1999 1094 2094 1127 circa
2115 1094 2214 1139 quod
2235 1093 2391 1128 intendit

511 1161 747 1206 principalius
778 1167 813 1193 et
841 1167 1019 1201 versatur,
1051 1160 1121 1193 alio
1152 1160 1271 1193 officio
1302 1172 1367 1194 seu
1398 1160 1550 1194 artificio
1581 1173 1654 1193 non
1684 1161 1862 1206 inspecto.
1891 1162 1943 1195 Ex
1972 1173 2044 1207 quo
2075 1162 2181 1195 etiam
2211 1161 2392 1208 contingit

509 1227 606 1272 quod
635 1227 665 1260 si
695 1227 826 1271 aliquis
853 1227 1050 1260 canonicus
1076 1227 1294 1260 Parisiensis
1319 1227 1449 1260 habeat
1474 1227 1572 1260 aliud
1595 1227 1828 1270 beneficium,
1855 1228 1954 1273 quod
1984 1228 2105 1273 exigat
2133 1228 2388 1271 residenciam,

508 1294 613 1338 cujus
652 1294 791 1326 fructus
830 1293 962 1326 lucrari
995 1294 1112 1339 possit
1144 1294 1340 1327 residendo
1373 1294 1410 1326 in
1447 1294 1559 1327 scolis
1592 1306 1598 1326 :
1626 1294 1712 1327 licet
1743 1294 1902 1328 resideat
1933 1295 2108 1336 parisius,
2142 1301 2178 1328 et
2206 1294 2254 1328 sit
2283 1294 2389 1328 etiam

510 1360 682 1405 magister
710 1360 768 1393 vel
798 1360 962 1401 scolaris,
994 1361 1133 1393 fructus
1164 1367 1283 1393 tamen
1313 1360 1412 1394 illius
1442 1360 1612 1394 beneficii
1643 1368 1792 1406 propter
1821 1361 1890 1394 hoc
1920 1373 1994 1394 non
2023 1361 2197 1403 lucratur,
2228 1361 2312 1407 quia
2341 1360 2389 1394 ob

509 1426 606 1459 aliud
632 1426 682 1459 ibi
708 1427 840 1459 morari
867 1427 1105 1472 intelligatur,
1130 1427 1224 1460 circa
1248 1425 1346 1472 quod
1368 1428 1604 1473 frequencius
1628 1434 1663 1461 et
1683 1428 1922 1473 principalius
1946 1435 2001 1461 est
2020 1428 2196 1470 intentus,
2217 1427 2390 1462 videlicet

509 1493 591 1538 quia
615 1500 671 1526 est
698 1493 895 1526 canonicus
919 1494 1138 1527 Parisiensis
1166 1501 1202 1527 et
1228 1494 1322 1527 circa
1355 1494 1545 1527 ecclesiam
1578 1495 1822 1528 Parisiensem
1855 1501 1890 1528 et
1915 1495 2031 1528 ossicia
2061 1495 2226 1540 ejusdem
2255 1495 2391 1540 princi-

510 1560 626 1604 palius
652 1566 687 1592 et
711 1560 945 1605 frequencius
968 1561 1124 1594 intendit
1143 1573 1183 1594 ac
1204 1568 1381 1594 versatur.
1408 1562 1450 1594 Et
1469 1561 1516 1594 ita
1537 1561 1806 1602 [de1termiuant
1826 1561 1996 1595 doctores
2022 1562 2059 1594 in
2083 1561 2188 1607 glosa
2209 1561 2390 1595 ordinaria

509 1626 554 1659 de
585 1626 661 1667 illo,
694 1627 755 1671 qui
787 1627 889 1660 abest
919 1640 1025 1660 causa
1057 1627 1277 1673 reipublice'
1312 1634 1349 1661 et
1379 1635 1528 1673 propter
1553 1628 1672 1673 aliqua
1699 1641 1763 1662 sua
1784 1629 1938 1674 negocia
1961 1628 2161 1674 singularia
2186 1635 2222 1662 et
2242 1629 2391 1674 privata,

509 1693 680 1726 videlicet
711 1694 809 1738 quod
838 1693 967 1727 abesse
998 1707 1106 1727 causa
1136 1694 1337 1740 reipublice
1369 1707 1441 1728 non
1471 1695 1628 1737 videtur,
1660 1696 1691 1728 si
1722 1695 1768 1729 ob
1805 1707 1949 1729 causam
1986 1695 2042 1729 sui
2079 1695 2208 1741 privati
2245 1695 2391 1741 negocii

510 1771 573 1793 seu
601 1761 781 1793 commodi
807 1760 936 1794 abesse
958 1762 1196 1807 principalius
1222 1762 1445 1795 intendebat.

598 1827 686 1859 Item
717 1827 748 1859 si
778 1827 972 1869 diceretur,
1005 1828 1103 1873 quod
1140 1829 1305 1861 canonici
1336 1829 1562 1862 Parisienses
1600 1841 1665 1862 seu
1697 1829 1802 1862 etiam
1832 1829 1893 1862 alii
1925 1829 1969 1862 de
2002 1829 2142 1875 gremio
2171 1829 2390 1864 Parisiensis

509 1892 664 1925 ecclesie
690 1893 734 1925 ad
759 1893 1073 1927 contribucionem
1101 1895 1300 1940 predictam
1326 1902 1551 1938 tenerentur,
1579 1908 1622 1929 ex
1646 1896 1714 1929 hoc
1741 1902 1959 1941 sequeretur
1988 1896 2253 1929 inconveniens
2282 1895 2388 1930 valde

510 1971 693 2003 magnum.
726 1961 813 1992 Nam
844 1967 981 1993 certum
1013 1967 1081 2002 est,
1113 1962 1328 2007 quodsepe
1360 1963 1481 1995 evenit
1511 1969 1546 1996 et
1575 1963 1721 1996 evenire
1752 1969 1873 2008 potest
1897 1961 2130 2008 exigentibus
2155 1962 2303 1995 casibus
2327 1962 2389 2008 qui

511 2032 703 2069 emergunt
724 2033 759 2059 et
780 2038 967 2072 emergere
990 2035 1158 2072 possunt,
1175 2029 1273 2073 quod
1295 2029 1522 2062 Universitas
1543 2029 1762 2062 Parisiensis
1781 2029 1891 2062 habet
1911 2036 1946 2062 et
1965 2028 2099 2062 habere
2120 2035 2242 2074 potest
2260 2041 2389 2063 causas

511 2098 547 2124 et
569 2092 721 2136 negocia
744 2099 868 2125 contra
892 2093 1133 2126 Parisiensem
1158 2094 1347 2128 ecclesiam
1371 2102 1406 2128 et
1425 2102 1549 2129 contra
1571 2096 1758 2128 dominum
1779 2096 1893 2129 Paris.
1917 2096 2129 2142 episcopum
2151 2108 2190 2129 ac
2211 2107 2388 2141 personas

512 2158 675 2201 ejusdem
709 2158 878 2200 ecclesie,
916 2166 1041 2204 utpote
1078 2160 1385 2203 archidiaconum,
1422 2162 1678 2195 cancellarium
1714 2169 1749 2195 et
1782 2162 1874 2195 alios
1909 2175 2002 2207 quos
2036 2175 2110 2196 non
2144 2169 2289 2208 oportet
2323 2174 2390 2209 per

511 2224 655 2269 singula
685 2237 890 2267 numerare,
921 2233 1045 2259 contra
1075 2239 1182 2271 quem
1209 2228 1320 2260 eciam
1347 2228 1601 2262 cancellarium
1628 2241 1693 2274 pro
1720 2229 1935 2262 defensione
1957 2229 2093 2275 jurium
2122 2236 2158 2263 et
2180 2229 2387 2263 libertatum

510 2290 665 2324 ecclesie
697 2292 914 2325 Parisiensis
949 2299 985 2325 et
1019 2293 1127 2326 officii
1158 2294 1215 2327 sui
1244 2294 1353 2328 habet
1382 2295 1476 2328 dicta
1506 2296 1735 2329 Universitas
1769 2308 1914 2330 causam
1950 2297 1987 2329 in
2020 2297 2183 2342 presenti
2214 2297 2255 2330 in
2288 2296 2388 2330 curia

511 2358 702 2399 Romana',
735 2358 926 2392 occasione
957 2360 1061 2404 cujus
1091 2372 1199 2393 cause
1230 2361 1356 2394 eadem
1387 2362 1616 2396 Universitas
1646 2363 1776 2397 multas
1807 2363 1892 2396 fecit
1921 2375 2112 2409 expensas,
2141 2364 2237 2397 etin
2266 2364 2387 2398 causis

510 2424 763 2457 consimilibus
791 2425 821 2458 si
844 2424 995 2459 haberet
1017 2438 1078 2459 eas
1103 2427 1222 2460 facere
1246 2435 1433 2473 oporteret
1455 2440 1462 2461 :
1487 2429 1524 2461 in
1551 2429 1685 2474 quibus
1711 2429 1881 2463 omnibus
1907 2430 1994 2463 dicti
2019 2430 2185 2463 canonici
2205 2436 2242 2463 et
2260 2430 2321 2463 alii
2341 2430 2386 2463 de

510 2490 664 2523 ecclesia
687 2491 883 2524 Parisiensi
907 2492 1068 2537 predicta
1092 2500 1304 2527 tenerentur
1327 2495 1573 2537 contribuere,
1599 2497 1790 2541 supposito
1815 2497 1913 2542 quod
1938 2497 1983 2530 ad
2007 2496 2316 2530 contributionem
2340 2496 2386 2530 de

511 2567 579 2600 qua
606 2557 649 2589 ad
675 2569 828 2601 presens
853 2558 973 2603 agitur
996 2566 1220 2601 tenerentur⁷
1248 2573 1329 2594 cum
1357 2562 1575 2607 rescriptum
1598 2563 1802 2608 predictum
1829 2563 2044 2608 simpliciter
2069 2569 2105 2596 et
2129 2563 2209 2596 sine
2235 2563 2387 2596 distinc-

512 2622 609 2654 tione
644 2623 701 2655 vel
731 2624 945 2668 exceptione
974 2625 1093 2670 aliqua
1127 2626 1297 2671 loquatur
1327 2628 1371 2660 de
1402 2629 1586 2673 expensis,
1619 2641 1708 2674 quas
1739 2641 1805 2674 pro
1837 2630 2094 2663 Universitatis
2123 2629 2290 2675 negociis
2319 2641 2385 2662 seu

510 2689 711 2721 commodis
737 2689 919 2723 interdum
943 2691 1021 2724 sieri
1045 2693 1237 2738 contingit,
1269 2700 1304 2726 et
1326 2694 1378 2727 sic
1402 2701 1615 2728 tenerentur
1640 2695 1874 2729 contribuere
1897 2695 1933 2728 in
1957 2696 2128 2741 expensis
2151 2695 2195 2728 ab
2218 2707 2265 2728 ea*
2281 2695 2386 2729 sactis

511 2760 546 2786 et
571 2754 747 2787 faciendis
773 2762 896 2789 contra
919 2768 958 2789 se
982 2764 1017 2790 et
1039 2758 1230 2792 ecclesiam
1255 2772 1355 2793 suam
1379 2773 1417 2794 ac
1437 2762 1520 2806 jura
1543 2768 1579 2794 et
1603 2761 1790 2795 libertates
1813 2762 1991 2807 ejusdem,
2016 2761 2114 2806 quod
2137 2749 2237 2795 esset
2260 2768 2384 2795 contra

510 2821 568 2864 jus
598 2827 632 2853 et
658 2827 781 2854 contra
807 2822 1049 2856 omnimodam
1077 2825 1272 2858 racionem.
1300 2828 1373 2860 Nec
1400 2834 1456 2860 est
1480 2828 1674 2861 dicendum
1701 2840 1767 2861 seu
1790 2828 1935 2861 racione
1957 2827 2077 2873 aliqua
2098 2828 2383 2873 presumendum

511 2887 608 2930 quod
630 2887 800 2920 dominus
822 2900 923 2933 papa,
947 2890 1007 2933 qui
1028 2890 1106 2923 vult
1125 2892 1322 2937 unicuique
1344 2905 1409 2926 sua
1424 2895 1507 2938 jura
1528 2894 1665 2927 illibata
1686 2894 1836 2936 servari,
1858 2894 2016 2928 voluerit
2035 2906 2100 2927 eos
2121 2901 2245 2928 contra
2264 2896 2327 2940 jus
2348 2901 2385 2929 et

512 2953 691 2986 racionem
714 2966 778 2998 per
798 2954 931 2987 dictum
954 2956 1171 3001 rescriptum
1192 2958 1236 2990 ad
1257 2959 1339 2991 talia
1360 2959 1543 3005 obligare;
1566 2961 1741 3005 quicquid
1761 2961 1857 2994 enim
1879 2961 2050 3006 princeps
2075 2973 2140 3006 per
2164 2961 2382 3007 rescriptum
