2580 3528
452 390 519 422 436
1034 401 1355 424 CHARTULARIUM
1390 402 1582 424 UNivssns.
1619 401 1749 423 PAats.
2231 389 2332 434 [1263

453 486 658 519 quanquam
685 486 840 520 operosa
860 476 1072 520 frequenter
1092 476 1324 521 negotiorum
1346 476 1450 509 turba
1471 487 1539 509 nos
1561 475 1748 517 distrahat,
1771 482 1807 508 et
1826 474 1944 509 civilis
1965 474 2036 508 sibi
2057 474 2148 508 ratio
2163 474 2334 508 vendicet
2384 483 2388 487 ’

453 541 714 575 sollicitudinis
742 548 867 575 nostre
892 549 1027 587 partes,
1054 543 1233 588 quidquid
1262 549 1383 576 tamen
1412 543 1588 588 temporis
1616 542 1661 575 de
1689 554 1810 575 rerum
1836 541 2066 575 familiarium
2094 541 2332 587 occupatione

453 608 699 654 decerpimus,
726 609 881 642 transire
909 621 982 642 non
1010 609 1166 654 patimur
1194 609 1364 651 otiosum,
1395 609 1460 642 sed
1488 615 1602 642 totum
1630 609 1668 641 in
1695 608 1864 642 lectionis
1891 608 2150 642 exercitatione
2178 607 2333 654 gratuita

453 675 611 708 libenter
636 675 888 720 expendimus,
912 682 1025 708 totum
1053 675 1311 721 intelligentie,
1338 682 1378 708 ut
1401 675 1536 708 clarius
1561 675 1696 720 vigeat,
1721 675 2003 709 instrumentum
2029 675 2067 708 in
2091 674 2334 720 acquisitione

453 741 620 783 scientie,
643 741 722 774 sine
749 753 818 786 qua
846 741 1051 774 mortalium
1078 741 1150 775 vita
1175 753 1248 774 non
1274 741 1429 786 regitur,
1455 740 1656 774 liberaliter
1681 752 1888 786 erogamus.
1915 742 2008 774 Dum
2035 740 2213 774 librorum
2243 752 2333 786 ergo

452 808 650 849 volumina,
681 820 835 853 quorum
862 808 1056 841 multifarie
1083 807 1280 852 multisque
1302 807 1422 841 modis
1443 807 1613 840 distincta
1638 807 1863 853 cyrographa
1888 808 2101 842 diviciarum
2126 814 2334 841 nostrarum

453 875 603 908 armaria
629 874 864 920 locupletant,
887 874 1014 907 sedula
1035 874 1270 907 meditatione
1292 874 1528 916 revolvimus,
1551 881 1587 907 et
1606 881 1770 907 accurata
1791 874 2097 920 contemplatione
2122 886 2333 920 pensamus,

453 941 730 986 compilationes
759 941 871 982 varie,
900 952 970 985 que
998 940 1042 973 ab
1068 940 1267 974 Aristotele
1292 940 1447 986 aliisque
1475 940 1706 986 philosophis
1731 940 1800 974 sub
1825 941 1947 986 grecis
1971 940 2200 986 arabicisque
2228 952 2336 975 voca-

453 1008 551 1040 bulis
584 1008 783 1052 antiquitus
817 1008 926 1049 edite,
963 1008 1000 1040 in
1035 1007 1341 1040 sermocinalibus
1370 1014 1407 1040 et
1440 1007 1701 1041 mathematicis
1731 1007 1938 1053 disciplinis
1967 1008 2105 1041 nostris
2139 1007 2334 1053 aliquando

454 1074 626 1108 sensibus
669 1080 920 1113 occurrerunt,
967 1086 1056 1119 quas
1102 1074 1220 1107 adhuc
1266 1074 1502 1120 originalium
1547 1075 1747 1108 dictionum
1792 1075 2021 1108 ordinatione
2066 1081 2255 1109 consertas
2299 1080 2336 1108 et

453 1147 676 1175 vetustarum
710 1141 879 1181 vestium,
916 1152 1005 1185 quas
1040 1141 1073 1173 ei
1107 1147 1184 1174 etas
1218 1141 1333 1186 prima
1363 1148 1585 1183 contexerat,
1617 1142 1845 1187 operimento
1875 1148 2060 1175 contectas
2088 1141 2146 1175 vel
2175 1140 2335 1175 hominis

454 1208 618 1240 desectus
644 1214 704 1240 aut
730 1207 852 1252 operis
878 1207 921 1240 ad
947 1207 1056 1240 latine
1078 1207 1204 1253 lingue
1226 1208 1390 1241 notitiam
1413 1220 1487 1241 non
1515 1208 1696 1254 perduxit.
1718 1208 1896 1243 Volentes
1919 1209 2044 1254 igitur,
2072 1215 2112 1242 ut
2134 1208 2335 1242 reverenda

454 1281 633 1307 tantorum
670 1286 820 1319 operum
857 1274 986 1307 senilis
1020 1275 1217 1308 auctoritas
1251 1275 1347 1320 apud
1384 1287 1452 1308 nos
1487 1287 1561 1308 non
1595 1275 1734 1321 absque
1768 1275 1964 1309 multorum
1999 1275 2201 1310 commodis
2233 1275 2336 1310 vocis

454 1353 592 1386 organo
620 1341 811 1374 traducere
836 1341 1066 1385 juvenescat,
1093 1353 1134 1374 ea
1160 1353 1225 1387 per
1249 1342 1349 1375 viros
1377 1341 1515 1376 electos
1539 1349 1575 1376 et
1599 1342 1791 1388 utriusque
1816 1342 1943 1388 lingue
1968 1342 2172 1388 prolatione
2197 1342 2336 1388 peritos

454 1408 631 1441 instanter
660 1407 830 1441 duximus
850 1407 1045 1441 verborum
1067 1407 1226 1442 fideliter
1247 1415 1387 1442 servata
1406 1409 1615 1455 virginitate
1641 1410 1843 1443 transferri.
1872 1410 1964 1453 Quia
1988 1421 2076 1443 vero
2102 1409 2335 1443 scientiarum

453 1486 633 1520 generosa
662 1475 851 1520 possessio
881 1475 918 1507 in
948 1474 1074 1520 plures
1103 1487 1229 1521 sparsa
1257 1487 1332 1509 non
1361 1476 1516 1522 deperit,
1547 1483 1583 1510 et
1611 1476 1805 1510 distributa
1838 1489 1904 1522 per
1932 1483 2053 1522 partes
2083 1474 2336 1510 minorationis

454 1541 669 1574 detrimenta
700 1553 773 1574 non
803 1541 926 1583 sentit,
958 1541 1023 1574 sed
1054 1554 1097 1574 eo
1128 1542 1297 1576 diurnius
1328 1549 1540 1588 perpetuata
1565 1543 1738 1586 senescit,
1765 1555 1837 1589 quo
1863 1542 2044 1589 publicata
2072 1543 2267 1577 fecundius
2296 1554 2336 1577 se

455 1608 638 1649 diffundit,
676 1608 785 1653 hujus
820 1608 937 1641 celare
972 1608 1110 1642 laboris
1149 1609 1394 1643 emolumenta
1431 1610 1631 1652 noluimus,
1661 1622 1728 1644 nec
1758 1610 2010 1644 extimavimus
2041 1609 2149 1643 nobis
2183 1609 2336 1644 eandem

456 1675 613 1708 retinere
644 1675 859 1720 jocundum,
891 1675 963 1708 nisi
994 1675 1082 1708 tanti
1112 1675 1200 1709 boni
1230 1676 1424 1710 nobiscum
1455 1676 1547 1711 alios
1577 1677 1773 1723 participes
1802 1678 2017 1711 faceremus.
2049 1677 2336 1711 Considerantes

454 1748 716 1783 verumtamen,
752 1754 907 1786 quorum
946 1742 1207 1788 conspectibus
1242 1755 1473 1789 quorumque
1507 1744 1660 1789 judiciis
1694 1744 1817 1790 operis
1855 1744 1950 1790 cepti
1989 1743 2147 1790 primitie
2185 1749 2339 1789 possent

455 1809 645 1842 decentius
671 1809 849 1854 deputari,
873 1821 957 1842 ecce
978 1809 1084 1843 vobis
1105 1810 1296 1855 potissime
1316 1810 1418 1844 velut
1438 1810 1671 1857 philosophie
1692 1811 1868 1857 preclaris
1888 1811 2084 1857 alumpnis,
2111 1811 2156 1844 de
2181 1821 2336 1856 quorum

456 1875 666 1921 pectoribus
696 1876 943 1921 promptuaria
972 1876 1079 1922 plena
1109 1877 1239 1919 ssuunt,
1267 1877 1384 1911 libros
1409 1877 1566 1923 aliquos,
1593 1890 1687 1923 quos
1711 1878 1897 1912 curiosum
1927 1878 1965 1911 in
1995 1877 2155 1911 studium
2184 1876 2338 1911 transla-

456 1949 574 1975 torum
603 1949 638 1975 et
664 1942 788 1988 lingua
811 1944 885 1988 jam
912 1944 1030 1988 potuit
1050 1943 1170 1977 fidelis
1191 1944 1389 1986 instruere,
1411 1945 1580 1978 consulto
1606 1945 1834 1991 providimus
1861 1945 2102 1991 deputandos.
2123 1946 2200 1979 Vos
2224 1944 2339 1990 igitur

456 2009 525 2042 viri
551 2009 660 2051 docti,
682 2009 743 2054 qui
770 2009 814 2042 de
840 2010 1011 2043 cisternis
1031 2010 1219 2044 veteribus
1240 2022 1351 2056 aquas
1372 2023 1485 2045 novas
1505 2012 1706 2057 prudenter
1726 2012 1893 2054 educitis,
1917 2011 1979 2057 qui
2004 2011 2140 2045 fluenta
2164 2010 2339 2044 melliflua

458 2075 666 2109 sitientibus
687 2076 794 2109 labiis
815 2077 1031 2122 propinatis,
1052 2077 1169 2111 libros
1190 2078 1291 2123 ipsos
1312 2085 1480 2123 tanquam
1503 2078 1608 2112 amici
1628 2079 1728 2124 regis
1748 2079 1943 2112 enxenium
1964 2085 2149 2124 gratanter
2169 2077 2336 2124 excipite,

458 2149 493 2175 et
531 2143 632 2188 ipsos
671 2143 840 2188 antiquos
880 2143 1183 2189 philosophorum
1223 2144 1411 2190 operibus,
1453 2145 1514 2190 qui
1552 2145 1654 2179 vocis
1687 2152 1810 2180 vestre
1847 2145 2063 2179 ministeriis
2101 2144 2338 2187 reviviscunt,

459 2222 687 2254 quorumque
712 2211 859 2243 nutritis
884 2211 1027 2252 samam,
1054 2211 1139 2244 dum
1165 2211 1333 2257 dogmata
1360 2212 1524 2246 sternitis
1550 2213 1734 2258 sapienter
1759 2219 1799 2246 ut
1823 2213 1982 2258 expedit,
2008 2219 2044 2246 et
2069 2217 2339 2258 congregantes

460 2288 523 2309 eos
551 2277 587 2308 in
613 2276 794 2310 auditorio
818 2284 954 2319 vestro,
978 2278 1015 2310 in
1036 2290 1108 2323 quo
1129 2278 1302 2312 virtutum
1324 2290 1436 2324 grana
1457 2279 1688 2322 fructificant,
1710 2280 1848 2313 erroris
1874 2279 2006 2326 rubigo
2032 2278 2273 2320 consumitur,
2304 2284 2341 2312 et

460 2343 604 2376 latentis
630 2344 809 2388 scripture
834 2345 968 2377 veritas
993 2345 1168 2390 aperitur,
1191 2352 1264 2379 tum
1292 2346 1470 2379 mittentis
1495 2347 1617 2380 favore
1641 2346 1853 2380 commoniti
1878 2353 1953 2380 tum
1980 2346 2086 2379 etiam
2111 2345 2199 2379 clari
2225 2351 2338 2379 trans-

461 2409 563 2442 missi
589 2410 711 2454 opcris
737 2410 876 2443 meritis
903 2411 1069 2456 persuasi
1090 2411 1135 2444 ad
1157 2424 1385 2446 communem
1409 2412 1598 2446 utilitatem
1622 2413 1847 2447 studentium
1869 2419 1904 2446 et
1924 2412 2076 2446 evidens
2100 2412 2193 2445 fame
2217 2417 2339 2445 vestre

462 2476 673 2520 preconium
698 2476 904 2521 publicetis.

555 2573 623 2596 Bihl.
640 2577 693 2596 nati
710 2574 804 2602 Paris„
826 2583 874 2598 ms.
892 2575 937 2598 lat.
953 2576 1022 2603 8587,
1040 2576 1083 2599 sol.
1101 2576 1171 2604 104b,
1188 2584 1219 2600 ex
1234 2585 1285 2608 quo
1301 2577 1454 2609 imperfecte
1472 2578 1543 2609 apud
1557 2578 1800 2607 Martem-Dumna,
1817 2578 1910 2609 Ampl.
1927 2577 1999 2606 coll„
2017 2577 2049 2606 11,
2067 2577 2136 2600 1220.
2149 2577 2187 2600 Ad
2201 2576 2266 2600 haec
2278 2575 2338 2600 vide

462 2617 685 2646 Bbbmerffiicker,
703 2618 819 2649 Hegesia
834 2619 962 2650 Imperii,
980 2621 1008 2649 V,
1026 2625 1055 2643 n⁰
1069 2622 1140 2644 4750.

1264 2674 1275 2695 θ

557 2701 579 2724 1.
598 2701 712 2724 Verbum
728 2702 776 2725 hoc
791 2703 946 2734 compendio
962 2704 987 2727 in
1001 2713 1050 2728 ms.
1074 2705 1200 2729 scribitur
1218 2715 1230 2730 (ι
1245 2696 1323 2738 Ρῖἰοε
1339 2714 1363 2735 r,
1387 2708 1456 2739 quod
1478 2707 1521 2731 hic
1543 2716 1554 2730 ι(
1574 2707 1758 2739 philosophice
1774 2715 1796 2736 ι),
1812 2715 1863 2731 non
1885 2715 1897 2730 α
1912 2706 2021 2738 physice
2039 2714 2051 2730 »
2074 2708 2103 2729 ut
2122 2705 2193 2737 apud
2213 2705 2338 2734 Marthae,

462 2745 516 2776 legi
531 2745 615 2768 debet.
