2580 3528
288 428 386 470 1220]
630 438 677 460 ΑΒ
710 437 816 460 Auno
850 436 928 460 mcc
961 416 1095 465 usque
1128 436 1177 458 An
1212 435 1441 458 PHILIPPUM
1477 436 1516 457 iv
1551 435 1640 458 mic.
1677 436 1814 458 ΝΛΜ.
2115 427 2160 461 95

285 567 364 605 36.
386 576 531 603 Honorius
554 578 603 603 ΙΙΙ
625 575 731 603 laudat
758 575 912 611 magistros
941 579 969 601 et
995 574 1143 601 scholares
1166 574 1349 601 Parisienses
1373 573 1408 600 ob
1432 582 1528 600 eorum
1552 575 1687 609 affectum
1712 582 1781 609 erga
1805 575 1914 608 fratres
1937 574 2159 602 Praedicator-es

370 631 498 658 Parisiis
512 631 542 658 in
555 640 643 658 sacra
654 631 768 668 pagina
782 631 940 666 studentes,
958 631 1057 667 eisque
1069 630 1237 667 praedictos
1251 631 1361 664 fratres
1376 630 1479 656 iterum
1494 629 1682 656 commendat.

1472 733 1546 763 1220,
1561 732 1695 759 Februarii
1703 733 1748 762 27,
1766 732 1874 759 ruet-bit:

372 822 556 856 Honorius
582 822 779 868 episcopus
807 834 937 856 servus
964 830 1154 855 servorum
1179 821 1246 854 Dei
1274 821 1418 854 dilectis
1450 820 1536 854 filiis
1563 821 1747 854 universis
1773 820 1958 866 magistris
1984 827 2020 854 et
2043 820 2159 854 scola-

282 887 384 922 ribus
408 889 570 923 Parisius
596 888 907 922 commorantibus
933 887 1087 922 salutem
1109 894 1145 921 et
1170 887 1406 934 apostolicam
1427 887 1734 921 benedictionem.
1762 887 1913 921 Gratum
1940 887 2103 934 gerimus
2124 894 2160 921 et

280 962 481 1002 acceptum,
515 955 615 1001 quod
649 955 744 989 sicut
775 956 983 1001 accepimus
1017 955 1172 989 dilectos
1206 954 1303 988 filios
1336 955 1466 988 fratres
1501 955 1642 988 ordinis
1680 954 1951 988 Predicatorum
1987 954 2024 987 in
2058 966 2158 988 sacra

280 1022 412 1068 pagina
431 1022 623 1056 studentes
649 1022 746 1068 apud
771 1022 934 1056 Parisius
958 1021 1136 1055 habentes
1156 1022 1194 1055 in
1213 1021 1419 1055 visceribus
1442 1022 1601 1055 caritatis
1627 1033 1692 1055 eos
1716 1028 1838 1055 vestre
1860 1021 2005 1067 pietatis
2028 1021 2158 1054 officiis

279 1088 511 1123 laudabiliter
534 1089 750 1131 confovetis,
776 1101 842 1135 per
864 1089 963 1134 quod
994 1095 1136 1134 gratum
1167 1090 1244 1122 Deo
1274 1100 1340 1122 vos
1371 1095 1534 1134 prestare
1566 1088 1783 1134 obsequium
1813 1088 2042 1130 arbitramur,
2074 1088 2157 1133 quia

278 1167 359 1190 cum
383 1155 479 1190 bona
505 1156 751 1190 ecclesiastiea
779 1156 849 1190 soli
877 1156 1034 1189 Domino
1061 1156 1135 1189 sint
1154 1156 1323 1201 ascripta,
1344 1155 1403 1190 vix
1429 1167 1586 1201 unquam
1609 1162 1766 1201 possunt
1785 1154 1986 1188 officiosius
2008 1154 2158 1200 dispen-

278 1223 365 1265 sari,
382 1235 488 1269 quam
509 1235 591 1257 cum
612 1223 666 1257 eis
682 1223 814 1257 exinde
834 1223 1122 1257 misericorditer
1138 1222 1368 1264 subvenitur,
1385 1223 1447 1268 qui
1465 1222 1617 1256 salutem
1635 1222 1822 1255 hominum
1840 1222 2007 1255 sitientes
2022 1222 2067 1255 ad
2087 1221 2155 1255 hoc

277 1290 398 1324 aurire
426 1290 591 1336 gestiunt
620 1301 748 1335 aquam
779 1290 817 1323 in
846 1290 980 1335 gaudio
1011 1289 1055 1322 de
1085 1289 1248 1323 fontibus
1275 1289 1485 1331 Salvatoris,
1511 1296 1551 1322 ut
1575 1301 1652 1322 eam
1679 1289 1842 1323 dividant
1866 1289 1903 1321 in
1926 1288 2057 1334 plateis
2081 1300 2154 1322 non

277 1356 395 1390 solum
421 1356 466 1390 ad
490 1356 724 1390 resectionem
751 1357 951 1390 sitientium
982 1356 1197 1397 animarum,
1223 1367 1350 1390 verum
1378 1356 1484 1389 etiam
1510 1356 1555 1389 ad
1582 1356 1758 1389 mentium
1782 1355 2042 1389 infirmantium
2063 1355 2154 1389 anti-

276 1422 400 1457 dotum
422 1423 591 1457 salutare.
614 1424 663 1457 Ut
682 1423 796 1469 igitur
819 1423 1003 1457 sincerum
1029 1423 1211 1464 affectum,
1233 1434 1340 1468 quem
1362 1423 1406 1456 ad
1427 1422 1613 1468 predictos
1637 1423 1768 1456 fratres
1791 1422 1982 1463 habemus,
2008 1422 2154 1467 plenius

275 1490 522 1536 cognoscatis,
556 1490 830 1524 universitatem
870 1496 1026 1523 vestram
1072 1489 1270 1535 rogandam
1310 1489 1481 1523 duximus
1521 1496 1556 1522 et
1594 1488 1812 1522 monendam
1851 1500 1916 1534 per
1955 1488 2153 1533 apostolica

274 1557 408 1603 scripta
435 1556 662 1599 mandantes,
687 1556 858 1603 quatinus
885 1556 980 1590 sicut
1006 1555 1238 1589 laudabiliter
1267 1556 1482 1598 inchoastis,
1513 1567 1578 1589 eos
1607 1555 1654 1589 ob
1683 1555 1924 1589 reverentiam
1953 1554 2153 1600 apostolice

273 1623 374 1658 sedis
403 1630 439 1657 et
465 1630 625 1658 nostram
655 1623 832 1657 habentes
862 1623 1084 1669 propensius
1113 1623 1401 1664 commendatos,
1431 1623 1523 1668 ipsis
1550 1622 1792 1656 beneficentie
1817 1628 1938 1656 vestre
1969 1621 2150 1655 dexteram

274 1690 483 1737 porrigatis,
504 1691 551 1724 ita
572 1690 671 1736 quod
693 1691 808 1724 Deum
830 1690 1026 1736 propitium
1053 1696 1089 1723 et
1109 1702 1177 1723 nos
1201 1689 1308 1724 vobis
1325 1690 1456 1723 exinde
1482 1690 1598 1736 magis
1623 1701 1663 1723 ac
1683 1689 1800 1735 magis
1826 1689 1988 1722 reddatis
2011 1688 2152 1722 favora-

271 1757 366 1791 biles
386 1763 422 1791 et
440 1757 636 1804 benignos.
660 1759 738 1791 Dat.
759 1757 916 1792 Viterbii
937 1757 988 1802 iiij
1010 1757 1079 1790 kal.
1103 1757 1236 1799 Martii,
1259 1757 1491 1803 pontificatus
1512 1756 1629 1791 nostri
1650 1768 1745 1790 anno
1768 1757 1926 1801 quarto¹.

364 1855 500 1888 Originale
514 1856 542 1880 in
557 1856 634 1880 Arch.
651 1859 704 1880 nat.
720 1856 804 1880 Puris.
822 1856 849 1880 L.
866 1856 921 1885 240,
937 1860 967 1879 n*²
980 1857 1019 1880 65.
1037 1856 1186 1888 Supersunt
1200 1856 1245 1879 fila
1259 1856 1371 1880 cannah.

363 1940 386 1964 1.
402 1940 431 1964 L.
447 1941 502 1970 240,
517 1944 547 1964 11⁰
560 1941 600 1969 66,
615 1943 720 1965 exstant
733 1941 837 1965 litterae
855 1949 942 1973 papae
957 1941 1073 1973 scriptae
1087 1941 1172 1973 priori
1187 1944 1213 1964 et
1226 1941 1366 1965 conventui
1386 1941 1412 1964 S.
1434 1941 1532 1965 Mariae
1551 1941 1583 1964 de
1598 1941 1686 1965 Vineis
1702 1941 1821 1973 ejusdem
1837 1941 1935 1965 tenoris
1951 1944 1977 1965 et
1991 1941 2041 1965 sub
2057 1942 2148 1966 cadem

268 1984 396 2017 temporis
410 1987 473 2009 nota
487 1987 566 2017 atque
580 1985 675 2010 iisdem
689 1985 777 2010 verbis
793 1989 942 2018 conceptue.
959 1986 1069 2010 Restant
1082 1985 1127 2009 filu
1142 1985 1254 2010 cannah.
1270 1986 1347 2018 Apud
1361 1985 1458 2018 Ripoll,
1474 1986 1554 2010 Buzl.
1570 1987 1632 2010 ord.
1645 1986 1750 2011 Praed.
1762 1986 1817 2015 vn,
1830 1986 1853 2015 2,
1865 1990 1895 2009 n⁰
1910 1987 1948 2015 35,
1965 1987 2147 2010 tantummodo

268 2030 455 2062 fragmentum.

267 2160 347 2199 37.
369 2170 513 2198 Honorius
537 2172 586 2197 III
605 2170 784 2198 commendat
809 2171 915 2198 Gar-ino
939 2171 1156 2208 archiepiscopo
1181 2172 1338 2198 Senonensi
1359 2175 1387 2198 et
1413 2170 1561 2198 Guillelmo
1590 2171 1724 2209 episcopo
1752 2171 1915 2198 Parisiensi
1942 2173 2051 2206 fratres
2080 2171 2140 2198 ord.

355 2225 507 2260 Minorum,
524 2230 613 2263 atque
627 2226 669 2254 eis
683 2226 849 2263 scrupulum
864 2226 900 2254 de
915 2227 978 2263 ipsc
993 2227 1095 2254 ordine
1110 2227 1223 2254 adimit.

1525 2291 1598 2321 1220,
1613 2291 1676 2317 Hali
1684 2291 1730 2321 29,
1746 2290 1854 2317 riter-bit:

354 2377 540 2410 Honorius
578 2376 775 2423 episcopus
809 2389 939 2411 servus
973 2389 1162 2412 servorum
1198 2378 1264 2411 Dei
1302 2378 1576 2412 venerabilibus
1618 2377 1792 2411 fratribus
1815 2404 1836 2411 ..
1863 2377 2140 2423 archiepiscopo

264 2443 470 2478 Senonensi
497 2450 534 2477 et
563 2443 805 2490 suffraganeis
832 2444 911 2478 suis
938 2444 1091 2478 salutem
1119 2451 1155 2478 et
1179 2444 1415 2491 apostolicam
1443 2444 1750 2487 benedictionem.
1780 2445 1849 2478 Pro
1880 2444 2024 2478 dilectis
2050 2443 2136 2478 filiis

262 2509 435 2545 fratribus
456 2510 502 2544 de
526 2510 656 2544 ordine
689 2511 838 2544 fratrum
873 2511 1056 2544 Minorum
1087 2511 1267 2546 direxisse
1295 2511 1401 2546 vobis
1432 2511 1628 2546 recolimus
1662 2518 1786 2545 nostra
1821 2511 1968 2557 scripta,
1999 2517 2040 2544 ut
2072 2523 2136 2545 eos

260 2576 446 2612 haberetis
479 2577 594 2612 divini
622 2577 758 2612 amoris
787 2578 919 2612 intuitu
953 2578 1256 2612 commendatos¹.
1296 2578 1367 2612 Sed
1394 2578 1490 2612 sicut
1518 2578 1766 2612 intelleximus
1800 2578 1946 2624 quidam
1975 2584 2136 2612 vestrum

261 2644 365 2690 quasi
393 2643 550 2678 habeant
578 2644 624 2678 de
652 2644 734 2691 ipso
764 2645 893 2679 ordine
929 2645 1189 2679 conscientiam
1226 2644 1494 2691 scrupulosam,
1523 2657 1604 2679 cum
1636 2644 1748 2679 nichil
1773 2645 1810 2679 in
1832 2645 1887 2679 eis
1914 2645 2138 2691 suspicionis

260 2710 412 2758 dignum
436 2711 656 2754 invenerint,
681 2711 777 2746 sicut
800 2711 844 2745 ab
867 2711 948 2746 aliis
975 2711 1236 2755 intelleximus,
1263 2711 1397 2758 quibus
1421 2711 1596 2746 adhibere
1623 2724 1822 2758 possumus
1845 2712 1987 2758 plenam
2014 2711 2136 2753 fidem,

259 2777 362 2824 ipsos
386 2777 424 2812 in
449 2777 528 2812 suis
553 2790 699 2812 manere
728 2778 940 2813 diocesibus
970 2791 1043 2812 non
1069 2779 1294 2825 permittunt,
1321 2779 1407 2813 licet
1435 2790 1478 2812 ex
1503 2791 1546 2813 eo
1573 2778 1667 2822 solo,
1696 2779 1794 2825 quod
1822 2778 1961 2813 litteras
1990 2785 2134 2813 nostras

259 2844 398 2879 eisdem
432 2845 699 2888 concessimus,
728 2845 820 2879 nihil
850 2846 990 2880 sinistri
1021 2846 1066 2880 dc
1091 2846 1183 2892 ipsis
1213 2845 1409 2880 debuerint
1437 2846 1590 2892 opinari.
1622 2846 1728 2880 Unde
1758 2846 1985 2880 universitati
2014 2852 2135 2880 vestre

258 2910 428 2946 volumus
454 2923 538 2946 esse
559 2918 699 2955 notum,
721 2912 820 2959 quod
842 2925 911 2947 nos
934 2913 1100 2947 ordinem
1123 2913 1247 2947 talium
1269 2913 1314 2946 de
1334 2912 1544 2959 approbatis
1563 2912 1772 2955 habemus’,
1790 2919 1826 2947 et
1844 2913 1974 2946 fratres
1994 2912 2135 2946 ordinis

257 2977 377 3025 ipsius
402 2978 502 3014 viros
527 2979 829 3026 recognoscimus
855 2980 1055 3015 catholicos
1082 2987 1118 3014 et
1142 2980 1307 3015 devotos.
1335 2982 1455 3023 Quare
1483 2980 1687 3014 monendos
1711 2992 1778 3015 vos
1801 2979 1970 3013 duximus
1995 2985 2031 3013 et
2050 2978 2134 3012 hor-
