2580 3528
387 539 453 566 ¹2⁸1
569 540 658 565 Hartii
673 541 703 565 18

409 745 438 750 —
593 747 622 753 -
672 734 702 757 18

407 802 439 807 —
554 791 627 816 Junii
643 792 718 816 19-24

388 1083 455 1110 152
546 1086 683 1111 Februarii
699 1087 727 1111 21

408 1201 439 1206 -
565 1189 712 1214 Februario

407 1303 440 1308 —
530 1291 669 1316 Februarii
679 1299 703 1315 a.
714 1291 744 1315 16

408 1404 440 1409 —
605 1407 636 1413 —
698 1393 728 1418 16

407 1462 439 1467 -
581 1451 644 1477 unii
659 1453 690 1476 30

410 1813 439 1820 -
597 1818 629 1823 -
660 1805 692 1828 30

408 1960 440 1965 ’-
598 1965 630 1969 -
661 1951 690 1975 31

411 2063 439 2068 -
598 2067 629 2073 -
661 2054 690 2079 31

409 2165 442 2171 -
587 2156 661 2182 «lunii
685 2157 696 2180 *l

410 2312 442 2317 ’-
608 2318 640 2323 -
685 2304 697 2328 1

411 2369 443 2375 -·
609 2375 641 2381 -
685 2364 700 2386 ⁵

411 2476 442 2481 —
609 2478 640 2483 -
685 2466 700 2488 s

411 2537 444 2543 —·
609 2540 640 2545 —
684 2527 701 2550 6

412 2645 443 2649 -
610 2643 641 2647 -·
671 2629 701 2653 15

412 2795 443 2800 -
563 2780 676 2813 Augu-ti
690 2781 721 2805 2³

392 2931 459 2960 ω
579 2932 708 2958 lanuario

387 3054 481 3081 chart.
502 3054 583 3081 vnto.
602 3054 696 3080 Paris.
714 3053 736 3080 1.

1111 424 1279 447 TABULA.

772 542 938 566 Innocentius
966 543 1000 566 lv
1024 543 1147 575 querelae
1173 544 1354 575 praelatorum
1380 545 1455 576 regni
1483 545 1578 569 Daciae
1604 546 1743 570 consulens
1766 546 1888 571 hortatur
1915 547 2039 572 Blancam

802 586 923 618 reg-inam
941 587 1076 616 Franciae,
1095 587 1237 620 prohibeat
1254 588 1408 612 theloneriis
1427 589 1503 621 regni
1522 590 1656 619 Franciae,
1676 599 1708 614 nc
1727 591 1879 615 accedentes
1899 592 1933 615 ad
1952 593 2039 616 sedem

802 631 976 663 apostolicam
990 640 1091 656 necnon
1103 632 1213 656 clericos
1225 633 1344 665 ejusdem
1359 633 1434 665 regni
1450 633 1544 658 Daciae
1559 638 1649 658 euntes
1664 635 1698 658 ad
1713 635 1818 659 scholas
1833 636 2040 669 clericorumque

802 675 908 700 nuntios
927 676 1067 700 molestent
1069 694 2040 705 ......................................

772 734 938 758 Innocentius
953 734 987 758 lv
1000 734 1160 766 Margaritae
1174 735 1325 759 comitissae
1340 736 1480 760 Flandriae
1501 736 1533 760 de
1549 736 1641 760 eadem
1660 745 1688 761 ro
1705 737 1799 761 scribit
1800 755 2040 763 ..........

770 792 934 821 Jaramenta,
949 800 1017 824 quae
1034 793 1105 816 cives
1120 801 1151 816 ac
1165 793 1287 825 magistri
1305 793 1492 826 scholaresque
1506 794 1668 818 Parisienses
1683 795 1791 827 reginae
1807 797 1932 824 fecerunt,
1948 799 1977 820 ut
1990 805 2042 828 pax

802 836 877 860 urbis
901 840 1059 861 servaretur.
1078 837 1196 861 Provisio
1215 838 1415 870 magistrorum,
1433 838 1479 870 qui
1501 838 1615 863 debeant
1637 839 1690 863 dici
1713 839 1857 868 scholares,
1882 843 1908 864 et
1930 841 1975 872 qui
2000 841 2041 864 vel

802 881 934 913 quomodo
949 881 1003 906 sint
1015 881 1160 914 repetendi,
1176 882 1199 906 si
1213 882 1354 914 capiantur
1356 900 2041 909 ...........................

771 939 867 963 Custos
881 938 945 963 Ord.
962 939 1055 963 Minor.
1072 939 1155 963 Paris.
1172 939 1248 964 fratri
1263 940 1334 964 Adae
1350 940 1382 964 de
1397 940 1510 965 Max-isco
1524 941 1637 973 aliisque
1651 941 1767 966 Oxoniae
1782 942 1909 966 fratribus
1925 951 2042 966 commo-

803 983 925 1007 rantibus
944 983 977 1007 de
994 983 1115 1008 nefandis
1135 992 1151 1007 a
1170 984 1323 1016 pastoribus
1339 984 1457 1014 Parisiis,
1473 985 1608 1009 Aureliani
1626 989 1652 1009 et
1671 986 1698 1009 in
1717 986 1778 1010 aliis
1797 986 1863 1010 locis
1882 987 2041 1019 perpetratis

802 1029 884 1052 refert
890 1045 2040 1056 .............................................

771 1085 855 1110 Adam
878 1086 1020 1118 episcopus
1047 1086 1252 1110 Silvanectensis
1274 1090 1387 1111 testatur
1410 1095 1439 1111 se
1462 1087 1566 1120 aliquas
1589 1088 1717 1120 epistolas
1742 1089 1886 1113 innocentii
1908 1089 1949 1118 w,
1975 1098 2042 1122 quae

802 1130 950 1163 respiciunt
963 1130 1168 1155 Universitatem
1185 1131 1370 1160 Parisiensem,
1386 1131 1485 1156 vidisse
1488 1149 2040 1158 ......................

772 1188 905 1212 Statutum
925 1188 957 1212 de
972 1188 1160 1220 promovendis
1175 1188 1209 1212 ad
1223 1188 1375 1213 cathedram
1393 1193 1419 1213 et
1437 1189 1555 1221 regimen
1569 1198 1661 1214 sacrae
1679 1190 1828 1223 scripturae
1846 1194 1872 1215 et
1891 1191 1923 1215 dc
1943 1191 2041 1215 scholis

802 1232 931 1265 ejusdem,
950 1233 1107 1265 praesertim
1129 1233 1216 1266 quoad
1235 1233 1374 1265 religiosos
1378 1251 2041 1261 ...........................

772 1291 876 1314 Statuta
894 1290 1050 1314 artistarum
1070 1290 1184 1314 nationis
1203 1291 1359 1323 anglicanae
1378 1291 1410 1314 de
1430 1291 1592 1316 baccalarcis
1613 1292 1639 1316 in
1661 1293 1764 1316 artibus
1788 1293 1994 1317 determinandis
2014 1293 2040 1317 in

803 1334 1013 1367 Quadragcsima
1027 1352 1496 1360 ...................
1510 1343 1549 1360 Τῑ
1568 1354 2040 1362 ...................

772 1393 876 1417 Statuta
890 1392 1045 1416 artistarum
1058 1392 1171 1416 nationis
1185 1393 1339 1424 anglicanae
1354 1393 1386 1416 de
1402 1393 1563 1418 baccalareis
1566 1411 2041 1420 ...................

773 1450 939 1475 Innocentius
961 1450 995 1474 lv
1013 1450 1048 1474 ud
1067 1450 1244 1474 Raimcricum
1260 1451 1448 1474 cancellarium
1464 1451 1648 1479 Parisicnsem.
1663 1452 1795 1484 astringat
1814 1453 1923 1476 clericos
1939 1456 1965 1477 et
1979 1453 2042 1477 reli-

803 1494 902 1527 giosos,
918 1497 948 1518 ut
961 1497 1084 1519 taxentur
1097 1502 1189 1519 eorum
1203 1495 1319 1527 hospitia
1334 1503 1350 1518 a
1365 1495 1468 1519 clericis
1488 1499 1514 1519 ct
1532 1496 1710 1528 burgensibus
1725 1497 1760 1520 ad
1774 1497 1823 1520 hoc
1838 1497 1927 1521 clectis
1931 1515 2042 1522 .....

773 1552 939 1577 Innocentius
954 1553 988 1577 1v
1002 1552 1119 1577 Thomae
1133 1552 1333 1585 archiepiscopo
1348 1553 1477 1582 Remensi,
1494 1554 1594 1578 Adamo
1609 1554 1734 1586 episcopo
1749 1563 1778 1578 nc
1793 1555 1892 1578 decano
1907 1555 2043 1579 Silvanec-

803 1597 922 1622 tensibus
944 1597 1060 1630 injungit
1081 1601 1110 1622 ut
1131 1597 1314 1622 molestatores
1338 1598 1527 1629 magistrorum
1551 1601 1577 1622 ct
1599 1599 1760 1623 scholarium
1784 1599 1972 1623 Parisiensium
1996 1608 2044 1632 per

804 1641 961 1666 sententiam
975 1641 1252 1666 excommunicationis
1267 1645 1437 1674 compescant
1439 1659 2042 1669 ........................

774 1698 939 1724 Innocentius
961 1699 995 1724 IV
1018 1699 1137 1724 concedit
1159 1699 1296 1731 magistris
1315 1703 1341 1723 et
1360 1699 1527 1724 scholaribus
1552 1700 1636 1724 Paris.
1655 1700 1700 1733 jus
1720 1701 1803 1733 sigilli
1823 1709 1871 1733 per
1889 1701 2043 1725 decennium

804 1743 941 1777 septennio
964 1743 1096 1776 completo
1103 1760 2042 1772 .....................................

773 1802 940 1826 Innocentius
966 1801 1000 1826 lv
1027 1801 1157 1826 Adamum
1184 1801 1339 1834 episcopum
1368 1802 1592 1826 Silvanectensem
1619 1806 1832 1827 conservatorem
1861 1804 1930 1835 juris
1962 1805 2043 1837 sigilli

803 1845 919 1871 habendi
941 1845 1078 1879 magistris
1100 1849 1126 1870 ct
1146 1845 1314 1870 scholaribus
1334 1846 1528 1870 Parisiensibus
1550 1855 1599 1879 per
1618 1847 1773 1871 decennium
1795 1848 1829 1871 ab
1849 1848 1907 1880 ipso
1926 1849 2043 1873 concessi

804 1890 941 1915 constituit
953 1907 2043 1918 ...........................................

774 1948 940 1974 innocentius
955 1948 989 1972 1v
1002 1948 1121 1972 concedit
1135 1948 1272 1980 magistris
1285 1951 1312 1972 et
1326 1948 1493 1973 scholaribus
1508 1948 1702 1973 Parisiensibus
1720 1953 1749 1973 ut
1770 1950 1859 1974 nullus
1874 1950 1960 1982 possit
1974 1951 2044 1975 trahi

804 1995 878 2018 extra
891 1992 1025 2017 civitatem
1046 1993 1131 2018 Paris.
1146 2001 1227 2025 super
1240 1993 1440 2025 quaestionibus
1455 1993 1524 2017 intra
1543 2001 1602 2017 eam
1616 1994 1712 2018 exortis
1716 2011 2044 2021 ..............

775 2050 940 2075 Innocentius
960 2050 994 2075 lv
1011 2050 1141 2075 Adamum
1163 2050 1317 2083 episcopum
1337 2050 1560 2075 silvanectensem
1580 2051 1716 2075 constituit
1734 2055 1945 2076 conservatorem
1964 2052 2045 2085 privi-

804 2095 877 2128 legii,
893 2103 925 2119 ne
939 2095 1074 2119 scholares
1088 2098 1162 2119 extra
1176 2095 1310 2119 civitatem
1325 2095 1465 2119 trahantur
1467 2113 2043 2123 .......................

774 2153 941 2178 Innocentius
966 2153 1000 2177 lv
1022 2152 1057 2177 ad
1080 2152 1223 2185 magistros
1241 2155 1268 2177 et
1289 2152 1424 2177 scholares
1444 2152 1606 2177 Parisicnscs
1625 2156 1655 2177 ut
1674 2153 1764 2177 nullus
1784 2154 1811 2178 in
1830 2154 2043 2183 Universitatem.

805 2200 934 2222 rectorem
954 2205 1001 2221 seu
1020 2200 1206 2229 procuratores
1230 2204 1277 2221 seu
1297 2205 1457 2230 quemquam
1476 2197 1558 2221 alium
1577 2205 1627 2230 pro
1647 2199 1715 2222 sacto
1738 2198 1780 2222 vel
1803 2198 1940 2223 occasione
1959 2198 2044 2231 ipsius

805 2241 992 2266 Universitatis
1007 2241 1293 2271 excommunicationis,
1306 2246 1365 2271 etc„
1379 2242 1536 2266 sententiam
1549 2242 1645 2266 audeat
1655 2242 1826 2275 promulgare
1829 2259 2043 2268 .........

775 2298 946 2324 Conservatio
959 2298 1078 2332 ejusdem
1091 2298 1227 2332 privilegii
1229 2315 2044 2326 ................................

775 2356 942 2382 Innocentius
957 2356 991 2381 w
1004 2356 1142 2388 magistris
1161 2359 1187 2381 et
1205 2356 1372 2381 scholaribus
1392 2357 1586 2381 parisiensibus
1601 2357 1728 2386 concedit,
1749 2365 1781 2382 ne
1800 2357 1897 2391 uliquis
1916 2358 2002 2382 cundo
2020 2362 2046 2383 et

806 2401 940 2426 redeundo
957 2400 1073 2426 Parisios
1091 2408 1173 2425 causa
1186 2401 1268 2425 studii
1282 2409 1332 2433 pro
1346 2401 1460 2434 pedagio
1475 2401 1576 2434 aliquid
1591 2401 1693 2426 solvere
1708 2405 1828 2426 tenentur
1829 2419 2045 2428 .........

775 2462 947 2488 Conservatio
965 2462 1100 2495 privilegii
1119 2462 1301 2495 praecedentis
1308 2479 2044 2490 .............................

776 2525 942 2550 Innocentius
957 2525 990 2550 w
1005 2525 1153 2550 Iiaimerico
1165 2525 1324 2550 cancellario
1337 2525 1480 2550 Parisiensi
1496 2525 1604 2550 mandat
1618 2529 1647 2550 ut
1661 2525 1796 2551 scholares
1811 2534 1886 2551 arma
1900 2530 2045 2559 portantes,

806 2570 830 2594 si
844 2569 936 2594 moniti
951 2578 979 2594 se
991 2577 1043 2594 non
1055 2570 1225 2598 correxerint.
1241 2569 1390 2602 privilegiis
1406 2569 1593 2594 Universitatis
1608 2570 1695 2603 privet
1697 2587 2045 2596 ..............

775 2631 904 2658 officiali·
919 2631 1008 2656 curiae
1022 2631 1180 2656 Parisiensis
1195 2634 1285 2656 notum
1302 2631 1372 2661 escit.
1386 2631 1494 2656 domum
1509 2631 1578 2656 Petri
1594 2632 1733 2656 Sarraceni
1746 2632 1825 2657 sitam
1844 2633 1915 2658 ultra
1933 2642 2046 2666 parvum

807 2679 914 2709 pontem
931 2676 959 2701 in
978 2676 1036 2701 vieo
1051 2676 1084 2701 de
1098 2676 1272 2701 flauteieuills
1289 2679 1406 2709 emptam
1424 2684 1483 2701 esse
1497 2685 1513 2700 a
1526 2676 1646 2701 Jobanne
1660 2676 1756 2702 abbate
1774 2680 1800 2702 et
1816 2681 1945 2702 conventu
1966 2678 2046 2703 Prae-

807 2721 994 2746 monstratcnsl
997 2737 2045 2748 .........................................

776 2783 943 2808 Innocentius
966 2783 1000 2808 lv
1023 2783 1143 2808 concedit
1165 2783 1302 2815 magistris
1321 2786 1348 2808 et
1366 2782 1534 2808 scholaribus
1558 2783 1752 2808 Parisiensibus
1775 2787 1812 2813 ut,
1833 2784 1856 2809 si
1878 2785 1937 2817 quis
1956 2793 2046 2809 eorum

807 2827 886 2853 etiam
905 2830 979 2852 extra
996 2827 1130 2852 civitatem
1145 2827 1321 2852 Parisiensem
1336 2835 1430 2852 manus
1446 2827 1575 2852 violentas
1591 2827 1617 2852 in
1632 2827 1742 2853 clericos
1762 2828 1890 2861 injecerit,
1911 2838 1925 2853 n
1942 2829 2046 2853 cancel-

807 2872 874 2897 lario
889 2871 1032 2897 Parisiensi
1046 2879 1095 2905 per
1109 2871 1264 2896 decennium
1279 2871 1383 2897 absolvi
1402 2871 1488 2905 possit
1490 2889 2045 2899 ......................

777 2934 918 2959 IIaimsrlci
933 2934 1085 2959 cancellarii
1098 2933 1256 2959 Parislensis
1271 2937 1471 2967 ceterormnque
1484 2934 1622 2959 doctorum
1638 2942 1729 2959 sacrae
1743 2934 1892 2967 theologiae
1907 2938 1996 2959 votum
2015 2935 2046 2959 de

807 2979 923 3012 quodam
937 2987 1000 3004 casu
1016 2979 1042 3004 ln
1058 2979 1116 3004 foro
1132 2978 1308 3011 paenitentiae
1311 2995 2045 3005 .............................

1981 3055 2010 3079 ⁸⁴

2062 420 2129 453 665

2085 681 2129 703 ool

2086 738 2131 761 222

2086 884 2131 908 222

2086 1031 2131 1054 224

2086 1137 2132 1160 226

2085 1240 2132 1263 226

2083 1341 2128 1365 227

2086 1399 2132 1422 230

2087 1501 2132 1524 “3“

2088 1516 2132 1524 ...a

2088 1647 2133 1670 2:321

2088 1749 2134 1772 2³4

2088 1895 2133 1918 2311

2089 1997 2134 2020 235

2089 2099 2135 2122 2³5

2089 2245 2136 2268 2³6

2090 2301 2136 2326 2³⁸

2090 2403 2135 2427 2⁸7

2090 2465 2135 2489 237

2091 2874 2137 2896 2⁴⁰

2091 2980 2137 3003 240
