2618 3640
713 457 760 479 ΑΒ
794 455 1038 478 ALEXANDRO
1073 455 1123 477 111
1157 455 1290 484 USQUE
1324 455 1374 476 AD
1406 454 1549 476 ANNUM
1581 454 1671 476 MCC.
2092 445 2137 478 43

251 533 462 566 fructuosus
487 538 543 565 est
566 531 604 565 in
625 531 764 573 seculo,
791 537 828 565 et
852 530 970 564 exitus
990 542 1009 564 a
1030 529 1156 563 seculo
1176 529 1380 562 luctuosus.
1411 529 1447 562 Si
1472 528 1560 574 quid
1580 528 1679 561 aliud
1700 528 1878 573 placuerit
1896 527 2014 570 vobis,
2037 528 2136 574 quod

252 594 291 632 in
317 598 480 640 Francia,
506 605 577 644 q'ue
605 598 779 631 monstris
800 603 909 639 caret,
938 596 1096 631 inveniri
1116 596 1246 642 possit,
1268 595 1382 642 parati
1403 607 1530 629 sumus
1552 595 1630 628 sine
1652 594 1944 628 dissimulatione
1966 605 2133 640 querere,

252 665 332 701 sine
351 665 525 699 dilatione
546 665 757 699 transferre.

345 759 471 783 Biblioth.
492 762 546 783 nat.
563 759 648 783 Paris.
665 767 715 783 ms.
737 759 784 783 lat.
805 759 876 788 2923,
897 767 964 782 saec.
981 759 1051 787 xm,
1068 758 1113 782 sol.
1131 758 1186 782 123.
1200 771 1232 776 —-
1246 757 1342 789 Migne‚
1358 757 1469 782 Patrol.
1485 757 1545 785 lat„
1560 759 1623 780 tom.
1641 755 1725 784 CCXI,
1742 764 1783 787 ep.
1801 756 1854 784 111,
1870 764 1897 787 p.
1913 756 1968 783 400,
1983 755 2058 787 juxta
2073 755 2134 779 edit.

251 805 350 829 tactam
364 812 380 828 a
394 804 510 832 Molinet,
521 804 598 835 May.
610 804 706 835 Steph.
723 803 844 829 Τονηασ.
855 811 915 834 epp.
931 803 1022 836 (1682).
1036 817 1068 820 —
1078 803 1195 826 Absalon
1211 802 1260 826 fuit
1274 802 1491 833 archiepiscopus
1507 800 1680 825 Londinensis
1696 801 1830 824 Danorum
1845 800 1878 823 ab
1894 808 1936 823 an.
1949 808 1970 823 c.
1988 800 2135 828 1178-1201,

252 849 402 881 Stephanus
417 849 501 872 abbas
517 849 543 872 S.
560 848 708 873 Genovefae
724 848 872 872 1176-1192.

251 1003 334 1041 42.
367 1012 531 1050 Stephanus
559 1013 747 1039 Tornacensis
771 1012 873 1039 scribit
894 1011 1038 1038 Absaloni
1065 1011 1282 1048 archiepiscopo
1307 1010 1459 1041 Lundensi,
1484 1011 1600 1036 Petrum
1629 1010 1797 1036 canonicum
1827 1010 1854 1035 S.
1888 1010 2046 1044 Genovefae
2075 1009 2137 1045 ejus

343 1065 473 1098 nepotem
493 1062 637 1097 infirmum
657 1070 720 1088 esse
750 1065 778 1088 et
805 1061 942 1096 beneficio
962 1060 1019 1087 soli
1038 1061 1148 1087 natalis
1170 1061 1296 1095 for-sitan
1317 1060 1428 1086 salvari
1447 1068 1543 1096 posse.
1569 1059 1717 1096 Improbat
1741 1058 1901 1090 consilium,
1914 1058 2134 1094 archiepiscopi,

342 1110 498 1137 secundum
514 1110 592 1147 quod
605 1111 667 1146 ejus
682 1119 770 1147 nepos
786 1110 828 1137 vel
842 1111 871 1136 in
886 1114 980 1136 monte
995 1109 1037 1136 vel
1050 1109 1091 1135 ad
1104 1110 1288 1136 Parisienses
1302 1109 1497 1136 saecularium
1512 1108 1628 1135 scholas
1643 1107 1799 1135 mittendus
1814 1108 1860 1134 sit.

1306 1212 1462 1243 1178-1192,
1477 1211 1522 1247 [ln
1535 1214 1622 1238 monte
1638 1212 1661 1238 S.
1678 1212 1822 1238 Genorefae
1823 1210 1849 1246 J.

346 1300 504 1334 Hilarem
534 1301 593 1334 sui
622 1300 752 1346 prebet
786 1301 997 1346 opinionem
1027 1300 1257 1342 adolescens,
1289 1301 1394 1345 cujus
1428 1300 1524 1333 inter
1558 1299 1662 1333 etatis
1696 1299 1798 1332 initia
1826 1299 1971 1332 virtutis
2000 1298 2139 1343 judicia

255 1367 477 1402 coalescunt.
509 1368 724 1413 Respiciunt
752 1367 819 1401 hec
848 1369 995 1401 Petrum
1023 1374 1188 1401 nostrum
1217 1367 1351 1413 pariter
1378 1379 1418 1400 ac
1444 1373 1620 1408 vestrum,
1649 1366 1710 1412 qui
1738 1366 1931 1399 nobiscum
1958 1365 2140 1411 regularia

255 1434 445 1480 professus
480 1433 697 1468 obedienter
730 1434 894 1480 suscepit
927 1440 963 1467 et
992 1434 1194 1467 doctrinam
1228 1434 1266 1467 in
1296 1433 1442 1475 studiis,
1477 1440 1514 1466 et
1545 1433 1584 1466 in
1619 1432 1783 1466 moribus
1817 1432 2059 1478 disciplinam.
2097 1433 2142 1465 Et

256 1501 427 1547 quoniam
454 1501 492 1534 in
519 1513 562 1534 eo
590 1501 741 1547 spiritus
769 1501 917 1546 quidem
944 1507 1135 1546 promptus
1163 1507 1231 1543 est,
1259 1513 1343 1534 caro
1371 1507 1489 1533 autem
1517 1499 1673 1542 infirma,
1704 1499 1905 1533 secundum
1934 1499 2140 1532 mandatum

254 1572 417 1602 vestrum
437 1567 543 1602 vobis
563 1567 861 1601 commendamus
887 1579 970 1601 eum
996 1574 1032 1601 et
1056 1568 1329 1609 committimus,
1355 1567 1469 1601 satius
1494 1567 1706 1600 estimantes
1727 1573 1763 1599 et
1782 1566 1921 1612 gratius
1942 1578 2025 1599 eum
2046 1565 2141 1610 apud

255 1629 322 1669 vos
352 1635 498 1677 morari,
534 1647 642 1680 quam
670 1635 766 1680 apud
796 1647 864 1668 nos
895 1635 999 1668 mori.
1032 1635 1187 1668 Infestas
1221 1641 1395 1680 quartane
1429 1633 1616 1667 molestias
1650 1633 1780 1666 crebro
1815 1633 1938 1674 sentit,
1974 1639 2010 1666 et
2043 1632 2142 1665 illius

257 1702 502 1735 infestationis
532 1701 687 1748 reliquie
722 1702 818 1735 diem
849 1708 1004 1735 mestum
1037 1708 1151 1747 agunt
1180 1701 1263 1735 sibi.
1297 1701 1372 1735 Soli
1402 1701 1531 1734 natalis
1566 1707 1602 1734 et
1630 1700 1804 1734 naturalis
1833 1700 1928 1734 aeris
1962 1699 2142 1733 beneficio

258 1780 368 1814 posse
383 1769 504 1814 juvari
524 1768 709 1802 credimus
730 1775 878 1802 teneros
898 1769 1003 1802 etatis
1029 1781 1158 1810 annos,
1185 1775 1222 1802 et
1240 1768 1414 1802 humores
1435 1768 1609 1802 maternis
1630 1767 1808 1801 uberibus
1828 1767 1971 1801 infusos
1992 1773 2143 1812 paterno

258 1834 368 1869 simul
395 1842 432 1868 et
457 1841 620 1869 materno
648 1835 779 1869 solatio
806 1835 1006 1870 confoveri.
1035 1837 1157 1869 Unum
1183 1842 1252 1878 est,
1279 1835 1378 1881 quod
1404 1835 1438 1868 ei
1464 1835 1559 1869 sicut
1583 1835 1659 1868 filio
1685 1835 1877 1868 karissimo
1901 1833 2142 1875 consulimus,

258 1902 471 1936 mandamus
492 1909 528 1936 et
546 1903 783 1949 precipimus,
809 1910 849 1936 ut
873 1903 1046 1948 quamdiu
1066 1903 1104 1936 in
1129 1909 1224 1936 terra
1244 1903 1306 1936 illa
1325 1914 1463 1936 moram
1483 1902 1624 1944 fecerit,
1645 1902 1768 1948 vagari
1795 1914 1869 1935 non
1894 1901 2043 1947 incipiat
2062 1907 2146 1946 post

258 1980 394 2015 greges
421 1969 601 2003 sodalium
629 1981 780 2004 suorum
806 1969 1040 2012 secularium,
1066 1970 1133 2004 sed
1157 1976 1218 2004 aut
1242 1970 1279 2003 in
1304 1969 1464 2003 claustro
1489 1969 1722 2015 regularibus
1751 1969 1957 2015 disciplinis
1982 1968 2146 2002 intendat

259 2047 341 2070 cum
366 2035 539 2070 fratribus
566 2037 644 2070 suis
669 2036 738 2070 sub
758 2036 961 2071 venerabili
985 2037 1095 2070 fratre
1121 2043 1247 2071 nostro
1274 2038 1338 2074 W.
1361 2037 1517 2070 Domino
1543 2036 1804 2078 servientibus,
1830 2042 1891 2070 aut
1914 2036 2085 2081 quotiens
2111 2042 2146 2068 et

260 2103 405 2148 quando
431 2103 624 2137 volueritis
649 2103 841 2138 vobiscum
869 2105 906 2137 in
933 2105 1032 2138 curia
1059 2111 1180 2138 vestra
1207 2104 1383 2150 religiose
1408 2104 1503 2138 sicut
1528 2104 1633 2137 decet
1659 2102 1868 2149 et'expedit
1892 2109 2142 2137 conversetur.

260 2169 368 2213 Quod
388 2176 507 2204 autem
529 2170 574 2204 de
594 2170 676 2216 ipso
697 2170 805 2205 nobis
826 2183 892 2217 per
911 2171 1051 2205 litteras
1076 2178 1216 2205 vestras
1242 2171 1450 2213 intimastis,
1475 2171 1534 2205 vel
1554 2171 1592 2204 in
1612 2177 1747 2212 monte,
1774 2170 1832 2204 vel
1853 2170 1898 2204 ad
1918 2170 2145 2203 Parisienses

261 2235 480 2270 secularium
508 2237 628 2271 scolas
654 2244 690 2271 et
715 2238 927 2272 venditores
954 2238 1152 2272 verborum
1178 2238 1369 2280 mittendo,
1397 2237 1495 2272 salva
1519 2237 1634 2284 gratia
1659 2244 1780 2271 vestra
1807 2249 1881 2270 non
1908 2237 2144 2278 admittimus,

262 2302 432 2348 quoniam
452 2303 674 2338 institutioni
694 2311 819 2338 nostre
840 2312 1022 2350 repugnat
1041 2312 1077 2339 et
1095 2300 1367 2343 consuetudini,
1397 2317 1464 2338 nec
1484 2316 1549 2350 per
1573 2305 1693 2350 ipsum
1719 2303 1953 2350 presentibus
1974 2303 2145 2337 fratribus

263 2380 398 2403 novum
418 2377 643 2415 proponatur
663 2370 924 2416 spectaculum,
951 2372 1050 2417 quod
1071 2372 1203 2406 suturis
1224 2372 1473 2418 perniciosum
1494 2370 1654 2404 trahatur
1674 2371 1711 2404 in
1732 2370 1951 2416 exemplum.
1974 2369 2089 2403 Habet
2108 2370 2146 2402 in

263 2435 432 2473 claustris
453 2437 630 2482 sapientia
651 2437 798 2483 regulas
819 2450 918 2480 suas,
946 2437 1055 2472 habet
1074 2445 1110 2472 et
1130 2439 1320 2484 regulares
1340 2451 1440 2480 suos,
1464 2438 1611 2483 erigens
1633 2437 1703 2471 sibi
1724 2437 1843 2471 scolas
1863 2437 1948 2470 inde
1969 2437 2145 2478 veritatis,

264 2501 348 2536 hinc
374 2503 532 2537 virtutis.
560 2503 667 2548 Quod
695 2504 726 2539 si
754 2504 847 2538 forte
873 2505 1068 2539 consilium
1095 2511 1258 2539 vestrum
1285 2505 1323 2538 in
1350 2504 1419 2538 hoc
1446 2504 1695 2546 declinaverit,
1722 2510 1761 2537 ut
1784 2504 1829 2537 de
1854 2503 2014 2550 regulari
2042 2516 2147 2538 secu-

262 2568 376 2603 larem
402 2570 521 2604 facere
548 2570 718 2613 credatis,
747 2570 852 2604 aliam
878 2583 983 2617 quam
1010 2571 1172 2605 Parisius
1197 2571 1378 2605 civitatem
1405 2571 1442 2604 in
1469 2583 1539 2616 qua
1566 2571 1710 2604 studeat
1735 2570 1873 2617 eligite,
1902 2583 1947 2604 ne
1968 2570 2005 2604 in
2031 2571 2147 2604 oculis

265 2636 402 2670 nostris
435 2649 501 2683 pro
536 2637 712 2671 matutino
747 2644 783 2672 et
813 2638 1024 2684 vespertino
1054 2638 1233 2672 sacrificio
1264 2638 1362 2684 quod
1392 2637 1583 2671 nobiscum
1614 2638 1746 2671 offerre
1776 2637 1953 2672 debuerat
1976 2638 2146 2680 Domino,

263 2702 461 2739 verborum
498 2704 674 2750 strepitus
712 2711 748 2738 et
785 2705 1071 2752 disputationum
1110 2705 1292 2739 anfractus
1330 2705 1470 2747 offerat,
1510 2711 1546 2739 et
1581 2705 1679 2738 unde
1714 2705 1941 2751 speravimus
1976 2705 2146 2747 fructum,

265 2775 426 2807 vertatur
445 2770 554 2805 nobis
572 2771 610 2805 in
630 2771 868 2818 opprobrium
890 2779 925 2806 et
946 2778 1206 2818 contemptum.

360 2862 486 2888 Biblioth.
502 2867 556 2889 nat.
573 2865 657 2889 Parin.
674 2873 724 2890 mn.
739 2866 785 2890 lat.
802 2867 873 2896 2923,
889 2866 934 2890 tol.
951 2866 1018 2891 115⁸.
1028 2866 1167 2898 -Μίςιιε,
1182 2865 1290 2892 Patrol.
1305 2866 1367 2895 lac„
1382 2868 1445 2890 tom.
1462 2865 1547 2895 CCXI,
1563 2873 1605 2898 ep.
1621 2866 1660 2894 80,
1670 2874 1697 2898 p.
1710 2866 1765 2890 376.
1781 2865 1818 2890 De
1833 2873 1912 2890 sensu
1927 2865 2006 2898 hujus
2022 2865 2149 2897 epistolae

267 2905 327 2931 vide
341 2906 450 2938 neniae,
465 2908 517 2934 Die
536 2909 757 2936 Universieaeeen
771 2912 818 2937 des
829 2911 1009 2937 Miteelaloers
1023 2911 1043 2940 1,
1059 2911 1104 2935 657
1120 2919 1161 2943 sq.
