2580 3528
289 438 387 479 1215]
637 446 684 469 ΑΒ
717 447 825 470 auno
859 447 937 470 mcc
971 447 1104 476 usqua
1139 448 1188 469 AD
1223 448 1453 470 PHILH‘PUM
1487 449 1528 471 ιν
1562 449 1652 471 nnc..
1689 450 1825 472 rame.
2127 442 2168 475 81

287 522 397 556 Beate
423 521 549 555 Marie.
571 520 703 554 Libros
729 520 878 566 quidem
903 521 1122 555 parisiensis
1149 521 1305 555 ecclesie
1336 522 1416 555 sine
1448 529 1554 556 cantu
1582 523 1782 568 corrigere,
1809 523 1923 569 ligare
1950 531 1986 557 et
2010 525 2047 557 in
2072 525 2169 558 bono

287 594 382 622 statu
402 587 586 621 tenebitur
605 596 838 629 conservare,
864 594 900 621 et
923 587 1031 621 talem
1055 588 1248 622 instituere
1273 588 1487 634 magistrum
1509 589 1546 622 in
1567 589 1739 631 claustro,
1768 590 1830 635 qui
1851 590 2038 624 sufficiens
2059 591 2106 624 sit
2125 592 2169 624 ad

287 654 468 688 scolarum
494 654 674 700 regimen,
699 660 736 687 et
759 654 804 687 ad
829 654 987 688 officium
1013 655 1112 700 quod
1138 654 1249 688 debet
1271 655 1390 688 facere
1411 655 1449 688 in
1469 655 1635 697 ecclesia,
1666 663 1701 689 et
1724 656 1768 689 ad
1789 656 1927 690 litteras
1948 657 2109 702 capituli,
2139 658 2170 691 si

287 733 381 767 opus
405 721 526 763 fuerit,
553 721 750 755 faciendas.
777 721 944 755 Profecto
969 722 1089 755 omnia
1114 722 1182 756 ista
1208 734 1247 755 se
1268 721 1363 756 bona
1384 722 1456 756 fide
1480 723 1658 756 facturum
1684 729 1720 756 et
1740 730 1968 757 servaturum
1993 724 2170 758 cancella-

287 788 377 830 rius,
404 788 633 834 quicumque
649 788 770 829 fuerit,
797 788 835 821 in
860 788 1090 822 institutione
1112 788 1262 834 jurabit.
1289 788 1557 823 Nichilominus
1582 790 1688 823 etiam
1715 789 1784 823 sub
1809 790 1937 824 eodem
1961 791 2169 836 juramento

286 854 394 888 saciet
421 853 631 888 fidelitatem
660 854 819 900 capitulo
849 855 894 888 de
924 855 1049 901 sigillo
1078 856 1196 901 ipsius
1226 855 1374 901 capituli
1408 855 1566 889 fideliter
1598 856 1842 890 observando.
1878 857 2054 903 Magister
2082 869 2169 891 vero

288 921 514 967 Stephanus⁴
546 921 765 955 Parisiensis
794 921 1035 956 cancellarius
1064 922 1102 955 in
1132 934 1197 956 sua
1231 923 1462 956 institutione
1496 923 1616 956 omnia
1651 923 1857 969 supradicta
1887 923 2048 970 benigne
2083 936 2170 958 con-

287 988 411 1030 cessit,
440 995 476 1022 et
501 989 647 1034 propria
673 988 858 1022 voluntate
886 988 1044 1023 fideliter
1070 989 1299 1023 observanda
1321 990 1468 1035 juravit,
1499 997 1535 1023 et
1560 990 1598 1023 in
1625 991 1797 1036 majorem
1825 1003 1890 1024 sue
1915 991 2169 1025 concessionis

287 1055 457 1088 noticiam
482 1054 554 1088 hiis
579 1054 711 1089 litteris
739 1067 845 1089 suum
872 1056 959 1089 fecit
983 1056 1145 1102 sigillum
1171 1057 1318 1102 apponi.
1347 1058 1422 1090 Nos
1449 1063 1568 1090 autem
1594 1056 1685 1090 hanc
1711 1057 1977 1091 ordinationem
2002 1057 2169 1091 volentes

287 1133 433 1168 semper
459 1121 654 1156 stabilitate
681 1129 856 1168 perpetua
882 1122 1034 1156 firmiter
1061 1122 1262 1165 observari,
1291 1130 1482 1169 presentes
1507 1123 1646 1157 litteras
1671 1124 1824 1157 fecimus
1849 1124 2055 1170 sigillorum
2083 1136 2170 1158 nos-

287 1195 425 1222 trorum
446 1188 659 1222 auctoritate
679 1189 826 1222 muniri.
848 1189 979 1223 Actum
999 1201 1094 1223 anno
1116 1190 1261 1223 Domini
1283 1190 1380 1224 MCC
1402 1190 1530 1236 quinto
1551 1190 1706 1230 decimo,
1730 1202 1855 1224 mense
1877 1190 2062 1224 Octobri².

367 1287 480 1318 ,Meam
496 1287 646 1312 Pastorale
665 1286 691 1310 in
711 1287 788 1311 Arch.
810 1290 864 1311 nat.
886 1287 970 1312 Paris.
992 1288 1040 1312 LL.
1063 1288 1117 1317 175,
1137 1296 1164 1320 p.
1185 1290 1241 1313 604.
1261 1289 1349 1313 Parv.
1371 1289 1528 1318 Pastorale,
1550 1289 1613 1312 ibid.
1635 1289 1684 1313 L·L.
1702 1290 1755 1318 176,
1776 1298 1802 1321 p.
1825 1290 1879 1313 217.
1895 1303 1926 1308 --
1941 1289 2070 1319 Guerard,
2091 1290 2168 1316 Cart.

287 1333 320 1357 dc
340 1331 444 1363 l'lylt'se
464 1330 664 1360 Noti'e-Dame,
686 1332 706 1360 1,
726 1333 781 1356 ³55.
807 1346 840 1350 -·
858 1332 1060 1364 sapientissime
1084 1333 1211 1356 observat
1228 1333 1262 1356 ad
1281 1333 1331 1356 hoc
1350 1333 1537 1357 documentum
1556 1337 1648 1357 auctor
1667 1334 1756 1365 operis
1780 1334 1976 1359 Universt'tatis
1995 1335 2168 1360 Para-riensi.»-

287 1376 407 1409 qy'usque
420 1375 593 1407 facultatum
611 1379 738 1407 quatuor
751 1377 833 1407 oriyo
847 1383 915 1401 vera
934 1380 1027 1400 contra
1041 1377 1178 1406 Bulaeum,
1195 1377 1241 1409 qui
1260 1385 1292 1401 ex
1305 1377 1397 1401 eodem
1412 1378 1458 1406 III,
1475 1379 1505 1401 79
1524 1378 1666 1406 concludit,
1683 1378 1871 1402 cancellarium
1890 1378 2067 1403 Parisiensem
2087 1379 2169 1403 t'uissc

286 1423 350 1444 tnnc
368 1420 456 1444 solum
470 1419 587 1443 scribam
602 1420 791 1444 Universitatis
806 1420 1012 1453 chartarumque
1027 1421 1164 1445 custodem
1180 1429 1186 1445 t
1204 1430 1216 1445 «
1236 1421 1302 1449 Quis
1318 1421 1410 1450 nescit,
1426 1421 1479 1445 alia
1499 1421 1582 1446 fuisse
1601 1422 1753 1446 cancellarii
1768 1422 1795 1446 in
1810 1422 1930 1451 ecclesia,
1946 1423 2000 1446 ulia
2018 1423 2045 1446 in
2060 1423 2170 1448 Univer—

287 1464 366 1489 sitate
381 1464 490 1488 munia?
503 1465 596 1496 Itaque
616 1464 639 1488 si
658 1464 769 1496 capituli
789 1465 980 1489 commentaria
998 1466 1149 1494 confecerit,
1170 1469 1311 1498 certasque
1326 1466 1382 1498 ejus
1398 1469 1424 1490 et
1438 1466 1614 1490 instrumenta
1628 1466 1738 1498 publica
1752 1467 1950 1499 conscripserit,
1971 1467 2055 1499 sigilli
2069 1467 2170 1500 capitu-

285 1509 352 1534 laris
371 1509 521 1534 custodiam
540 1509 672 1538 habuerit,
693 1509 883 1534 bibliothecam
902 1510 1043 1539 curaverit,
1060 1510 1220 1542 magistrum
1234 1510 1359 1534 idoneum
1374 1511 1480 1534 scholae
1495 1511 1632 1534 claustrali
1648 1511 1814 1543 praefecerit,
1831 1511 1876 1543 qui
1895 1511 2031 1535 sufficiens
2051 1515 2121 1536 esset.
2135 1513 2167 1536 ad

287 1554 440 1578 scholarum
458 1554 578 1586 regimen
597 1557 624 1578 et
641 1554 675 1578 ad
694 1554 822 1583 officium,
842 1555 913 1587 quod
932 1555 1046 1579 debebat
1067 1556 1153 1579 [acere
1173 1555 1199 1579 in
1222 1555 1342 1583 ecclesia,
1363 1558 1389 1579 et
1407 1556 1441 1579 ad
1460 1555 1564 1579 litteras
1584 1556 1694 1587 capituli
1713 1556 1737 1579 si
1755 1564 1822 1588 opus
1838 1559 1908 1580 esset
1923 1556 2067 1585 faciendas,
2083 1557 2121 1580 nil
2135 1558 2169 1580 ad

286 1607 343 1623 rem
357 1602 486 1623 nostram.
507 1599 576 1623 Illud
595 1598 632 1623 sit
650 1602 697 1623 aut
715 1607 777 1628 non,
797 1599 865 1623 nihil
885 1599 919 1624 ad
938 1599 1112 1628 academiam,
1133 1608 1218 1632 neque
1236 1600 1338 1632 pariter
1357 1608 1425 1632 opus
1446 1600 1496 1624 ruit
1515 1603 1554 1624 tot
1573 1601 1607 1624 ad
1626 1600 1673 1624 illa
1693 1601 1784 1624 munia
1803 1600 2002 1625 observationes
2020 1602 2044 1631 (a
2059 1601 2167 1631 Bulaeo)

286 1643 392 1672 addere,
408 1643 461 1667 nisi
475 1643 535 1676 quis
550 1643 630 1667 vellet
643 1643 749 1675 longius
765 1643 882 1676 evagari.
899 1652 911 1667 n
928 1644 997 1668 Bibl.
1014 1644 1135 1669 Univers.
1153 1653 1202 1668 ms.
1219 1653 1245 1668 u.
1262 1645 1282 1674 1,
1299 1645 1322 1674 1,
1338 1653 1364 1677 p.
1381 1646 1437 1670 525.

382 1728 403 1752 1.
425 1728 576 1760 Stephanus
601 1728 747 1758 Remensis,
772 1728 818 1761 qui
842 1729 1012 1761 subsignavit
1034 1729 1137 1753 litteras
1163 1729 1282 1762 Hugonis
1307 1730 1399 1754 decani
1419 1730 1482 1753 eccl.
1504 1729 1588 1754 Paris.
1614 1738 1683 1753 anno
1704 1730 1764 1754 1216
1781 1730 1890 1762 (Mayn.
1912 1730 2035 1759 Pastor„
2058 1739 2084 1762 p.
2108 1731 2168 1759 623;

286 1773 376 1798 Parv-
395 1773 520 1802 Pastor„
539 1781 567 1805 p.
587 1773 652 1803 269).
669 1773 839 1802 Hemeraeus,
859 1774 902 1798 De
919 1775 1001 1799 acad.
1024 1774 1130 1805 Paris„
1158 1783 1185 1806 p.
1213 1775 1267 1803 117,
1292 1775 1346 1803 122,
1373 1782 1515 1806 perperam
1536 1775 1603 1798 duos
1631 1774 1779 1806 Stephanos
1802 1774 1870 1798 inter
1889 1775 2062 1798 cancellarios
2084 1775 2168 1799 Paris-

288 1817 388 1842 saeculi
402 1817 462 1842 xm
476 1817 591 1841 ineuntis
606 1821 751 1846 enumerat,
767 1826 828 1841 cum
842 1821 932 1842 tamen
947 1818 1052 1842 nonnisi
1066 1818 1117 1843 iste
1137 1819 1297 1851 Stephanus,
1314 1819 1360 1851 qui
1375 1819 1490 1843 Johanni
1505 1819 1537 1843 de
1552 1819 1675 1843 Candelis
1691 1818 1819 1842 successit
1838 1819 1907 1849 (vide
1923 1827 2006 1850 supra
2025 1819 2059 1843 ad
2074 1823 2104 1843 n⁰
2120 1819 2169 1850 14),

287 1861 375 1886 officio
389 1861 542 1886 cancellarii
553 1862 723 1894 fungebatur.
735 1863 771 1886 Ac
785 1871 837 1886 non
851 1862 947 1887 habuit
960 1863 1118 1887 canonicum
1130 1864 1159 1888 R.
1171 1864 1204 1888 de
1218 1864 1306 1888 Remis
1322 1872 1512 1892 successorem,
1533 1867 1562 1888 ut
1577 1863 1647 1887 idem
1662 1863 1821 1888 Hemeraeus
1833 1863 1937 1892 asserit,
1950 1864 1996 1887 sed
2011 1864 2167 1896 Philippum

287 1906 320 1930 de
333 1906 426 1931 Greve.
441 1919 474 1924 —
487 1907 511 1930 2.
527 1906 557 1930 ln
571 1906 660 1932 Parv-
675 1907 787 1932 Pastor.
803 1907 878 1931 deest
893 1916 905 1931 (ι
922 1915 1011 1932 mense
1025 1907 1135 1932 Octobri
1151 1916 1172 1931 u.

287 2091 367 2130 22.
390 2101 572 2128 Innocentius
596 2103 645 2128 11!
667 2101 805 2139 reprobat
833 2102 862 2128 in
892 2103 1017 2129 Concilio
1045 2103 1238 2130 Lateranensi
1266 2104 1311 2130 IV
1333 2103 1438 2139 dogma
1466 2102 1615 2130 Amalrici.
1648 2103 1758 2129 Statuit
1786 2103 1861 2129 inter·
1888 2102 1960 2138 alia,
1987 2103 2016 2129 in
2041 2103 2171 2139 qualibet

377 2149 542 2177 cathedrali
556 2150 688 2187 ecclesia,
707 2150 749 2178 vel
762 2150 835 2187 alia,
852 2160 975 2188 quarum
996 2153 1134 2187 sufficere
1151 2155 1289 2189 poterunt
1308 2152 1477 2188 facultates,
1496 2161 1515 2178 a
1533 2151 1671 2189 praelato
1687 2152 1729 2179 vel
1743 2151 1872 2189 capitulo
1894 2161 1980 2178 unum
2002 2152 2170 2188 magistrum

377 2198 548 2236 eligendum,
566 2199 614 2226 cui
627 2198 760 2227 redditus
781 2200 866 2227 unius
880 2200 1069 2237 praebendae
1084 2201 1287 2237 assignentur-‚-
1305 2201 1334 2228 in
1350 2201 1574 2238 metropolitana
1596 2209 1658 2228 vero
1676 2200 1799 2228 ecclesia
1814 2200 1977 2236 eligendum
1998 2200 2167 2237 theologum.

1449 2305 1519 2334 1215,
1534 2304 1680 2331 novembris
1693 2305 1739 2334 30,
1755 2305 1882 2331 Laterani.

378 2391 404 2433 (5
432 2390 465 2434 2)
500 2389 770 2436 Reprobamus‘
807 2391 912 2425 etiam
948 2398 984 2425 et
1017 2391 1254 2438 dampnamus
1291 2392 1610 2438 perversissimum
1650 2392 1804 2437 dogma²
1841 2391 2028 2433 Almerici,
2065 2391 2170 2437 cujus

290 2462 447 2490 mentem
467 2456 521 2490 sic
541 2463 643 2503 pater
662 2457 842 2491 mendacii
862 2458 1056 2500 excecavit,
1080 2464 1120 2492 ut
1138 2459 1219 2504 ejus
1240 2458 1403 2493 doctrina
1425 2471 1499 2492 non
1521 2465 1589 2492 tam
1611 2458 1768 2491 heretica
1789 2458 1972 2491 censenda
1996 2458 2045 2491 sit
2063 2470 2168 2504 quam

289 2523 428 2557 insana.

378 2590 406 2635 (5
434 2591 486 2635 11)
512 2590 605 2634 Quia
626 2590 815 2625 nonnullis
842 2598 992 2638 propter
1011 2591 1170 2638 inopiam
1197 2598 1232 2625 et
1256 2591 1406 2638 legendi
1430 2591 1590 2626 studium
1617 2598 1652 2625 et
1676 2592 1929 2638 opportunitas
1955 2591 2170 2637 proficiendi

281 2655 526 2710 subtrahitur,
549 2657 587 2691 in
606 2657 842 2692 Lateranensi
862 2658 1048 2693 Concilio⁸
1068 2658 1126 2705 pia
1146 2658 1214 2693 suit
1233 2658 1494 2693 constitutione
1512 2658 1714 2704 provisum,
1735 2665 1775 2692 ut
1794 2670 1858 2705 per
1878 2670 2170 2705 unamquamque

289 2723 533 2758 kathedralem
561 2723 752 2759 ecclesiam
778 2725 966 2771 magistro,
992 2725 1055 2772 qui
1075 2725 1230 2760 clericos
1250 2726 1415 2772 ejusdem
1441 2725 1597 2759 ecclesie
1621 2725 1787 2771 aliosque
1808 2725 1970 2759 scolares
1990 2737 2170 2772 pauperes

289 2790 403 2836 gratis
431 2790 642 2833 instrueret,
671 2790 821 2838 aliquod
850 2791 1069 2826 beneficium
1096 2799 1309 2839 competens
1336 2792 1563 2839 preberetur,
1592 2804 1664 2838 quo
1693 2799 1729 2826 et
1754 2792 1920 2826 docentis
1948 2792 2171 2827 relevaretur

289 2857 503 2899 necessitas,
526 2863 563 2892 et
580 2857 637 2893 via
658 2865 797 2904 pateret
820 2859 1049 2894 discentibus
1074 2859 1119 2894 ad
1143 2859 1358 2894 doctrinam.
1384 2861 1519 2894 Verum
1545 2859 1717 2905 quoniam
1742 2859 1780 2893 in
1801 2859 1924 2893 multis
1946 2859 2112 2893 ecclesiis
2133 2859 2169 2891 id

290 2923 439 2959 minime
459 2923 686 2967 observatur,
713 2937 782 2960 nos
804 2926 1009 2973 predictum
1030 2926 1245 2961 roborantes
1271 2933 1456 2969 statutum,
1479 2926 1669 2969 adicimus,
1696 2933 1828 2961 utnon
1849 2926 1966 2961 solum
1989 2926 2026 2960 in
2047 2925 2170 2959 kathe-

291 2989 383 3024 drali
419 2990 586 3039 ecclesia,
627 2991 693 3027 sed
731 2993 838 3027 etiam
877 2993 915 3028 in
952 2993 1047 3037 aliis,
1086 3006 1238 3040 quarum
1277 2994 1444 3029 sufficere
1484 2999 1656 3040 poterunt
1692 2993 1896 3035 facultates,
1929 2993 2169 3039 constituatur

417 3049 515 3074 Chare.
536 3050 616 3075 Unio.
633 3050 728 3076 Par-is.
746 3050 766 3076 1.
2016 3050 2043 3075 11
