2580 3528
234 430 335 475 1253]
576 440 623 461 ΑΒ
657 439 762 461 Anno
797 438 873 461 uec
908 438 1040 467 usQuiz
1075 438 1123 459 An
1158 437 1386 459 Ριιιιιιψυιι
1423 438 1462 459 iv
1496 437 1585 462 aar..
1624 438 1758 460 rimae.
2041 430 2113 467 2435

232 525 382 548 census
399 513 446 547 de
472 512 676 566 ‘multorum
710 524 904 557 procerum
938 511 1055 557 ipsius
1095 511 1198 556 regni
1233 523 1272 544 ac
1311 510 1463 544 aliorum
1498 511 1718 556 sapientum
1738 511 1893 544 consilio
1934 513 2103 556 prefatum

232 580 400 630 injuriam
434 578 479 614 ad
511 571 689 617 honorem
723 579 789 612 Dei
823 590 862 612 ac
898 578 1002 624 regni
1034 577 1218 611 memorati
1254 584 1421 622 potentet
1454 589 1493 610 ac
1529 583 1692 622 patenter
1726 577 1920 611 emendare
1954 579 2104 619 cutavit

233 645 378 680 duobus
407 645 586 679 dictorum
616 645 885 678 malefactorum
916 656 981 690 per
1005 643 1215 689 judicialem
1248 644 1463 676 sententiam
1495 650 1608 676 tractu
1640 655 1815 689 equorum
1848 655 1913 689 per
1942 644 2043 677 vicos
2073 651 2108 677 et

232 709 369 762 plateas
390 708 557 772 civitatis
591 710 810 745 Parisiensis
844 723 883 744 ac
918 711 1062 744 demum
1098 710 1299 756 suspendio
1334 710 1548 751 intersectis,
1585 709 1737 755 reliquis
1770 721 1857 743 vero
1888 711 1924 742 in
1959 711 2105 743 exilium

232 770 444 826 deportatis.
469 761 546 814 Nos
570 772 682 824 igitur
707 778 888 824 pendente
914 777 1069 823 negocio
1095 777 1303 822 supradicto
1332 777 1474 810 interim
1502 776 1753 822 tranquillitati
1774 783 1898 811 nostre
1919 789 1958 810 ac
1986 778 2108 822 passi⁸

233 845 428 901 volentes
418 857 456 878 ιιι
477 850 663 891 posterum
683 844 877 890 providere
895 843 1014 877 habita
1033 843 1201 889 diligenti
1221 843 1485 876 deliberatione
1505 843 1675 876 duximus
1696 843 1927 876 statuendum
1949 850 1987 876 ut
2006 844 2108 877 deee-

233 902 311 952 tero
341 911 465 952 nullus
496 912 533 952 in
564 923 792 957 quacumque
822 911 989 945 facultate
1014 910 1189 956 magister
1214 910 1257 943 ad
1283 910 1479 956 collegium
1509 910 1765 955 magistrorum
1796 910 1853 944 vel
1881 911 2106 944 consortium

234 975 489 1013 Universitatis
505 985 634 1012 nostre
655 978 884 1024 aliquatenus
905 977 1126 1018 admittatur
1148 977 1220 1010 nisi
1238 977 1340 1022 prius
1357 977 1393 1009 in
1415 977 1520 1022 plena
1542 977 1828 1022 congregatione
1850 977 2106 1023 magistrorum

233 1028 290 1084 vel
325 1029 454 1085 saltem
486 1056 606 1085 coram
639 1044 757 1078 tribus
789 1044 972 1090 magistris
1003 1056 1068 1077 sue
1099 1043 1278 1077 facultatis
1308 1043 1351 1076 ad
1386 1043 1452 1076 hee
1482 1043 1689 1088 specialitei
1719 1043 1900 1089 deputatis
1931 1044 2107 1089 jurwneiit

233 1111 565 1159 ordinationes'et
589 1111 780 1157 privilegia
810 1111 910 1144 sedis
939 1110 1139 1156 apostolice
1168 1109 1225 1143 vel
1256 1111 1336 1155 ejus
1366 1109 1566 1155 legatorum
1599 1109 1706 1143 nobis
1732 1109 1871 1143 indulta
1900 1122 2043 1143 necnon
2074 1117 2110 1144 et

233 1167 366 1217 statuta
391 1163 526 1212 ‘nostra
555 1177 651 1211 licita
686 1183 722 1210 et
754 1177 906 1211 honesta
941 1183 977 1210 et
1010 1176 1117 1210 nobis
1151 1176 1381 1222 expedientia
1416 1188 1456 1209 se
1496 1176 1648 1210 firmiter
1686 1176 1976 1210 observaturum.
2018 1178 2105 1210 Item

233 1251 372 1278 secreta
406 1251 450 1294 et,
474 1244 627 1292 consilia
660 1250 782 1277 nostra
817 1250 900 1289 post
933 1243 1187 1276 inhibitionem
1223 1242 1293 1275 sibi
1328 1243 1454 1276 factam
1485 1255 1502 1275 ιι
1535 1242 1641 1275 nobis
1671 1243 1864 1276 fideliter¹⁰
1893 1243 2105 1276 celaturum.

236 1312 390 1357 insuper
418 1300 814 1347 confederationibus¹¹
848 1310 983 1343 nostris
1013 1309 1124 1343 licitis
1154 1316 1190 1342 et
1217 1308 1383 1342 honestis
1413 1322 1452 1342 ac
1484 1309 1590 1342 nobis
1620 1309 1900 1354 expedientibus
1936 1310 2107 1356 precipue

233 1389 276 1410 ex
298 1384 423 1411 tenore
444 1377 619 1410 dictarum
642 1376 950 1422 indulgentiaium
974 1388 1038 1409 seu
1061 1375 1330 1408 ordinationum
1346 1376 1370 1394 ¹¹
1391 1376 1554 1421 vigorem
1576 1375 1796 1409 habentibus
1817 1388 1856 1409 se
1877 1377 2109 1410 concorditer

233 1456 272 1478 ac
301 1443 450 1508 pacifice
477 1443 686 1477 consentire
712 1444 814 1488 juxta
844 1443 1102 1476 documentum
1133 1441 1228 1475 beati
1258 1442 1455 1487 Augustini
1485 1442 1641 1475 dicentis
1665 1455 1671 1475 z
1702 1457 1718 1473 «
1740 1443 1874 1488 Turpis
1904 1450 1960 1476 est
1989 1444 2109 1477 omnis

233 1505 318 1556 pars
351 1522 419 1544 suo
449 1512 534 1544 'non
551 1521 762 1555 congruens
791 1509 964 1542 universo
993 1523 1022 1541 »
1054 1508 1159 1552 Quod
1190 1515 1229 1541 ut
1258 1508 1398 1541 firmius
1428 1508 1659 1564 obserxetur,
1693 1509 1885 1542 statuimus
1918 1516 1956 1543 ut
1986 1510 2109 1543 nullus

234 1577 408 1622 magister
428 1576 645 1622 principium
667 1575 821 1623 alicujus
847 1575 1043 1608 bachelarii
1070 1582 1194 1608 tenere
1220 1574 1277 1608 vel
1303 1575 1382 1619 ejus
1409 1575 1588 1620 principio
1617 1575 1797 1609 interesse
1819 1582 2015 1620 presumat,
2040 1576 2109 1608 nisi

234 1643 336 1688 prius
361 1643 395 1677 ei
419 1643 638 1687 constiterit,
665 1642 763 1688 quod
790 1642 885 1675 idem
914 1641 1143 1675 bachelarius
1168 1641 1212 1674 ad
1240 1641 1401 1687 predicta
1431 1642 1538 1674 modo
1569 1641 1759 1687 prehabito
1786 1642 1834 1675 sit
1862 1641 2007 1688 ligatus.
2038 1644 2110 1675 Nec

235 1697 330 1743 idem
356 1709 598 1759 bachelarius,
624 1709 655 1753 si
680 1709 751 1742 alio
778 1709 886 1742 modo
907 1709 1098 1755 inceperit,
1125 1708 1298 1754 magister
1322 1720 1340 1741 a
1367 1707 1473 1741 nobis
1498 1708 1727 1754 aliquatenus
1754 1708 1940 1742 habeatur.
1969 1710 2058 1742 Item
2079 1710 2110 1742 si

234 1762 382 1812 vacante
403 1776 525 1821 studio
546 1770 743 1810 parisiensi
765 1775 812 1809 ob
832 1787 960 1809 causas
981 1775 1193 1809 consimiles
1214 1774 1271 1808 vel
1291 1774 1380 1808 alias
1401 1774 1636 1808 rationabiles
1657 1775 1789 1821 aliquis
1814 1775 1957 1809 interim
1979 1776 2111 1809 bache-

235 1843 348 1898 larius
381 1843 419 1876 in
453 1827 571 1888 aliqua
605 1842 772 1876 facultate
807 1843 852 1875 de
887 1854 982 1875 novo
1017 1841 1256 1887 solempniter
1286 1841 1447 1887 incipere
1484 1841 1539 1875 vel
1574 1841 1706 1887 aliquis
1741 1853 1881 1884 eorum,
1917 1843 1978 1888 qui
2009 1843 2110 1887 prius

235 1894 420 1951 rexerunt,
461 1896 547 1943 suas
587 1909 731 1942 interim
773 1908 951 1942 lectiones
987 1920 1174 1942 resumere
1211 1908 1488 1953 presumpserit,
1530 1915 1660 1941 extunc
1697 1921 1713 1941 a
1754 1909 1947 1942 consorcio
1985 1916 2110 1942 nostro

235 1962 501 2023 imperpetuum
529 1975 754 2018 excludatur,
783 1987 849 2008 nec
874 1975 1034 2009 Parisius
1062 1986 1126 2008 seu
1157 1974 1257 2015 alibi,
1286 1973 1347 2007 ubi
1374 1974 1534 2007 studium
1562 1975 1750 2008 transferri
1778 1975 1987 2022 contigerit,
2017 1975 2111 2009 inter

235 2042 431 2088 magistros
463 2053 529 2088 seu
563 2041 724 2076 scolares
753 2042 982 2088 aliquatenus
1010 2041 1229 2074 admittatur.
1268 2042 1311 2074 Et
1339 2053 1431 2087 pena
1459 2041 1642 2075 consimili
1672 2041 1838 2084 scolaris,
1873 2042 1934 2088 qui
1965 2042 2108 2075 interim

234 2094 342 2152 causa
362 2108 474 2142 studii
493 2108 655 2146 Parisius
674 2109 799 2142 venire
821 2108 1098 2154 presumpserit,
1129 2107 1312 2154 punietur,
1336 2107 1406 2140 nisi
1428 2114 1724 2154 transgressores
1745 2108 1898 2153 predicti
1919 2121 2111 2154 presump-

236 2175 370 2209 tionem
392 2186 493 2208 suam
513 2175 558 2209 ad
578 2174 766 2209 arbitrium
790 2175 1044 2209 Universitatis
1066 2181 1190 2208 nostre
1211 2174 1645 2207 curaverintemendare.
1669 2176 1742 2207 Hec
1763 2182 1881 2208 autem
1899 2175 2110 2208 ordinamus

235 2230 482 2275 et'statuimus
508 2241 579 2276 sub
602 2253 707 2287 pena,
734 2253 839 2287 quam
866 2241 1034 2287 infligere
1060 2253 1270 2287 possumus,
1297 2240 1557 2274 inviolabiliter
1582 2240 1823 2283 observanda,
1850 2241 2109 2274 nichilominus

236 2293 472 2349 recensentes
497 2307 740 2354 supradictam
762 2308 1146 2342 excommunicationis
1172 2307 1401 2349 sententiam,
1429 2319 1498 2352 que
1525 2307 1561 2340 in
1587 2313 1881 2354 transgressores
1908 2308 2109 2353 premissos

235 2363 374 2410 exstitit
399 2373 639 2422 promulgata,
668 2380 707 2408 ut
734 2373 779 2407 ab
807 2373 977 2407 omnibus
1006 2373 1266 2407 inviolabiliter
1291 2373 1520 2415 observetur,
1552 2373 1649 2406 salva
1678 2374 1714 2406 in
1742 2373 1912 2407 omnibus
1942 2373 2108 2407 libertate

235 2453 275 2474 ac
298 2441 383 2487 jure
412 2430 670 2477 canonicOrum
704 2441 963 2475 Parisiensium
994 2447 1166 2486 quantum
1197 2440 1240 2473 ad
1272 2440 1403 2480 omnia,
1436 2440 1471 2472 in
1502 2439 1636 2486 quibus
1667 2446 1702 2473 et
1731 2452 1795 2485 per
1825 2451 1895 2485 que
1925 2452 1942 2473 a
1974 2441 2110 2474 nostris

236 2493 529 2555 ordinationibus
559 2514 596 2541 et
623 2507 766 2541 statutis
795 2507 1007 2541 auctoritate
1035 2506 1232 2554 apostolica
1262 2518 1328 2539 seu
1358 2518 1448 2551 qua(
1452 2518 1573 2552 unque
1603 2506 1670 2539 ιιΙίιι
1698 2513 1783 2540 sunt
1810 2507 1978 2553 exempti.
2012 2508 2109 2541 llanc

235 2562 355 2607 autem
379 2574 645 2624 ordinationem
674 2586 739 2607 seu
767 2580 938 2608 statutum
963 2586 981 2607 a
1007 2573 1113 2607 nobis
1138 2572 1374 2619 approbatum
1402 2579 1437 2605 ct
1462 2572 1597 2606 editum
1628 2573 1741 2619 sigilli
1767 2573 1883 2608 nostri
1910 2574 2109 2607 munimine

235 2640 388 2675 fecimus
422 2626 599 2677 roborari.
635 2641 804 2674 Actum¹³
834 2647 890 2674 est
919 2640 987 2674 hoc
1017 2646 1188 2674 statutum
1219 2651 1313 2673 anno
1345 2639 1508 2685 predicto
1544 2651 1669 2672 mense
1701 2639 1830 2686 Aprili.
1867 2640 1929 2674 Set
1962 2642 2111 2687 propter

235 2696 654 2756 addlicionemclaupsule
680 2707 725 2741 de
751 2707 903 2741 emenda
932 2708 1021 2741 sacta
1049 2718 1113 2754 per
1140 2707 1307 2740 comitem
1335 2712 1585 2748 memoratum,
1613 2718 1684 2752 que
1712 2707 1873 2740 nondum
1901 2707 1991 2740 saeta
2021 2714 2109 2754 erat,

236 2758 552 2832 qtfflssdosssshfflm
591 2780 648 2811 est
681 2773 748 2808 hoc
783 2780 968 2816 statutum,
1005 2773 1162 2820 sigillata
1197 2779 1252 2807 est
1285 2779 1379 2806 carta
1414 2773 1480 2806 ista
1521 2772 1571 2819 iiij
1608 2785 1692 2807 non.
1738 2773 1992 2823 Septembris„
2016 2767 2111 2811 anno

237 2826 426 2885 predicto..
558 2833 560 2837 ’
1775 2831 1778 2834 Δ
2110 2831 2114 2835 ”

331 2951 467 3005 briei-iste
481 2951 514 2997 ίιιιΑ
524 2954 599 2998 Ateii.
612 2958 734 2999 [linium.v
751 2974 834 2999 Parin,
852 2974 926 3000 theca
942 2974 982 2999 tv.
1001 2975 1028 2998 A.
1045 2972 1106 2998 22b.
1124 2974 1247 3007 Sigillum
1263 2982 1366 2999 oei-eum
1378 2954 1471 3001 viridis
1487 2974 1582 2998 colori·
1598 2974 1712 2999 tumuioto
1728 2958 1927 3013 membranaceo
1942 2954 2110 3007 appenditur,
