2618 3640
516 421 537 453 6
1099 427 1420 449 CHARTULARHJM
1456 427 1647 449 UNIVERS.
1685 427 1815 449 PARIS.

514 503 738 537 conscientia
754 502 975 536 venerabilis
991 502 1111 535 fratris
1128 501 1244 534 nostri
1262 501 1408 534 Henrici
1426 501 1617 537 Remensis
1634 501 1899 547 archiepiscopi
1916 507 1952 534 et
1967 501 2176 534 officialium
2194 513 2343 534 suorum
2360 501 2399 534 in

515 571 617 616 ipsos
639 582 711 603 non
728 570 856 603 citatos
873 582 939 602 nec
958 570 1150 602 confessos
1167 569 1329 614 proxime
1347 568 1514 613 sequenti
1529 568 1588 601 die
1605 568 1990 601 excommunicationis
2007 568 2223 602 sententiam
2241 568 2398 613 promul-

515 637 625 683 gavit,
646 649 751 682 quam
774 637 869 669 idem
891 636 1190 681 archiepiscopus
1211 636 1308 676 fecit,
1326 642 1434 680 prout
1455 635 1593 676 debuit,
1615 635 1779 668 relaxari.
1804 637 1844 668 In
1866 647 1937 680 quo
1959 635 2083 680 utique
2105 635 2215 668 iidem
2237 635 2398 668 scolares

516 704 720 739 libertatem
742 716 843 736 suam
864 703 1058 749 plurimum
1081 703 1195 735 fuisse
1217 702 1327 735 lesam
1346 709 1567 747 proponunt,
1587 714 1667 735 cum
1685 714 1760 735 eam
1779 714 1818 735 se
1839 709 2006 736 asserant
2024 702 2228 736 libertatem
2249 702 2453 744 habere,‘'“*·.

516 777 556 804 ut
573 770 697 804 nullus
715 770 751 803 in
773 782 836 803 eos
857 770 1035 803 violentas
1056 781 1183 802 manus
1205 769 1354 814 injicere
1376 775 1437 802 aut
1457 769 1739 802 ecclesiasticam
1762 770 1978 803 sententiam
2000 770 2130 803 audeat
2150 769 2397 815 promulgare,
2411 721 2471 807 ᾗ

517 838 634 870 donec
665 850 784 870 coram
814 837 987 882 magistro
1016 849 1082 869 suo
1109 836 1223 870 velint
1243 836 1385 881 justitie
1412 837 1543 869 stare².
1577 836 1667 869 Hinc
1693 836 1875 881 siquidem
1904 843 1940 870 et
1965 836 2046 870 aliis
2072 837 2218 882 injuriis
2244 837 2398 882 predicti

517 904 678 938 scolares
712 904 909 949 provocati,
939 904 1094 936 eundem
1129 903 1396 948 presbyterum,
1429 903 1524 936 sicut
1552 910 1734 944 asserunt,
1761 903 1805 936 ad
1835 910 1995 936 nostram
2025 904 2246 949 presentiam
2275 903 2400 949 appel-

517 971 638 1005 larunt
658 983 664 1003 :
688 971 752 1003 sed
774 983 838 1015 per
859 983 898 1003 se
919 970 976 1003 vel
999 982 1063 1015 per
1084 970 1192 1002 alium
1215 976 1340 1002 nostro
1362 981 1401 1002 se
1422 970 1636 1014 conspectui
1659 970 1807 1003 minime
1828 971 2061 1015 presentavit.
2087 971 2266 1014 Quoniam
2287 971 2400 1016 igitur

517 1038 613 1070 idem
644 1037 834 1082 presbyter
857 1037 892 1069 in
914 1037 995 1077 hoc,
1024 1037 1054 1069 si
1084 1048 1208 1069 verum
1238 1043 1305 1076 est,
1333 1035 1583 1081 multipliciter
1610 1037 1815 1069 excessisse
1842 1037 2000 1078 videtur,
2025 1049 2093 1070 nos
2119 1049 2294 1071 excessus
2319 1039 2399 1083 ejus

517 1104 697 1145 nolentes,
721 1104 814 1136 sicut
835 1116 906 1135 non
929 1103 1119 1143 debemus,
1144 1103 1370 1135 incorrectos
1392 1102 1564 1147 relinqui,
1587 1103 1801 1136 discretioni
1822 1110 1943 1136 vestre
1961 1115 2026 1149 per
2045 1104 2245 1149 apostolica
2267 1105 2401 1150 scripta

516 1170 751 1216 precipiendo
779 1170 1002 1210 mandamus,
1026 1170 1196 1214 quatinus
1222 1168 1385 1214 partibus
1416 1176 1498 1202 ante
1523 1176 1680 1203 vestram
1706 1170 1927 1215 presentiam
1953 1172 2177 1213 convocatis,
2203 1183 2316 1217 super
2342 1171 2400 1205 his

516 1238 568 1270 rei
598 1237 782 1270 veritatem
815 1236 1017 1269 studiosius
1048 1236 1259 1281 inquiratis,
1292 1242 1327 1269 et
1356 1236 1387 1268 si
1418 1236 1633 1270 inveneritis
1664 1237 1866 1282 predictum
1894 1237 2149 1283 presbyterum
2180 1238 2333 1272 choreas
2362 1239 2401 1275 in

515 1310 713 1348 conspectu
749 1303 963 1335 clericorum
997 1309 1033 1335 et
1063 1303 1236 1336 laicorum
1266 1303 1429 1344 duxisse,
1461 1310 1497 1336 et
1526 1316 1590 1349 pro
1622 1303 1681 1337 tali
1712 1316 1819 1337 causa
1851 1311 1982 1338 tantam
2014 1305 2163 1350 prefatis
2195 1305 2400 1340 scolaribus

516 1370 683 1415 injuriam
712 1370 893 1410 intulisse,
921 1377 981 1403 aut
1008 1370 1108 1414 ipsos
1139 1370 1185 1403 ita
1213 1370 1356 1403 incaute
1388 1370 1604 1404 anathemati
1635 1371 1852 1416 subjecisse,
1882 1372 2001 1417 ipsum
2032 1373 2244 1406 auctoritate
2275 1379 2400 1406 nostra

516 1437 658 1470 sublato
684 1437 937 1482 appellationis
966 1437 1127 1469 remedio
1155 1437 1199 1470 de
1231 1444 1325 1470 tanta
1352 1437 1509 1479 levitate,
1538 1439 1827 1484 presumptione,
1854 1445 1890 1472 et
1914 1440 2060 1473 audacia
2092 1440 2182 1473 dure
2209 1447 2245 1473 et
2270 1452 2400 1486 aspere

517 1504 687 1549 puniatis,
711 1510 745 1537 et
770 1504 800 1536 si
821 1503 926 1537 vobis
947 1504 1152 1537 constiterit
1173 1517 1254 1537 eum
1276 1504 1334 1538 vel
1355 1504 1554 1550 complices
1580 1517 1669 1538 suos
1693 1505 1730 1538 in
1751 1505 1894 1551 aliquos
1915 1507 2163 1552 predictorum
2189 1507 2399 1549 scolarium,

516 1571 578 1616 qui
599 1577 724 1604 essent
743 1571 879 1610 clerici,
901 1571 1079 1604 violentas
1100 1583 1228 1604 manus
1249 1572 1434 1616 injecisse,
1458 1572 1560 1617 ipsos
1581 1573 1793 1606 auctoritate
1814 1573 2013 1618 apostolica
2034 1574 2117 1607 freti
2138 1574 2237 1607 omni
2258 1580 2401 1608 contra-

516 1638 675 1670 dictione
706 1644 741 1670 et
769 1638 1010 1683 appellatione
1038 1639 1240 1683 postposita
1271 1638 1416 1684 publice
1447 1640 1780 1673 excommunicatos
1811 1640 2048 1682 denuntietis,
2079 1647 2115 1674 et
2140 1641 2280 1674 faciatis
2307 1641 2403 1675 sicut

517 1705 848 1738 excommunicatos
887 1705 1027 1738 cautius
1067 1706 1205 1747 evitari,
1242 1706 1359 1739 donec
1399 1706 1518 1751 passis
1558 1707 1725 1751 injuriam
1766 1719 1930 1752 congrue
1970 1708 2203 1750 satisfaciant,
2246 1715 2281 1741 et
2319 1720 2400 1742 cum

517 1778 716 1805 vestrarum
753 1772 962 1804 testimonio
992 1772 1192 1805 litterarum
1232 1773 1434 1818 apostolico
1470 1785 1509 1805 sc
1544 1774 1758 1819 conspectui
1793 1781 2066 1820 representent;
2108 1781 2144 1808 et
2177 1774 2402 1820 prohibeatis

518 1838 701 1879 omnibus,
729 1851 773 1871 ne
799 1839 958 1884 prefatos
985 1839 1145 1872 scolares
1177 1847 1302 1873 contra
1330 1839 1533 1873 libertatem
1566 1853 1691 1874 eorum
1722 1841 1759 1874 in
1792 1841 1914 1887 aliquo
1940 1842 2134 1875 molestare
2164 1842 2321 1875 audeant
2343 1841 2402 1876 vel

516 1917 679 1950 gravare,
714 1905 873 1950 quandiu
907 1918 1027 1938 coram
1056 1907 1230 1951 magistro
1262 1919 1328 1940 suo
1367 1907 1480 1952 parati
1506 1914 1593 1941 sunt
1616 1908 1759 1952 justitie
1793 1915 1901 1941 stare.
1938 1910 2017 1942 Dat.
2049 1909 2247 1942 Tusculani
2280 1910 2314 1954 vj
2350 1908 2400 1942 id.-

516 1972 744 2006 Novembris.

612 2062 754 2091 Sil-mendi,
772 2063 838 2093 Opp.
853 2070 913 2087 var.
931 2063 1023 2094 (Paris.
1036 2064 1106 2096 1696)
1120 2065 1165 2092 111,
1179 2064 1248 2087 1345.
1261 2064 1324 2089 Rec.
1341 2066 1388 2089 des
1400 2065 1507 2089 Hister.
1527 2066 1573 2090 des
1590 2065 1695 2090 Gaules
1711 2066 1762 2094 XV,
1779 2067 1833 2090 8⁹2.
1851 2066 1947 2098 Migne,
1964 2067 2072 2091 Patrol.
2089 2068 2147 2096 lat„
2163 2071 2225 2091 tom.
2244 2066 2293 2095 CC,
2304 2076 2331 2099 p.
2344 2070 2398 2093 746.

614 2134 635 2156 1.
653 2134 729 2157 Petro
744 2134 865 2157 Cellensi.
883 2148 913 2151 —
928 2136 950 2158 2.
967 2135 1042 2163 Quod
1058 2135 1080 2158 si
1096 2135 1131 2159 ita
1147 2139 1204 2159 erat
1219 2136 1315 2164 Remis,
1332 2137 1487 2159 concludere
1502 2145 1655 2168 possumus,
1673 2138 1793 2161 eumdem
1810 2146 1887 2161 usum
1903 2139 2013 2162 Parisiis
2029 2139 2155 2171 viguisse.

519 2300 564 2338 6.
594 2310 762 2336 Alexander
781 2313 828 2336 Ill
843 2311 952 2337 decano
973 2315 1000 2337 et
1019 2312 1147 2348 capitulo
1166 2313 1330 2339 Parisiensi
1349 2313 1487 2349 concedit,
1510 2318 1541 2340 ut
1562 2314 1702 2349 beneficia
1728 2315 1850 2342 Roberto
1870 2315 1907 2342 de
1926 2316 2023 2343 Beelei
2047 2320 2074 2343 et
2099 2319 2237 2353 magistro
2257 2320 2400 2347 Mainerio

609 2368 745 2386 concessa
756 2364 824 2396 post
839 2360 937 2386 horum
953 2360 1059 2386 obitum
1075 2362 1225 2397 recipiant.

1695 2424 1768 2453 1174,
1785 2423 1903 2450 Octobris
1916 2425 1962 2454 28,
1977 2425 2112 2452 Ferentini.

610 2506 815 2538 Alexander
841 2507 1036 2552 episcopus
1062 2520 1191 2541 servus
1213 2520 1402 2542 servorum
1426 2510 1491 2542 Dei
1514 2510 1658 2544 dilectis
1681 2511 1766 2544 filiis
1788 2512 1925 2546 decano
1947 2520 1983 2546 et
2002 2513 2160 2559 capitulo
2182 2515 2401 2549 parisiensis

523 2572 676 2604 ecclesie
700 2573 851 2606 salutem
878 2581 910 2606 et
937 2574 1170 2619 apostolicam
1198 2575 1505 2610 benedictionem.
1532 2578 1676 2611 Justitia
1705 2579 1865 2624 postulat
1887 2586 1923 2613 et
1947 2581 2037 2614 ratio
2063 2581 2260 2626 persuadet
2284 2581 2400 2615 uthis

522 2637 672 2671 uberius
703 2639 899 2672 debeamus
929 2641 1077 2686 gratiam
1110 2649 1269 2676 nostram
1301 2643 1526 2689 impendere,
1557 2651 1592 2678 et.
1621 2645 1698 2679 suis
1720 2646 1833 2691 justis
1863 2646 2173 2692 postulationibus
2202 2647 2400 2694 benignius

522 2711 687 2739 nostrum
704 2705 880 2750 impertiri
896 2707 1068 2749 favorem,
1090 2709 1150 2753 qui
1167 2709 1260 2742 circa
1282 2722 1349 2743 nos
1371 2717 1406 2744 et
1427 2712 1621 2744 Romanam
1644 2712 1835 2745 ecclesiam
1856 2712 1966 2746 multa
1983 2720 2186 2747 noscuntur
2206 2714 2401 2749 devotione

522 2771 676 2812 fervere,
707 2778 742 2804 et
771 2779 928 2806 nostram
959 2782 1209 2819 exsequuntur
1235 2777 1377 2810 facilius
1404 2778 1639 2812 voluntatem.
1670 2779 1758 2811 Inde
1785 2786 1841 2812 est
1869 2779 1967 2824 quod
1996 2792 2077 2812 cum
2103 2792 2168 2814 vos
2199 2781 2243 2814 ad
2271 2794 2400 2827 preces

523 2844 665 2870 nostras
690 2838 822 2871 dilecto
853 2839 926 2872 filio
954 2848 1079 2874 nostro
1108 2842 1265 2876 Roberto
1293 2843 1336 2876 de
1365 2844 1488 2877 Beelei
1514 2845 1648 2878 vicario
1676 2845 1771 2879 beati
1799 2846 1895 2879 Petri
1926 2847 2156 2880 Fossatensis
2182 2859 2293 2893 super
2319 2849 2400 2882 illas

522 2910 603 2936 octo
628 2904 752 2946 libras,
782 2917 870 2950 quas
892 2907 928 2939 in
949 2908 1101 2941 ecelesia
1128 2916 1246 2943 vestra
1271 2917 1393 2955 preter
1420 2912 1596 2945 stationes
1622 2919 1658 2945 et
1678 2912 1838 2946 minutos
1864 2913 2030 2946 redditus
2050 2913 2192 2947 solebat
2216 2916 2398 2949 annuatim

522 2970 723 3015 percipere,
754 2983 817 3004 sex
852 2972 962 3006 libras
993 2975 1096 3007 annis
1132 2976 1289 3021 singulis
1319 2977 1520 3011 liberaliter
1549 2979 1776 3021 addideritis,
1814 2991 1881 3012 nos
1911 2980 2105 3025 providere
2138 2981 2318 3024 volentes,
2354 2995 2399 3016 ne
