2580 3528
250 404 347 445 1256]
589 413 637 436 Aa
669 413 776 436 suno
809 412 887 435 uec
921 412 1053 441 usqua
1087 413 1136 434 An
1170 412 1400 435 rmurruu
1436 413 1474 436 iv
1509 413 1597 436 nae.
1635 414 1772 437 raAuc.
2055 406 2119 439 321

248 487 403 522 ecclesia
431 486 602 521 continua
635 486 855 531 fecunditate
885 486 1067 531 producit,
1097 485 1256 519 odibiles
1286 486 1484 519 redderent
1511 493 1547 520 et
1575 487 1783 533 despectos,
1820 488 1967 532 prelatis
2002 489 2122 522 diver-

248 565 368 588 sarum
403 553 558 599 partium
591 559 627 586 et
660 551 768 586 nobis
801 552 908 586 etiam
942 564 982 585 ac
1015 551 1189 586 fratribus
1223 552 1360 586 nostris
1389 552 1550 598 dirigere
1585 560 1901 598 presumpserunt,
1933 554 1993 586 illa
2023 554 2121 587 ducti

247 619 461 654 crudelitate
486 619 723 664 nequissima,
750 612 848 664 quod
874 618 1038 652 doctrina
1064 617 1239 652 catholica
1265 625 1300 652 et
1320 618 1479 652 salubris
1503 631 1543 652 ac
1569 619 1768 665 predicatio
1787 620 1936 653 fratrum
1958 620 2121 665 ipsorum

248 687 325 720 Deo
354 685 561 732 gratissima
589 692 626 719 et
654 684 882 719 delectabilis
912 697 994 718 eum
1024 684 1238 718 timentibus
1266 692 1557 731 contempnatur,
1587 698 1626 719 ac
1656 685 1853 719 invalescat
1878 686 2121 719 hereticorum

248 752 413 798 perfidia,
438 764 504 798 pro
529 764 599 798 qua
619 751 865 797 impugnanda
886 751 1040 785 viriliter
1065 758 1100 785 et
1125 752 1333 785 omnimode
1360 752 1579 786 confutanda
1603 753 1690 786 dicti
1714 753 1844 786 fratres
1864 753 1964 787 velut
1984 754 2123 786 strenui

248 818 394 865 pugiles
420 818 622 852 orthodoxe
651 817 736 852 fidei
766 824 852 851 sunt
880 818 928 851 ita
956 817 1089 864 vigiles
1119 824 1154 852 et
1183 818 1326 860 intenti,
1357 819 1455 864 quod
1484 819 1623 852 ducunt
1649 831 1714 865 pro
1741 819 1898 861 deliciis,
1927 820 1958 853 si
1985 819 2049 853 hac
2079 820 2123 853 de

247 897 355 920 causa
379 884 506 919 bibant
528 884 723 931 aliquando
749 884 899 918 calicem
923 884 1126 930 passionis..
1147 886 1188 918 In
1214 885 1391 930 quosdam
1413 885 1520 919 etiam
1545 886 1590 919 de
1614 885 1788 919 fratribus
1813 886 1953 919 eisdem
1978 886 2123 931 quidam

248 963 293 986 ex
320 951 524 986 scolaribus
553 951 773 997 supradictis
802 951 963 997 maligno
992 951 1162 985 concitati
1193 952 1338 997 spiritu,
1368 951 1426 985 vel
1455 952 1559 997 quasi
1588 952 1765 986 frenetico
1792 953 1915 986 surore
1946 953 2123 998 possessi,

248 1018 427 1053 violentas
456 1030 599 1060 manus,
627 1024 666 1051 ut
695 1017 841 1059 dicitur,
872 1018 1090 1063 injecerunt,
1120 1024 1157 1051 et
1184 1018 1285 1064 ipsos
1314 1018 1403 1052 alias
1432 1025 1485 1052 tot
1510 1019 1710 1052 affecerunt
1735 1019 1894 1064 injuriis,
1926 1026 1965 1052 ut
1992 1019 2051 1053 vix
2080 1019 2125 1052 de

249 1084 408 1118 claustro
436 1096 503 1119 suo
533 1084 711 1118 auderent
739 1084 867 1130 egredi
897 1096 962 1130 pro
992 1084 1185 1118 cotidianis
1215 1085 1429 1118 elemosinis
1458 1085 1496 1118 in
1526 1097 1592 1119 sue
1622 1086 1792 1131 pauperis
1821 1086 1893 1119 vite
1923 1086 2124 1119 remedium

249 1151 482 1197 acquirendis
494 1150 522 1189 ⁴.
544 1152 696 1184 Demum
722 1162 810 1184 vero
830 1150 941 1184 iidem
961 1151 1091 1184 fratres
1112 1157 1182 1184 tam
1204 1151 1307 1184 duris
1326 1151 1450 1185 afflicti
1474 1151 1654 1185 molestiis
1679 1159 1715 1185 et
1735 1152 1944 1198 obprobriis
1965 1152 2125 1186 lacessiti

249 1218 294 1252 ad
328 1218 506 1264 quandam
537 1217 840 1263 compositionem
870 1229 950 1250 cum
986 1217 1094 1251 dictis
1124 1218 1309 1263 magistris
1338 1225 1374 1252 et
1407 1218 1612 1252 scolaribus
1647 1219 1726 1252 sine
1760 1219 1991 1253 conniventia
2026 1219 2126 1254 sedis

249 1284 449 1330 apostolice
476 1284 597 1318 minus
624 1284 776 1330 provide
803 1283 1044 1325 devenerunt,
1072 1295 1137 1329 per
1163 1296 1268 1329 quam
1295 1284 1390 1318 inter
1415 1284 1484 1318 alia
1510 1285 1767 1330 reprobatione
1793 1286 2009 1331 dignissima
2039 1286 2126 1320 dicti

248 1352 378 1385 fratres
405 1357 442 1384 et
469 1350 631 1384 scolares
660 1362 679 1383 a
706 1350 819 1384 scolis
844 1356 880 1383 et
905 1349 1096 1383 scolastica
1121 1350 1294 1384 societate
1321 1351 1577 1396 magistrorum
1606 1358 1641 1385 et
1666 1352 1913 1386 universitatis
1939 1359 2126 1398 contemp-

250 1417 401 1452 tibiliter
438 1417 722 1458 excluduntur⁵‚
761 1416 860 1462 quod
898 1423 955 1450 est
991 1417 1221 1462 apertissime
1265 1417 1301 1450 in
1340 1417 1596 1451 contumeliam
1635 1419 1810 1452 creatoris
1836 1412 1885 1453 ‘et
1926 1420 2125 1453 animarum

243 1485 421 1530 jacturam
447 1495 488 1518 ac
516 1483 715 1517 discrimen
742 1482 841 1524 fidei,
870 1489 906 1516 et
931 1483 969 1516 in
995 1483 1156 1517 favorem
1183 1482 1344 1517 heretice
1372 1484 1579 1529 pravitatis;
1611 1485 1763 1518 maxime
1793 1497 1874 1518 cum
1906 1498 1978 1519 non
2006 1486 2124 1519 solum

246 1550 400 1586 virtuosi
434 1557 470 1584 et
502 1549 669 1596 religiosi
702 1549 784 1591 viri,
815 1549 881 1583 sed
910 1550 1016 1583 etiam
1045 1550 1150 1595 judei
1180 1556 1216 1583 et
1244 1550 1454 1596 quicunque
1483 1550 1544 1584 alii
1573 1550 1762 1585 christiani
1797 1552 1957 1585 nominis
1987 1553 2126 1586 inimici

247 1616 364 1652 libere
385 1617 423 1651 in
442 1616 553 1651 scolis
573 1616 669 1663 legis
689 1616 812 1650 divine
834 1616 946 1662 recipi
967 1623 1004 1650 et
1023 1617 1130 1650 etiam
1150 1617 1195 1650 ad
1214 1616 1282 1650 hoc
1303 1616 1482 1651 deberent
1501 1617 1673 1663 precibus
1693 1618 1850 1660 invitari,
1874 1625 1913 1652 ut
1931 1618 1982 1652 ibi
2003 1619 2126 1652 lumen

248 1683 335 1718 fidei
358 1690 394 1718 et
419 1695 560 1717 morum
588 1683 820 1729 susciperent
843 1682 1086 1729 disciplinam.
1115 1683 1211 1726 Quid
1238 1683 1368 1729 plura?
1394 1683 1552 1718 Predicti
1573 1685 1737 1730 magistri
1758 1691 1794 1718 et
1814 1685 1975 1719 scolares
2000 1685 2127 1731 hujus-

248 1751 347 1785 modi
371 1750 602 1784 concordiam
630 1749 789 1784 stimulis
814 1749 999 1783 discordie
1024 1750 1302 1796 circumseptam
1329 1750 1539 1793 observare,
1566 1751 1661 1785 sicut
1684 1752 1905 1797 accepimus,
1930 1764 2005 1785 non
2024 1765 2127 1787 cura-

249 1823 346 1859 runt,
373 1816 448 1850 illis
475 1817 538 1862 qui
563 1816 692 1851 volunt
714 1816 864 1850 fratrum
890 1817 1054 1862 ipsorum
1078 1816 1257 1850 lectiones
1278 1823 1314 1851 et
1338 1817 1605 1863 disputationes
1626 1830 1665 1851 ac
1691 1818 1960 1864 predicationes
1985 1819 2125 1861 audire,

249 1895 392 1918 necnon
423 1890 459 1917 et
486 1883 562 1917 illis
588 1883 650 1929 qui
680 1882 804 1917 dilecti
834 1883 899 1916 filii
929 1883 1050 1917 fratris
1077 1883 1216 1918 Thome
1246 1884 1291 1917 de
1320 1884 1466 1929 Aquino
1496 1884 1693 1919 voluerunt
1721 1885 1901 1919 interesse
1931 1886 2125 1931 principio,

249 1962 289 1986 se
314 1950 483 1997 nequiter
506 1950 740 1996 opponendo.
771 1950 871 1984 Licet
896 1950 1010 1996 igitur
1034 1962 1077 1984 ex
1102 1957 1202 1996 parte
1223 1951 1402 1985 dictorum
1423 1951 1586 1993 fratrum,
1610 1952 1672 1998 qui
1697 1964 1822 1998 pacem
1847 1965 1927 1986 cum
1954 1952 2126 1987 omnibus

248 2016 384 2051 habere
409 2017 574 2063 cupiunt,
602 2023 638 2050 et
664 2023 920 2062 persecutores
950 2017 1057 2051 etiam
1087 2029 1153 2063 pro
1182 2017 1304 2051 divina
1333 2018 1537 2052 reverentia
1565 2018 1720 2064 diligere
1748 2019 1988 2061 delectantur,
2018 2019 2126 2054 nobis

249 2083 360 2117 fuerit
385 2082 571 2117 humiliter
599 2082 855 2129 supplicatum,
890 2089 929 2117 ut
961 2084 1162 2117 sententias
1197 2084 1390 2118 occasione
1423 2084 1588 2130 ipsorum
1617 2085 1655 2118 in
1689 2085 1839 2119 eosdem
1866 2086 2062 2132 magistros
2091 2093 2127 2120 et

250 2148 411 2184 scolares
431 2148 588 2195 prolatas
614 2156 650 2184 et
673 2161 887 2195 expressum
913 2150 1085 2196 superius
1106 2151 1367 2195 juramentum,
1395 2163 1478 2184 cum
1499 2163 1566 2197 pax
1587 2158 1686 2186 esset
1705 2152 1800 2186 inter
1819 2164 1884 2186 eos
1904 2153 1949 2186 ad
1969 2153 2123 2186 invicem

250 2215 456 2257 reformata,
483 2214 644 2250 relaxare
665 2216 953 2250 misericorditer
973 2216 1222 2262 dignaremur,
1249 2217 1332 2263 quia
1353 2224 1472 2251 tamen
1493 2230 1617 2263 pacem
1638 2218 1753 2264 ipsam
1774 2218 1882 2252 nobis
1903 2219 2124 2264 irrequisitis

249 2282 372 2316 initam
408 2293 474 2315 seu
507 2289 766 2328 presumptum,
802 2283 901 2328 quod
934 2282 1036 2317 nullo
1070 2283 1179 2317 modo
1214 2284 1409 2329 provenire
1443 2283 1582 2326 debuit,
1618 2285 1766 2318 omnino
1797 2285 1966 2318 duximus
1999 2297 2124 2331 repro-

249 2348 418 2389 bandam,
452 2359 535 2382 cum
565 2348 612 2382 sit
644 2348 767 2394 iniqua
796 2355 832 2382 et
859 2355 1066 2395 attemptata
1094 2356 1220 2383 contra
1249 2350 1516 2384 ordinationem
1546 2357 1720 2392 nostram,
1751 2363 1855 2396 quam
1886 2351 2058 2385 illibatam
2089 2358 2125 2385 et

249 2414 387 2448 firmam
412 2426 558 2460 semper
581 2414 751 2449 volumus
776 2414 978 2457 observari,
1003 2427 1133 2461 preces
1157 2416 1319 2462 ipsorum
1345 2417 1494 2450 fratrum
1521 2428 1633 2462 super
1656 2416 1724 2450 hoc
1750 2417 1979 2451 decrevimus
2007 2418 2123 2452 nulla·

249 2487 356 2514 tenus
375 2480 629 2515 admittendas.
652 2481 862 2525 Quinimmo
883 2493 928 2515 ne
949 2487 1045 2515 tante
1068 2481 1282 2516 rebellionis
1306 2482 1432 2516 vitium
1458 2489 1582 2516 contra
1603 2484 1797 2517 Romanam
1819 2483 2009 2517 ecclesiam
2031 2496 2122 2518 ausu

248 2546 455 2582 detestabili
475 2553 736 2593 attemptatum,
763 2547 861 2593 quod
882 2547 944 2581 diu
965 2548 1059 2594 apud
1081 2559 1149 2581 nos
1170 2547 1239 2582 sub
1260 2548 1370 2582 nimia
1390 2548 1682 2582 dissimulatione
1703 2550 1881 2595 preteriit,
1903 2551 2020 2596 possit
2039 2562 2122 2585 esse

247 2612 329 2648 aliis
354 2613 498 2647 occasio
523 2613 705 2648 scismatis
730 2620 765 2647 et
789 2614 1016 2648 contumacie
1042 2614 1248 2660 perniciose
1272 2614 1486 2655 fomentum,
1506 2615 1748 2649 Guillermum
1771 2616 1816 2649 de
1838 2617 1968 2650 Sancto
1988 2617 2122 2651 Amore

248 2685 284 2714 et
315 2679 483 2714 Odonem
521 2679 566 2713 de
606 2679 764 2721 Duaco⁶‚
806 2680 976 2714 doctores
1014 2680 1214 2727 theologie,
1248 2693 1289 2714 ac
1327 2681 1523 2727 magistros
1563 2681 1749 2716 Nicolaum
1786 2682 1831 2716 de
1865 2684 1977 2717 Barro
2011 2695 2123 2729 super

247 2745 411 2787 Albam⁷‚
438 2752 474 2780 et
497 2745 744 2781 Christianum
771 2747 985 2781 canonicum
1013 2746 1296 2781 Belvacensem⁸
1321 2754 1488 2793 tanquam
1517 2748 1738 2794 principales
1765 2748 1975 2794 hujusmodi
2004 2750 2122 2784 rebel-

246 2811 357 2846 lionis
385 2818 419 2846 et
446 2813 673 2847 contumacie
698 2813 908 2848 incentores
935 2813 1107 2848 omnibus
1135 2813 1375 2860 dignitatibus
1405 2820 1441 2848 et
1468 2813 1658 2848 beneficiis
1687 2815 1766 2849 suis
1793 2815 2053 2850 ecclesiasticis
2083 2830 2122 2850 ac

248 2877 367 2912 officio
387 2878 600 2924 magistrali,
618 2879 828 2926 dictumque
844 2880 889 2914 G.
904 2879 1101 2926 capellania
1123 2887 1246 2915 nostra
1268 2881 1452 2926 privamus
1472 2880 1542 2915 sub
1563 2893 1655 2927 pena
1675 2882 1786 2915 simili
1807 2882 2008 2917 districtius
2029 2883 2123 2917 inhi-

248 2943 392 2986 bentes,
419 2956 463 2978 ne
490 2944 647 2991 aliquem
672 2946 835 2992 ipsorum
861 2947 944 2993 quis
969 2946 1102 2988 audiat,
1129 2947 1161 2981 si
1186 2947 1309 2981 forsan
1333 2954 1459 2981 contra
1482 2946 1737 2982 inhibitionem
1759 2948 1968 2994 hujusmodi
1989 2949 2121 2983 docere

375 3002 471 3028 chart.
494 3002 572 3028 vnic.
590 3003 686 3029 Paris.
703 3003 724 3028 1.
1967 3007 1992 3030 41
