2580 3528
232 406 330 448 1259]
572 418 620 439 ,13
653 417 760 440 ,13110
795 417 872 440 nec
908 417 1040 446 usone
1075 418 1123 439 An
1159 418 1389 440 ruinirrvm
1426 419 1465 440 iv
1499 420 1588 442 1130.
1626 421 1763 442 muse.
2040 413 2106 446 379

228 491 327 531 tutis,
349 491 523 536 magister
541 487 728 525 Gerardus
758 497 972 537 procurator
993 491 1171 524 dictorum
1195 491 1321 525 Dulcis
1341 499 1377 525 et
1397 493 1494 526 Notii
1516 505 1581 538 pro
1603 493 1693 539 ipsis
1715 501 1749 527 et
1771 495 1916 527 nominc
1937 495 2103 537 aliorum,

227 557 401 603 magistro
421 557 576 591 Johanni
597 557 694 591 (11010
716 557 863 591 Blontin
884 558 1111 603 procuratori
1132 558 1378 604 predictorum
1401 559 1554 593 rectoris
1579 560 1826 593 universitatis
1848 562 2103 606 magistrorum

227 630 263 658 et
281 623 475 658 scolarium
497 620 757 658 Parisiensium
779 624 816 658 in
830 625 972 670 judicio
992 624 1156 658 libellum
1179 625 1311 659 obtulit
1331 625 1368 658 in
1388 625 1454 659 hac
1476 627 1589 659 forma
1608 638 1615 659 ε

315 691 446 726 Coram
474 690 594 733 vobis,
615 691 824 725 venerando
846 698 946 737 patre
967 691 1116 725 domino
1146 691 1374 734 Octaviano⁸,
1409 693 1538 726 Sancte
1564 693 1676 726 Marie
1698 694 1735 726 111
1755 694 1821 728 Via
1843 695 1926 727 Lata
1951 694 2105 728 diacono

226 757 415 800 cardinali,
450 757 614 804 partibus
647 770 826 792 concesso
858 758 1038 800 auditore,
1066 758 1153 792 dicit
1186 765 1220 792 et
1248 759 1420 805 proponit
1460 760 1635 806 magister
1662 760 1863 799 Gerardus,
1892 756 2107 806 procurator

228 824 354 858 Dulcis
373 831 410 858 et
428 825 524 858 Notii
554 824 598 858 de
629 826 766 871 Burgo,
797 825 930 859 civium
961 832 995 858 et
1023 832 1263 859 mercatorum
1293 825 1602 869 Florentinorum,
1634 827 1817 861 sociorum
1849 827 2045 861 Octavante
2071 835 2107 861 et

226 891 379 926 aliorum
418 891 593 925 heredum
633 892 813 938 quondam
852 892 1028 926 ,1011110013
1062 892 1265 933 Gualsredi,
1305 893 1432 927 Castre
1471 894 1675 935 Gualsredi,
1709 894 1885 928 Johannis
1925 895 2104 936 Bonaviti,

226 959 405 992 dictorum
433 959 581 992 nomine
610 965 646 992 et
669 958 822 992 aliorum
854 959 1036 992 sociorum
1075 959 1300 1000 eorumdem,
1333 960 1494 993 omnium
1525 967 1764 994 mercatorum
1797 961 2104 1003 Florentinorum,

225 1032 351 1060 contra
389 1032 567 1060 rectorem
598 1026 846 1060 universitatis
881 1026 1139 1071 magistrorum
1167 1033 1202 1059 et
1231 1026 1426 1059 scolarium
1462 1027 1736 1069 Parisiensium,
1772 1034 1807 1061 et
1836 1035 1960 1061 contra
1990 1029 2104 1074 ipsam

227 1092 522 1135 Universitatem,
549 1099 585 1126 et
609 1099 733 1126 contra
754 1093 967 1138 magistrum
993 1092 1194 1126 Johannem
1225 1093 1359 1126 dictum
1389 1093 1551 1134 Blontin,
1572 1106 1698 1128 eorum
1727 1102 2013 1140 procuratorem,
2040 1107 2106 1141 pro

226 1159 294 1199 eis,
325 1159 424 1206 quod
457 1160 543 1193 olim
578 1159 752 1206 magister
783 1159 1016 1195 WVillermus.
1050 1159 1328 1193 archidiaconus
1364 1160 1628 1203 Belvacensis‘,
1664 1162 1838 1207 magister
1871 1162 2103 1200 WVillermus,

225 1226 465 1261 cancellarius
495 1226 830 1272 Rothomagensis⁵,
852 1226 1027 1272 magister
1048 1226 1257 1267 Riecardus,
1279 1226 1558 1261 archidiaconus
1588 1227 1854 1270 Ebroicensis‘,
1877 1235 1913 1262 ct
1933 1229 2107 1274 magister

226 1295 355 1327 Petrus
375 1293 420 1327 de
441 1293 675 1339 Columpna',
698 1293 816 1326 nuntii
837 1299 873 1326 et
893 1299 1149 1338 procuratores
1170 1293 1427 1339 magistrorum
1455 1300 1490 1327 et
1510 1294 1704 1328 scolarium
1727 1295 1987 1329 parisiensium
2009 1296 2105 1341 apud

225 1360 350 1394 sedem
375 1360 611 1406 apostolicam
631 1372 697 1405 pro
718 1360 881 1405 ipsorum
913 1359 1152 1405 expediendis
1180 1359 1339 1405 negotiis
1369 1360 1571 1402 constiffiti,
1601 1361 1761 1395 confessi
1791 1362 1939 1395 suerunt
1958 1363 2105 1396 nomine

227 1427 482 1462 Universitatis
502 1427 694 1473 premisse,
712 1433 838 1460 mutuo
859 1438 899 1460 se
919 1426 1105 1472 recepisse
1126 1433 1162 1459 et
1177 1425 1350 1460 habuisse
1371 1439 1390 1460 a
1409 1426 1574 1460 Johanne
1599 1428 1807 1462 Gualsredi⁸
1823 1435 1858 1462 et
1875 1429 2107 1474 Uguccione’

224 1494 371 1535 Aliocti,
394 1494 657 1528 mercatoribus
678 1493 912 1535 Florentinis,
935 1505 1002 1527 3110
1024 1499 1059 1527 01
1079 1493 1263 1526 3001011110
1294 1505 1445 1527 3110111111
1476 1495 1623 1527 0010100
1655 1501 1783 1528 tantam
1813 1497 1966 1541 pecunie
1992 1509 2107 1542 quan-

226 1561 376 1603 titatem,
415 1561 514 1607 quod
547 1561 592 1595 de
620 1567 765 1595 centum
799 1560 930 1606 viginti
965 1560 1096 1594 marcis
1130 1559 1325 1602 bonorum,
1361 1573 1554 1602 novorum,
1578 1568 1613 1594 et
1633 1561 1806 1608 legalium
1828 1563 2104 1609 sterlingorum,

225 1628 365 1662 scilicet
394 1628 568 1662 tredecim
604 1627 734 1662 solidis
760 1634 793 1661 01
821 1634 977 1673 quatuor
1010 1626 1200 1673 sterlingis
1232 1639 1298 1673 pro
1328 1627 1472 1661 marcha
1503 1627 1666 1673 qualibet
1691 1629 1921 1675 computatis,
1944 1629 2037 1663 bene
2066 1642 2106 1664 se

226 1695 371 1741 quietos
391 1701 428 1729 et
447 1701 592 1741 pacatos
612 1701 845 1737 vocaverunt,
868 1694 1073 1740 exceptioni
1094 1706 1167 1727 non
1189 1701 1376 1728 numerate
1403 1694 1558 1740 pecunie
1588 1695 1852 1730 renuntiantes.
1876 1696 1965 1730 Cum
1985 1697 2105 1743 itaque

224 1762 269 1796 de
290 1761 484 1808 pretaxatis
504 1762 635 1796 marcis
661 1761 826 1807 predicto
847 1760 956 1795 modo
976 1767 1012 1794 et
1031 1773 1184 1794 numero
1205 1761 1423 1806 computatis
1444 1761 1583 1795 eisdem
1612 1761 1768 1795 Johanni
1790 1769 1823 1796 et
1845 1764 2050 1809 Uguccioni
2070 1771 2107 1798 et

224 1829 269 1863 de
286 1829 453 1875 dampnis
469 1835 505 1862 et
524 1829 696 1875 expensis
716 1835 752 1862 et
771 1829 952 1862 interesse
968 1828 1078 1862 certis
1100 1828 1180 1861 loco
1202 1834 1238 1861 et
1258 1828 1413 1862 termino
1434 1829 1617 1862 contentis
1638 1829 1675 1862 in
1695 1829 1939 1864 instrumento
1957 1830 2104 1876 publico

224 1907 336 1942 super
356 1902 481 1930 mutuo
497 1896 579 1942 ipso
595 1895 761 1929 consecto
783 1895 820 1928 in
837 1901 949 1929 totum
972 1894 1193 1929 satisfactum
1212 1906 1287 1928 non
1302 1901 1414 1937 esset,
1433 1895 1662 1929 Universitas
1679 1896 1757 1942 ipsa
1774 1908 1854 1930 cum
1877 1898 2105 1931 Bernardino

223 1962 422 2010 Paganelli,
448 1969 649 1996 mercatore
683 1962 908 2004 Florentino,
930 1962 1032 1996 socio
1053 1961 1232 1995 dictorum
1268 1968 1524 2004 mercatorum,
1556 1974 1621 2008 pro
1653 1974 1692 1996 se
1722 1970 1758 1996 et
1796 1964 1908 1997 sociis
1927 1963 2104 1998 Johannis

223 2029 414 2065 Gualfredi
448 2036 484 2064 et
512 2029 730 2076 quibusdam
761 2029 842 2063 aliis
871 2028 1136 2063 mercatoribus
1168 2028 1402 2070 Florentinis,
1434 2040 1547 2074 super
1578 2029 1728 2063 residuo
1756 2030 1851 2064 dicte
1874 2043 2016 2065 summe
2038 2044 2103 2065 seu

223 2096 348 2131 debito
368 2103 404 2130 et
424 2097 543 2143 penis,
563 2096 866 2142 compositionem
888 2096 985 2138 fecit,
1008 2102 1043 2129 et
1064 2107 1186 2142 pacem
1203 2107 1269 2141 pro
1286 2102 1431 2129 centum
1453 2095 1558 2129 libris
1576 2097 1784 2142 parisiens,
1803 2109 1908 2143 quam
1927 2110 2103 2132 summam

223 2163 334 2197 certis
354 2162 435 2197 loco
455 2170 492 2197 et
506 2164 661 2197 termino
683 2174 770 2209 sepe
787 2163 883 2197 dicto
905 2163 1095 2196 mercatori
1113 2162 1170 2197 vel
1186 2162 1341 2196 Johanni
1363 2162 1567 2205 (101111101ἰί.ι
1584 2163 1642 2197 vel
1667 2170 1767 2197 certo
1798 2165 1878 2210 ojus
1910 2166 2036 2198 nuntio
2063 2178 2103 2199 se

225 2229 379 2264 reddere
404 2224 667 2276 promiserunt3
685 2230 784 2276 quod
807 2230 837 2263 si
855 2242 927 2263 non
954 2230 1125 2270 facerent,
1149 2229 1397 2275 promiserunt
1422 2241 1487 2275 pro
1509 2229 1668 2275 singulis
1690 2230 1814 2264 (1000111
1839 2232 1968 2265 marcis
1995 2244 2101 2266 unam

224 2296 402 2331 marcham
429 2297 473 2331 de
499 2297 656 2343 singulis
686 2297 861 2330 nundinis
883 2297 920 2329 in
946 2296 1128 2329 nundinas
1153 2296 1343 2329 mercatori
1367 2296 1486 2329 eidem
1513 2308 1552 2329 30
1579 2296 1778 2338 soluturos,
1802 2305 1835 2330 ct
1858 2299 2047 2339 resarcire,
2071 2299 2102 2332 31

223 2376 291 2410 qua
317 2364 470 2410 dampna
505 2364 734 2397 incurrerent
765 2363 850 2396 dicti
881 2369 1101 2396 mercatores
1128 2362 1320 2395 occasione
1351 2362 1446 2395 dicte
1470 2363 1636 2407 pecunie,
1660 2363 1757 2396 (licto
1784 2363 1864 2396 loro
1891 2371 1923 2398 ct
1947 2366 2101 2398 termino

224 2442 296 2464 non
321 2430 454 2473 solute,
478 2437 586 2476 prout
605 2429 641 2463 in
661 2429 793 2464 litteris
822 2429 1099 2475 compositionis
1127 2428 1290 2474 ejusdem
1318 2429 1574 2462 Universitatis
1602 2429 1726 2474 sigillo
1756 2430 1926 2476 sigillatis
1958 2432 2102 2477 plenius

221 2497 440 2531 continetur.
469 2497 573 2531 Unde
597 2508 678 2530 cum
705 2496 749 2529 de
775 2496 966 2542 premissis
991 2495 1098 2529 dictis
1125 2494 1388 2528 mercatoribus
1414 2507 1479 2528 seu
1506 2507 1630 2529 eorum
1663 2497 1774 2529 sociis
1803 2509 1875 2530 non
1906 2499 2012 2532 suerit
2035 2510 2101 2533 nec

221 2564 270 2598 sit
291 2563 526 2606 satisfactum,
550 2563 697 2610 triginta
720 2563 826 2597 annis
845 2569 881 2596 et
900 2561 1056 2608 amplius
1073 2563 1147 2608 jam
1174 2561 1350 2607 elapsis¹⁰,
1375 2573 1590 2607 qmunquam
1613 2563 1682 2608 ipsi
1707 2571 1927 2598 mercatores
1949 2565 2033 2599 olim
2056 2566 2101 2599 ad

221 2625 388 2664 diversos
408 2630 554 2676 judices
575 2637 611 2664 et
630 2629 774 2663 demum
798 2629 842 2663 ad
862 2629 1062 2663 Johannem
1090 2628 1354 2670 Florentinum,
1379 2628 1593 2662 canonicum
1623 2629 1863 2674 Meldcnsem,
1891 2644 2002 2678 super
2030 2632 2101 2667 hiis

221 2696 359 2731 litteras
396 2696 616 2743 apostolicas
657 2697 913 2743 impetrarunt3
953 2695 1121 2741 idemque
1164 2694 1349 2729 Johannes
1392 2694 1638 2736 Florentinum,
1679 2696 1854 2731 dictarum
1899 2698 2099 2733 litterarum

220 2763 499 2809 apostolicarum
540 2763 764 2805 auctoritate,
796 2763 934 2797 eisdem
971 2761 1206 2796 Universitati
1248 2761 1484 2804 mandaverit,
1520 2769 1557 2795 ut
1587 2769 1683 2796 certa
1720 2763 1793 2806 (110,
1824 2765 1881 2798 vel
1913 2765 1956 2798 (10
1992 2766 2099 2800 dictis

221 2836 364 2864 centum
391 2829 496 2864 libris
517 2830 709 2877 parisiens.
736 2831 837 2876 juxta
867 2830 1016 2863 sormam
1041 2829 1136 2862 dicte
1161 2828 1440 2875 compositionis
1470 2828 1591 2862 habite
1621 2829 1717 2863 inter
1742 2842 1820 2871 eos,
1845 2838 1877 2865 et
1902 2832 1946 2865 110
1973 2833 2096 2866 dect-m

220 2903 257 2930 et
293 2902 375 2930 octo
415 2897 545 2943 viginti
583 2896 689 2931 libris
725 2897 916 2943 parisiens.
953 2908 1018 2942 pro
1058 2895 1397 2942 recompensatione
1436 2895 1675 2942 dampnorum
1712 2904 1747 2930 ct
1786 2910 2024 2943 expensarum
2064 2906 2096 2933 ‹=.t

221 2964 400 2998 interesse
425 2963 569 2998 solvere
590 2970 841 3010 procurarent,
863 2963 1025 3009 alioquin
1048 2969 1299 3009 comparerent
1321 2974 1441 2996 coram
1466 2962 1617 2996 domino
1640 2975 1727 3009 papa
1750 2966 1963 3010 responsuri
1987 2978 2099 3011 super
