2580 3528
254 414 351 454 1253]
591 423 637 444 AB
671 422 778 444 Anno
812 422 891 444 uec
926 421 1058 450 usque
1094 422 1142 445 ᾼι)
1179 421 1407 444 rniLirreM
1445 422 1483 443 iv
1519 422 1608 443 nnc..
1647 422 1783 443 FRANC.
2062 412 2127 443 245

348 518 352 529 l

251 539 363 577 221.
388 548 551 585 Stephanus
571 547 665 574 abbas
687 546 876 574 claraevallis
897 546 1045 583 Alphonso
1072 546 1211 573 Tolosano
1234 547 1331 572 comiti
1349 549 1537 582 patronatum
1554 546 1722 571 monasterii
1739 548 1765 571 S.
1789 545 1931 571 Ber-nardi
1950 546 2126 571 Par-islensis

339 599 458 632 confert,
475 597 504 623 in
519 605 575 633 quo
591 596 690 631 viginti
703 596 857 622 monachos
869 597 1020 632 professos
1035 595 1153 622 abbatis
1169 594 1411 621 claraevallensis
1425 604 1540 621 sacrum
1555 594 1682 620 studium
1694 594 1855 628 theologiae
1867 594 1972 620 ibidem
1981 594 2125 629 guberna-

339 650 419 673 tur-os
433 645 600 672 habiturum
611 649 752 682 perpetuo
767 654 799 671 se
810 645 963 681 promittit.

1650 680 1727 709 1253,
1743 679 1804 704 ΜαῘῘ
1815 680 1840 705 3.

339 753 531 787 Universis
568 751 706 786 Christi
744 750 916 784 fidelibus
951 757 1143 796 presentes
1177 750 1316 784 litteras
1349 750 1571 795 inspecturis
1606 751 1715 782 frater
1754 749 1972 794 Stephanus,
2008 749 2126 782 dictus

249 819 360 853 abbas
387 819 614 860 Clarevallis,
644 825 680 852 et
706 818 870 863 ejusdem
898 817 970 850 loci
998 824 1213 859 conventus,
1243 817 1395 850 salutem
1423 817 1460 849 in
1487 817 1655 849 Domino.
1685 816 1867 849 Noveritis
1896 827 1963 848 nos
1992 815 2123 848 illustri

248 886 328 920 viro
366 886 531 927 Alfonso,
566 885 642 918 filio
679 885 777 930 regis
812 885 976 926 Francie,
1011 885 1132 917 comiti
1164 884 1367 917 pictavensi
1402 890 1438 916 et
1472 883 1694 924 Tholosano,
1729 895 1768 916 ae
1799 883 1877 915 suis
1911 882 2124 919 heredibus,

250 959 475 999 patronatum
497 952 708 986 monasterii
733 952 854 985 Sancti
880 951 1056 984 Bernardi
1083 950 1302 984 Parisiensis
1328 957 1361 983 et
1387 957 1590 983 conventus
1616 949 1779 995 ejusdem
1809 949 2032 990 monasterii,
2060 960 2122 981 seu

244 1020 307 1065 jus
341 1026 564 1065 patronatus,
599 1031 679 1052 cum
714 1018 786 1051 hiis
816 1030 886 1063 que
920 1018 964 1051 ad
995 1024 1184 1063 patronum
1220 1029 1285 1050 seu
1319 1017 1546 1050 fundatorem
1582 1016 1696 1049 libere
1731 1016 1932 1049 elemosine
1967 1015 2124 1062 dejure

249 1086 432 1132 pertinere
459 1092 673 1127 noscuntur,
702 1085 982 1130 possidendum,
1011 1084 1207 1118 tenendum
1239 1091 1274 1117 et
1303 1083 1510 1117 habendum
1539 1090 1716 1128 perpetuo
1747 1082 1946 1115 liberaliter
1975 1094 2126 1118 concesss

249 1153 356 1186 sisse.
398 1153 524 1186 Dictus
561 1164 648 1185 vcro
687 1163 823 1192 comes,
864 1163 929 1196 pro
969 1151 1084 1184 salute
1124 1151 1242 1183 anime
1277 1163 1355 1191 sue,
1397 1150 1521 1195 patris,
1558 1150 1681 1182 matris
1715 1156 1749 1182 ct
1781 1134 2056 1182 antecessorum
2092 1155 2123 1181 ct

248 1231 503 1254 successorum
526 1231 691 1258 suorum,
718 1218 910 1251 attendens
931 1217 1067 1250 bonum
1094 1217 1283 1262 spirituale
1309 1217 1407 1262 quod
1428 1229 1471 1250 ex
1496 1216 1723 1249 orationibus
1746 1215 1880 1248 ibidem
1903 1217 1979 1248 Deo
2000 1215 2126 1251 deser-

247 1286 428 1320 viencium
459 1292 580 1331 potest
608 1285 644 1317 in
674 1291 860 1330 posterum
891 1284 1052 1325 evenire,
1084 1284 1220 1316 dictum
1251 1290 1477 1328 patronatum
1510 1283 1669 1327 benigne
1706 1283 1842 1327 recepit
1877 1282 1947 1315 sibi
1977 1294 2016 1315 ac
2047 1282 2129 1319 suis,

246 1351 446 1386 heredibus
467 1351 664 1385 tenendum
686 1351 952 1396 imperpetuum
977 1357 1012 1383 et
1032 1349 1254 1391 habendum,
1279 1349 1422 1382 liberali
1443 1349 1628 1382 voluntate
1649 1349 1865 1394 promittens
1886 1349 1984 1393 quod
2005 1349 2122 1394 ipsum

246 1425 471 1465 patronatum
493 1431 511 1451 a
537 1429 576 1452 se
603 1417 811 1451 nullatenus
836 1416 1022 1458 alienabit,
1047 1416 1104 1450 vel
1131 1416 1176 1449 ad
1203 1416 1295 1449 alios
1323 1416 1527 1456 transferet,
1556 1422 1611 1448 set
1636 1415 1771 1448 dictum
1798 1422 2023 1460 patronatum
2046 1415 2124 1460 ipse

246 1493 282 1519 et
307 1485 464 1519 heredes
491 1485 548 1518 sui
575 1483 647 1518 sibi
677 1490 854 1529 perpetuo
883 1482 1105 1523 retinebunt,
1127 1490 1163 1516 et
1189 1482 1258 1527 ipsi
1281 1482 1500 1515 monasterio
1526 1481 1670 1514 fidelem
1697 1481 1948 1514 defensionem
1976 1493 2015 1514 ac
2044 1481 2126 1514 dili—

245 1558 392 1599 gentem
431 1551 648 1592 custodiam,
687 1557 756 1584 tam
796 1550 875 1595 ipse
914 1561 1020 1594 quam
1060 1548 1216 1582 heredes
1255 1549 1326 1590 sui,
1367 1548 1591 1594 impendent,
1632 1548 1726 1581 sieut
1770 1560 1859 1593 pure
1898 1555 1932 1581 ct
1976 1537 2124 1593 speciali

245 1619 446 1653 elemosine
481 1630 547 1652 sue
581 1630 620 1651 ac
654 1617 771 1650 libere
804 1623 911 1662 atque
944 1616 989 1649 ab
1024 1616 1122 1648 omni
1161 1615 1428 1659 consuetudine
1467 1621 1503 1648 et
1540 1615 1726 1648 exactione
1762 1614 1917 1647 seculari
1958 1614 2121 1647 immuni.

244 1687 319 1720 Nos
346 1697 432 1719 vero
459 1684 630 1718 volumus
656 1690 692 1717 et
717 1683 970 1717 concessimus
999 1683 1112 1728 quod,
1134 1688 1256 1728 preter
1282 1693 1495 1715 communes
1526 1681 1656 1714 missas
1687 1688 1722 1714 et
1749 1681 1933 1714 orationes
1961 1681 1997 1714 in
2027 1681 2122 1715 dicto

244 1751 467 1786 monasterio
493 1750 628 1784 cotidie
655 1749 856 1783 celebratas
884 1756 920 1783 et
945 1750 1070 1791 saetas,
1098 1761 1167 1782 una
1194 1748 1356 1794 qualibet
1383 1748 1441 1781 die
1469 1748 1513 1781 de
1542 1748 1672 1781 Sancto
1704 1748 1854 1793 Spiritu,
1886 1754 2034 1793 excepta
2065 1748 2122 1780 die

244 1818 383 1852 sabbati
409 1824 445 1851 et
470 1816 727 1851 festivitatibus
757 1816 911 1849 Domine
939 1817 1085 1857 Nostre,
1111 1815 1148 1848 in
1176 1815 1311 1860 quibus
1339 1815 1449 1848 missa
1476 1815 1521 1847 de
1549 1814 1651 1847 beata
1678 1814 1832 1860 Virgine
1863 1813 2120 1855 celebrabitur,

244 1885 330 1919 dum
355 1885 486 1919 vixerit
509 1884 629 1918 dictus
655 1895 793 1925 comes,
819 1895 885 1928 pro
913 1895 970 1924 eo,
1001 1889 1037 1916 et
1062 1889 1145 1928 post
1173 1889 1324 1915 mortem
1351 1882 1468 1927 ipsius
1494 1881 1657 1926 qualibet
1682 1881 1740 1914 die
1769 1893 1834 1926 pro
1860 1881 1919 1914 illa
1947 1881 2056 1914 missa
2077 1881 2122 1914 dc

245 1952 374 1986 Sancto
401 1951 537 1997 Spiritu
563 1957 599 1984 et
630 1950 732 1984 beata
756 1949 910 1995 Virgine
939 1949 1049 1982 missa
1077 1961 1146 1982 una
1172 1948 1418 1982 celebrabitur
1444 1948 1488 1981 de
1515 1948 1709 1981 defunctis.
1737 1948 1984 1982 Concedimus
2010 1948 2130 1982 eciam,

244 2025 280 2052 et
312 2030 380 2052 nos
415 2030 479 2064 per
513 2023 719 2063 presentem
754 2016 927 2050 cartulam
962 2015 1183 2061 obligamus,
1218 2015 1316 2061 quod
1351 2015 1388 2048 in
1422 2015 1519 2048 dicto
1554 2015 1774 2048 monasterio
1810 2015 1908 2048 Beati
1946 2015 2120 2048 Bernardi

243 2085 373 2131 viginti
401 2083 598 2118 monachos
628 2083 816 2129 professos
844 2082 985 2116 abbatis
1013 2081 1297 2116 Clarevallensis
1328 2088 1503 2127 perpetuo
1535 2081 1755 2119 tenebimus,
1787 2083 1862 2114 Deo
1894 2088 1929 2114 et
1957 2081 2120 2126 gloriose

243 2151 387 2198 Virgini
406 2163 446 2184 ac
471 2150 576 2184 beato
603 2150 789 2184 Bernardo
815 2156 991 2195 perpetuo
1014 2149 1215 2183 servituros
1242 2148 1310 2182 sub
1335 2148 1571 2182 observancia
1597 2148 1769 2194 regulari,
1792 2160 1932 2181 sacrum
1959 2148 2118 2181 studium

244 2217 443 2264 theologie,
473 2217 572 2262 quod
602 2228 667 2262 per
696 2228 876 2250 summum
906 2215 1114 2261 pontificem
1145 2222 1181 2248 et
1209 2215 1456 2249 Cisterciense
1485 2214 1682 2260 capitulum
1711 2214 1884 2260 generale
1915 2214 2118 2247 institutum

245 2285 334 2326 est¹,
357 2283 491 2317 ibidem
512 2282 795 2329 gubernaturos,
821 2282 914 2316 sicut
941 2283 1040 2316 Deus
1066 2281 1337 2323 ministraverit,
1365 2288 1400 2314 et
1424 2282 1536 2315 eciam
1558 2288 1787 2321 servaturos3
1814 2292 1968 2325 quorunn
1990 2280 2118 2325 viginti

246 2350 504 2384 monachorum
540 2349 712 2383 tredecim
749 2355 855 2382 erunt
889 2348 926 2381 in
960 2348 1088 2382 ordine
1123 2348 1336 2381 sacerdotis.
1374 2348 1500 2380 Dictus
1539 2354 1657 2380 autem
1691 2359 1828 2388 comes,
1864 2347 2116 2387 considerans,

244 2417 430 2464 principes
455 2415 641 2450 seculares
667 2427 731 2461 pro
757 2422 880 2449 eterna
906 2415 976 2448 vita
1001 2414 1230 2448 sacerdotum
1257 2413 1485 2447 orationibus
1511 2413 1690 2459 indigere,
1720 2420 1756 2446 et
1782 2413 1883 2458 ipsos
1909 2413 2118 2446 sacerdotes

244 2496 310 2530 pro
343 2495 453 2517 cursu
489 2482 739 2528 temporalium
776 2493 896 2515 rerum
931 2481 1110 2514 beneficio
1145 2480 1363 2526 principum,
1400 2486 1438 2513 ut
1471 2480 1523 2513 sie
1559 2492 1669 2513 unum
1707 2479 1777 2513 alio
1811 2479 2016 2524 adjuvetur,
2051 2491 2116 2525 pro

243 2550 507 2586 sustentatione
528 2549 706 2583 dictorum
730 2547 988 2582 monachorum
1014 2547 1150 2580 ibidem
1177 2548 1252 2580 Deo
1278 2547 1570 2580 deservicncium
1595 2553 1739 2580 eentum
1766 2553 1802 2579 et
1825 2553 1980 2591 quatuor
2005 2545 2117 2579 libras

243 2617 498 2664 parisiensium
529 2616 565 2649 in
595 2615 824 2662 prepositura
854 2627 918 2649 sua
948 2614 993 2648 de
1023 2613 1198 2660 lluppella
1230 2620 1405 2659 perpetuo
1435 2613 1589 2647 eontulit
1619 2613 1655 2646 in
1686 2625 1809 2659 puram
1840 2620 1875 2646 et
1905 2619 2114 2658 perpetuam

242 2684 491 2725 elemosinam,
528 2684 604 2716 Deo
638 2689 675 2716 et
707 2682 803 2715 dicto
839 2681 1057 2715 monasterio
1092 2681 1192 2714 Beati
1228 2680 1416 2722 Bernardi,
1452 2680 1557 2714 annis
1592 2679 1750 2725 singulis
1780 2680 1817 2712 in
1851 2680 2113 2725 Assumptione

243 2752 350 2785 Beate
385 2750 497 2784 Marie
531 2749 799 2796 percipiendas,
834 2748 950 2781 donec
979 2748 1093 2781 dictas
1122 2754 1266 2780 eentum
1297 2753 1333 2779 et
1362 2753 1516 2792 quatuor
1547 2745 1658 2780 libras
1688 2746 1724 2779 in
1754 2746 1825 2780 alio
1856 2746 1936 2780 loco
1970 2746 2114 2792 ydoneo

243 2817 340 2851 dicto
361 2816 581 2863 monasterio
602 2816 747 2850 duxerit
766 2815 967 2861 assignare.
991 2815 1063 2847 Nec
1085 2826 1153 2848 nos
1173 2813 1231 2847 vel
1252 2813 1418 2847 monachi
1440 2813 1524 2847 dicti
1549 2813 1758 2846 monasterii
1779 2825 1797 2846 a
1819 2813 1916 2846 dicto
1939 2839 1959 2845 ..
1983 2813 2114 2846 comite

243 2883 301 2918 vel
328 2885 408 2929 ejus
434 2882 634 2917 heredibus
661 2894 726 2929 pro
753 2894 879 2916 eorum
908 2881 1173 2915 sustentatione
1203 2881 1260 2914 vel
1291 2880 1510 2914 necessariis
1540 2880 1671 2914 domus
1701 2892 1766 2913 sue
1796 2880 1996 2925 poterimus
2024 2879 2115 2913 ultra

245 2956 380 2996 petere,
412 2956 469 2983 set
497 2949 533 2983 in
564 2948 734 2983 omnibus
765 2948 983 2982 necessariis
1013 2947 1263 2993 eisdem,.pro
1297 2959 1336 2981 se
1371 2953 1407 2980 et
1441 2958 1505 2992 pro
1539 2947 1648 2980 domo
1683 2958 1823 2987 eorum,
1859 2946 1949 2979 ultra
1985 2946 2112 2979 dietam
