2580 3528
492 406 556 438 602
1071 411 1390 435 eltanrtssLAniUM
1425 409 1615 432 UN1VERS.
1653 408 1782 430 ranis.
2263 400 2364 441 [1284

492 489 609 535 ipsius
640 488 841 521 commodis
872 499 914 520 ex
939 488 1037 532 justa
1067 493 1102 519 et
1128 484 1333 519 rationabili
1363 496 1470 517 causa
1497 483 1576 516 fieri
1604 482 1785 527 contingit
1813 482 2010 524 interdum,
2038 483 2205 517 nonnulli
2236 495 2279 517 ex
2308 484 2362 518 eis

491 555 723 589 contribuere
750 566 815 600 pro
843 566 907 587 sua
934 553 1118 587 voluntate
1146 557 1335 591 recusant3
1366 556 1514 595 propter
1541 549 1639 594 quod
1668 548 1762 581 inter
1788 560 1852 582 eos
1879 549 2026 583 materia
2054 550 2300 584 dissensionis
2327 557 2363 584 et

491 622 651 656 scandali
682 621 847 655 crebrius
877 620 1084 654 suscitatur.
1116 618 1220 652 Unde
1251 617 1333 662 quia
1364 617 1400 649 in
1430 616 1601 661 expensis
1631 614 1843 660 hujusmodi
1873 616 2011 662 singuli
2045 617 2090 650 de
2123 618 2362 651 universitate

491 689 746 734 magistrorum
785 694 820 720 et
858 687 1051 720 scolarium
1092 685 1337 730 predictorum
1372 682 1605 715 contribuere
1639 682 1780 727 justitia
1819 683 1988 729 exigente
2027 690 2209 726 tenentur,
2244 690 2280 718 et
2316 683 2361 717 ad

490 756 653 801 ipsorum
680 761 843 800 spectare
869 753 1072 786 dinoscitur
1096 751 1337 791 honestatem,
1365 756 1405 782 ut
1429 761 1540 794 super
1565 748 1633 781 hoc
1660 761 1733 781 non
1759 749 1946 795 ingeratur
1971 749 2014 783 ab
2041 751 2094 784 eis
2121 751 2240 796 aliqua
2267 750 2361 784 diffi-

490 822 616 862 cultas,
644 821 838 866 magistros
866 826 901 852 et
926 818 1086 852 scolares
1111 817 1259 850 eosdem
1286 828 1350 861 per
1375 816 1463 849 alias
1489 822 1632 849 nostras
1657 815 1726 849 sub
1751 822 1848 850 certa
1873 817 1986 850 forma
2010 817 2150 851 litteras
2174 817 2360 864 rogandos

489 895 622 921 attente
647 887 815 920 duximus
841 892 876 918 et
898 884 1108 918 hortandos.
1131 885 1266 916 Dantcs
1287 882 1340 915 eis
1366 881 1626 915 nichilominus
1651 882 1688 915 in
1712 882 1890 916 mandatis
1911 890 1951 916 ut
1969 895 2094 917 eorum
2120 883 2272 929 singuli,
2294 883 2358 930 qui

490 955 580 987 duos
606 953 745 987 solidos
772 952 880 997 paris.
907 952 943 983 in
968 950 1150 984 communi
1175 949 1285 982 bursa
1321 961 1401 982 cum
1435 949 1546 982 sociis
1572 949 1608 981 in
1635 948 1836 982 ebdomada
1860 957 2013 995 ponunt,
2036 962 2148 996 super
2172 950 2360 984 contribu-

490 1021 585 1054 tione
615 1019 825 1064 hujusmodi
854 1017 1016 1051 facienda
1046 1017 1097 1050 sic
1128 1022 1293 1062 prompte
1321 1028 1360 1049 ac
1388 1015 1588 1049 liberaliter
1615 1027 1654 1049 se
1684 1023 1825 1062 gerant,
1854 1023 1894 1050 ut
1923 1017 2168 1051 dissensionis
2196 1017 2359 1063 predicte

488 1087 632 1120 materia
659 1098 728 1131 que
755 1092 880 1131 posset
904 1096 976 1117 non
1001 1084 1093 1117 levia
1119 1095 1295 1129 generare
1321 1082 1482 1128 pericula
1510 1082 1655 1116 tollatur
1680 1083 1843 1123 omnino,
1868 1084 2013 1129 ipsique
2038 1084 2192 1130 proinde
2217 1084 2360 1118 valeant

487 1166 559 1186 non
584 1153 762 1185 immerito
784 1151 1041 1184 commendari.
1065 1152 1139 1183 Nos
1159 1150 1279 1194 itaque
1302 1156 1449 1195 paterne
1472 1149 1732 1183 sollicitudinis
1753 1150 1875 1183 studio
1895 1150 1940 1183 ad
1960 1151 2078 1196 ipsius
2099 1151 2357 1185 Universitatis

487 1227 616 1253 statum
646 1218 879 1263 tranquillum
911 1225 946 1251 et
974 1217 1163 1263 pacificum
1191 1216 1424 1250 intendentes
1454 1229 1494 1249 ac
1522 1216 1688 1250 volentes
1718 1216 1929 1262 hujusmodi
1959 1217 2163 1263 dispendiis
2195 1217 2356 1260 obviare,

486 1286 697 1319 discretioni
725 1292 845 1319 vestre
870 1296 935 1329 per
959 1283 1157 1329 apostolica
1183 1283 1315 1328 scripta
1341 1283 1553 1316 mandamus
1580 1283 1750 1328 quatinus
1776 1295 1903 1317 omnes
1929 1283 2013 1317 illos
2042 1284 2087 1317 de
2113 1284 2357 1318 Universitate

486 1353 645 1398 predicta
675 1353 736 1397 qui
767 1352 859 1385 duos
890 1351 1029 1384 solidos
1059 1350 1222 1396 predicte
1250 1357 1394 1384 monete
1423 1350 1460 1382 in
1489 1350 1673 1383 communi
1703 1350 1812 1384 bursa
1840 1363 1921 1384 cum
1949 1351 2061 1384 sociis
2091 1351 2128 1384 in
2157 1351 2357 1397 septimana

485 1426 591 1465 prout
618 1419 837 1464 premittitur
864 1430 1000 1463 ponere
1026 1418 1268 1450 dinoscuntur
1293 1417 1337 1450 ad
1362 1416 1667 1451 contribuendum
1694 1417 1731 1450 in
1757 1418 1928 1462 expensis
1953 1417 2128 1463 predictis
2155 1418 2357 1451 monitione

485 1486 675 1531 premissa,
696 1485 906 1518 auctoritate
932 1491 1055 1518 nostra
1076 1496 1140 1529 per
1161 1496 1352 1517 censuram
1373 1483 1655 1517 ecclesiasticam
1677 1484 1919 1529 appellatione
1940 1491 2078 1518 remota
2102 1484 2254 1530 cogatis.
2276 1486 2357 1518 Non

485 1552 650 1586 obstante
675 1553 705 1585 si
731 1551 914 1597 aliquibus
939 1564 956 1584 a
983 1551 1070 1584 sede
1096 1550 1294 1596 apostolica
1320 1551 1368 1583 sit
1390 1550 1571 1584 indultum
1598 1551 1695 1596 quod
1720 1550 1902 1592 interdici,
1926 1551 2103 1596 suspendi
2128 1550 2187 1585 vel
2213 1563 2357 1584 excom-

484 1619 660 1651 municari
681 1631 752 1651 non
776 1618 917 1663 possint
936 1630 999 1663 per
1019 1617 1157 1650 litteras
1179 1617 1273 1650 dicte
1295 1617 1395 1650 sedis
1414 1629 1487 1650 non
1506 1617 1680 1650 facientes
1698 1617 1841 1663 plenam
1863 1624 1898 1651 et
1918 1629 2127 1663 expressam
2148 1618 2193 1651 de
2213 1617 2356 1652 indulto

484 1685 693 1729 hujusmodi
726 1685 957 1718 mentionem.
989 1685 1159 1718 Ceterum
1191 1683 1281 1717 illud
1312 1684 1409 1729 quod
1442 1695 1485 1717 ex
1516 1683 1726 1729 hujusmodi
1757 1684 2027 1718 contributione
2057 1685 2260 1730 proveniet,
2291 1696 2357 1731 per

483 1763 548 1785 vos
578 1751 702 1797 colligi
732 1751 913 1792 volumus,
945 1758 980 1784 et
1009 1750 1199 1784 collectum
1226 1751 1372 1792 rectori,
1400 1751 1547 1784 decanis
1573 1750 1780 1784 facultatum
1811 1758 1846 1784 et
1875 1751 2175 1797 procuratoribus
2202 1758 2357 1797 quatuor

484 1818 667 1851 nationum
703 1830 767 1863 per
801 1830 866 1851 vos
900 1830 980 1850 cum
1016 1817 1223 1862 integritate
1258 1817 1401 1851 restitui
1435 1818 1472 1850 in
1507 1818 1624 1863 ipsius
1660 1817 1916 1851 Universitatis
1948 1830 2042 1860 arca,
2078 1830 2143 1864 per
2176 1825 2355 1852 rectorem

484 1885 640 1918 decanos
667 1892 703 1918 et
731 1891 986 1930 procuratores
1017 1884 1201 1929 predictos
1233 1884 1391 1917 fideliter
1421 1884 1679 1930 deponendum
1710 1891 1746 1917 et
1774 1885 2061 1918 convertendum
2092 1896 2157 1930 per
2186 1885 2288 1931 ipsos
2318 1885 2355 1918 in

484 1951 701 1984 solutionem
730 1951 939 1996 hujusmodi
967 1963 1220 1996 expensarum.
1250 1952 1328 1984 Dat.
1358 1951 1454 1996 apud
1482 1950 1616 1984 Urbem
1646 1952 1816 1984 Veterem
1844 1963 1930 1984 non.
1959 1951 2091 1993 Martii,
2123 1951 2355 1996 pontificatus

483 2017 598 2050 nostri
619 2029 712 2049 anno
735 2018 859 2050 tercio.

576 2116 765 2147 Apogrnphum
780 2124 906 2138 coaevum
921 2115 947 2138 in
963 2115 1038 2138 Areh.
1055 2118 1108 2138 nat.
1125 2115 1209 2140 Paris.
1226 2116 1258 2138 M.
1275 2116 1305 2138 67
1312 2119 1331 2143 ¹⁴,
1343 2119 1372 2138 n⁰
1387 2116 1424 2139 10.
1440 2115 1503 2138 Vide
1519 2123 1600 2146 supra
1615 2120 1644 2138 n⁰
1658 2116 1712 2139 512.

575 2201 597 2224 1.
613 2200 740 2223 Martinus
757 2200 790 2223 IV
804 2199 943 2223 conventui
959 2200 984 2222 S.
1003 2199 1150 2223 Genovefae
1170 2199 1286 2223 amicitia
1301 2202 1358 2223 erat
1373 2199 1535 2231 conjunctus.
1555 2200 1583 2223 In
1603 2199 1765 2231 Necroloyio
1784 2200 1902 2231 ejusdem
1922 2200 2076 2223 monasterii
2094 2199 2194 2231 legitur
2213 2200 2247 2224 nd
2265 2208 2283 2224 v
2300 2200 2353 2224 kal.

483 2245 564 2276 April.
587 2253 592 2268 :
615 2253 626 2267 α
647 2244 862 2267 Auniversarium
887 2247 975 2267 sancte
999 2244 1100 2267 record.
1124 2244 1223 2267 domini
1245 2243 1351 2267 Martini
1372 2252 1441 2275 pape
1463 2244 1505 2272 IV,
1528 2252 1577 2275 pro
1599 2252 1650 2276 quo
1672 2243 1786 2275 singulis
1807 2244 1883 2267 annis
1910 2244 2028 2267 faciendo
2050 2244 2123 2268 dedit
2141 2244 2218 2268 nobis
2238 2244 2256 2276 ij
2271 2244 2355 2268 libras

483 2289 621 2320 parisiens.
639 2290 671 2312 ad
687 2292 857 2320 augmentum
870 2288 1062 2320 pictanciurum
1077 2297 1098 2311 υ.
1115 2288 1186 2312 Bibl.
1201 2289 1226 2311 S.
1244 2288 1400 2316 Geuovefae,
1417 2288 1480 2317 313¹,
1497 2289 1554 2317 ¹122,
1571 2289 1616 2312 fol.
1632 2289 1670 2311 [14.

486 2470 514 2505 5
524 2469 596 2505 14.
624 2477 772 2512 officiales
788 2478 932 2503 curiarum
947 2478 1104 2504 Parisiens.
1119 2482 1213 2504 notum
1229 2478 1343 2512 faciunt
1358 2478 1550 2515 Radnlpltum,
1568 2479 1732 2515 episcopum
1748 2480 1854 2514 Paris.,
1869 2480 2012 2516 provisori
2026 2480 2126 2506 domus
2138 2482 2164 2507 S.
2182 2480 2304 2507 Thomae
2319 2480 2355 2506 de

574 2528 690 2562 Lapara
705 2527 880 2555 concessisse
895 2527 1065 2561 facultatem
1086 2536 1177 2554 Lxxxv
1197 2527 1306 2553 solidos
1323 2528 1416 2563 paris.
1436 2528 1526 2554 αηιιιιὶ
1541 2536 1642 2553 census
1658 2528 1686 2554 in
1708 2537 1821 2554 manum
1843 2532 1983 2555 mortuam
2004 2538 2041 2555 επ
2059 2529 2204 2556 nonnullis
2223 2529 2355 2556 domibus

571 2575 759 2610 percipiendi.

1635 2613 1710 2642 7284,
1725 2621 1814 2640 menae
1828 2613 1902 2640 ..lunio
1916 2613 1936 2648 [
1936 2614 2043 2640 Pae-selle
2042 2613 2069 2648 J.

579 2684 764 2718 Universis
804 2692 992 2729 presentes
1031 2686 1169 2719 litteras
1203 2686 1424 2732 inspecturis
1459 2687 1639 2719 curiarum
1674 2687 1892 2721 Parisiensis
1930 2699 1969 2721 ac
2009 2687 2200 2721 reverendi
2238 2687 2351 2732 patris

486 2750 623 2782 domini
647 2750 805 2783 Ancheri
831 2751 1024 2784 cardinalis
1052 2751 1296 2785 archidiaconi
1323 2753 1542 2786 Parisiensis
1571 2753 1744 2787 officiales
1775 2753 1926 2787 salutem
1955 2754 1994 2787 in
2013 2753 2192 2786 Domino.
2220 2754 2351 2787 Notum

485 2816 635 2849 facimus
662 2817 759 2861 quod
789 2829 908 2849 coram
935 2817 1041 2851 nobis
1072 2819 1313 2862 personaliter
1339 2819 1526 2853 constituti
1557 2820 1727 2853 dominus
1755 2819 1940 2853 ,Iohannes
1968 2819 2159 2865 presbyter
2185 2820 2354 2865 provisor

486 2882 616 2915 domus
642 2895 839 2928 pauperum
866 2883 1059 2916 scolarium
1086 2885 1205 2918 Sancti
1231 2885 1368 2918 Thome
1390 2886 1434 2918 de
1456 2887 1596 2931 Lupera
1617 2886 1730 2919 Paris.
1754 2893 1789 2919 et
1808 2886 1962 2931 predicti
1987 2885 2161 2928 scolares,
2182 2886 2354 2920 videlicet

487 2949 649 2993 magistri
677 2949 856 2982 Robertus
883 2949 927 2982 de
954 2949 1125 2991 Ybernia,
1150 2951 1352 2996 Stephanus
1379 2952 1497 2985 (lictus
1522 2951 1665 2994 Caillot,
1688 2953 1817 2985 Petrus
1843 2952 1887 2986 de
1915 2952 2202 2995 Maloforamine,
2223 2954 2353 2986 Petrus

611 3007 651 3030 76.
