2580 3528
468 383 533 416 280
1048 385 1369 410 annTULAan
1405 382 1594 405 UNivssns.
1632 381 1760 402 rmus.
2243 371 2343 412 [1255

468 479 574 511 quam
602 465 753 499 scientia
783 463 925 509 pietatis
958 461 1177 506 assequitur,
1210 458 1348 492 reddita
1383 456 1536 490 visionis
1571 455 1694 500 specie
1729 454 1956 488 reformatur.
1993 454 2046 488 Ibi
2077 454 2249 500 precipue
2283 454 2344 488 dat

468 532 647 565 Dominus
672 543 807 576 sponse
834 541 898 563 sue
920 541 961 561 os
983 535 1017 560 et
1038 526 1248 571 sapientiam
1271 537 1310 557 ac
1338 524 1497 567 linguam
1520 521 1673 554 misticis
1694 520 1852 566 eloquiis
1877 521 2068 562 eruditam,
2090 521 2148 554 cui
2169 521 2342 555 resistere

467 599 595 644 nequit
623 598 741 631 omnis
771 596 971 629 adversitas
1004 592 1265 638 improborum.
1297 591 1342 622 Ut
1373 589 1484 633 igitur
1513 587 1689 620 consortii
1714 587 1826 620 vestri
1852 586 2154 621 communicabile
2180 599 2219 620 ac
2244 599 2343 620 com-

470 677 577 698 mune
605 663 775 698 omnibus
805 662 939 694 bonum
968 660 1066 692 omni
1096 658 1194 703 pacis
1225 655 1388 689 custodia
1419 665 1564 687 servare
1591 665 1762 687 curemus
1788 660 1823 686 et
1845 653 2106 687 favorabilibus
2132 654 2343 699 patrociniis

468 731 705 770 communire,
730 741 773 761 ne
796 729 831 760 in
853 738 1043 760 commune
1066 724 1211 770 publice
1232 722 1359 755 salutis
1381 721 1529 754 exitium
1552 720 1642 753 illud
1663 720 1782 753 emula
1803 720 1961 754 caritatis
1982 727 2018 753 et
2037 720 2185 754 unionis
2206 720 2343 754 invida¹

469 797 616 830 sathane
642 796 856 829 labefactare
883 793 999 838 possit
1024 791 1165 830 astutia,
1194 790 1368 821 instructa
1395 787 1529 832 quippe
1556 787 1676 820 modis
1702 786 2032 820 innumerabilibus
2053 787 2097 820 ad
2122 787 2342 829 nocendum,

468 864 505 896 in
534 863 653 902 nobis,
682 873 774 906 quos
807 860 889 892 licet
923 859 1094 903 indignos
1122 856 1263 889 eunctis
1290 853 1504 887 mortalibus
1533 854 1599 886 Dei
1627 853 1789 899 dignatio
1821 853 2126 899 superintendere
2155 853 2270 887 voluit
2297 854 2343 887 de

467 940 638 974 supremo
666 927 811 972 fastigio
843 926 972 958 domus
1001 935 1078 964 sue,
1111 922 1282 967 precipua
1313 920 1574 954 sollicitudinis
1603 920 1795 965 vigilancia
1824 921 1999 953 excitatur
2026 927 2061 953 et
2087 932 2150 953 cor
2177 927 2342 954 nostrum

467 996 538 1028 urit
554 1007 639 1027 cure
655 993 823 1026 stimulus
841 991 1021 1036 specialis.
1041 990 1135 1023 Olim
1158 1000 1256 1026 sane,
1275 988 1370 1020 sieut
1390 987 1610 1032 accepimus,
1628 999 1708 1020 eum
1729 986 1946 1032 quibusdam
1966 986 2170 1020 scolaribus
2189 987 2344 1020 Univer-

466 1062 582 1095 sitatis
602 1067 722 1094 vestre
744 1059 897 1103 collegis
924 1058 1080 1090 fuissent
1104 1069 1121 1089 a
1143 1054 1318 1100 vigilibus
1340 1054 1495 1087 civitatis
1521 1054 1739 1087 Parisiensis
1761 1060 1902 1087 atroces
1924 1054 2056 1099 injurie
2076 1054 2248 1099 irrogate,
2270 1066 2344 1087 uno

467 1128 609 1160 illorum
637 1126 772 1166 occiso,
801 1125 952 1169 reliquis
977 1123 1136 1168 graviter
1165 1121 1366 1155 vulneratis
1393 1127 1429 1154 et
1454 1121 1490 1153 in
1512 1132 1692 1154 carcerem
1716 1127 1751 1154 et
1775 1121 1812 1153 in
1842 1120 1959 1154 vincla
1984 1121 2173 1166 conjectis,
2198 1120 2342 1154 demum

466 1206 543 1235 vos,
566 1193 712 1238 quibus,
736 1199 774 1224 ut
790 1191 934 1224 dicitur.
952 1190 1069 1222 selieis
1086 1188 1350 1222 recordationis
1372 1188 1577 1233 Gregorius
1599 1200 1688 1233 papa
1709 1187 1952 1233 predecessor
1972 1193 2098 1220 noster
2118 1186 2284 1229 indulsit,
2305 1193 2346 1220 ut

465 1261 495 1293 si
517 1259 621 1293 vobis
642 1258 699 1291 vel
720 1258 826 1291 alicui
852 1263 1011 1290 vestrum
1040 1256 1170 1300 injuria
1190 1254 1248 1288 vel
1270 1266 1444 1287 excessus
1466 1254 1641 1287 inseratur
1662 1254 1835 1295 enormis,
1859 1260 1983 1299 utpote
2006 1253 2134 1287 mortis
2158 1253 2216 1287 vel
2242 1253 2343 1287 muti-

466 1326 609 1359 lationis
632 1324 783 1357 membri
809 1325 1021 1368 cujusquam
1049 1322 1119 1355 nisi
1147 1333 1309 1367 congrua
1337 1321 1537 1353 monitione
1566 1321 1744 1366 premissa
1774 1320 1865 1353 infra
1892 1319 2099 1365 quindecim
2128 1320 2208 1353 dies
2234 1320 2345 1353 fuerit

464 1393 698 1432 satisfactum,
734 1391 870 1423 licitum
902 1390 948 1422 sit
974 1389 1079 1422 vohis
1107 1400 1224 1433 usque
1250 1388 1293 1421 ad
1320 1387 1603 1421 satisfactionem
1632 1387 1849 1432 condignam
1878 1387 2106 1432 suspendere
2135 1386 2342 1428 leetiones²,

465 1459 693 1492 attendentes
719 1458 816 1502 quod
844 1457 929 1489 licet
955 1456 1063 1488 iidem
1096 1455 1257 1488 scolares
1284 1466 1377 1499 quos
1405 1454 1583 1499 sacrilega
1608 1454 1806 1487 carceravit
1830 1454 1961 1499 injuria
1982 1460 2021 1487 ut
2040 1453 2218 1486 asseritur
2237 1452 2342 1487 vobis

465 1527 622 1559 fuissent
654 1525 690 1557 in
725 1524 882 1557 crastino
919 1523 1050 1556 redditi
1085 1522 1265 1563 semivivi,
1296 1521 1439 1566 justitie
1474 1528 1592 1554 tamen
1626 1521 1791 1553 executio
1822 1521 1858 1553 in
1888 1520 2101 1565 injuriarum
2131 1519 2343 1565 hujusmodi

466 1599 738 1638 presumptores
759 1590 950 1624 videbatur
971 1590 1063 1622 ultra
1086 1588 1248 1622 debitum
1271 1588 1476 1633 prorogari,
1498 1588 1617 1621 scolas
1638 1600 1656 1620 a
1677 1586 1898 1620 lectionibus
1919 1587 2178 1632 suspendistis.
2204 1588 2341 1621 Verum

465 1671 545 1692 cum
576 1671 642 1691 nec
672 1659 724 1691 sic
749 1658 890 1702 justitie
921 1656 1083 1689 debitum
1114 1655 1337 1701 proveniret,
1368 1666 1434 1688 vos
1464 1661 1559 1687 tante
1595 1653 2004 1687 enormitatis.articulo
2039 1660 2261 1699 suggerente
2296 1653 2341 1686 de

463 1726 647 1758 communi
677 1724 831 1757 consilio
862 1724 905 1756 ad
937 1724 1051 1756 dietas
1082 1722 1234 1767 injurias
1262 1722 1462 1755 secundum
1500 1722 1614 1754 Deum
1647 1728 1682 1754 et
1704 1721 1896 1766 justitiam,
1919 1726 2091 1766 quantum
2117 1719 2223 1753 vobis
2247 1719 2342 1754 foret

464 1793 614 1832 licitum,
638 1792 668 1824 si
685 1791 822 1836 judicis
844 1797 1049 1836 tepesceret
1076 1789 1247 1830 officium,
1275 1788 1551 1834 prosequendas
1573 1795 1608 1821 et
1627 1788 1671 1821 ad
1697 1787 1870 1833 quasdam
1892 1787 2141 1820 ordinationes
2167 1786 2254 1820 alias
2274 1798 2340 1820 vos

463 1871 525 1903 per
555 1858 814 1905 obligationem
843 1857 1046 1890 roboratam
1072 1856 1291 1901 juramentis
1322 1854 1511 1896 adhibitis,
1544 1861 1583 1888 ut
1611 1855 1757 1895 dicitur,
1779 1854 2011 1887 astrinxistis.
2049 1855 2092 1886 Et
2116 1853 2199 1898 quia
2228 1865 2340 1898 super

462 1925 531 1958 hiis
558 1925 680 1958 dilecti
707 1925 770 1957 filii
798 1923 1032 1957 Bonushomo
1060 1930 1094 1956 et
1120 1923 1251 1968 Helyas
1277 1922 1549 1955 Predieatorum
1575 1921 1725 1955 Ordinis
1747 1922 1875 1954 fratres
1897 1920 2015 1954 scolas
2046 1926 2217 1966 regentes
2241 1920 2340 1952 Pari-

463 1992 540 2024 sius
566 1992 602 2023 in
625 1991 827 2036 theologica
858 1990 1036 2030 facultate,
1065 2002 1108 2022 ex
1138 1989 1247 2022 certis
1278 1989 1398 2022 causis
1429 2000 1468 2021 se
1498 1987 1791 2021 ordinationibus
1822 1994 1857 2020 et
1886 1986 2100 2032 obligationi
2129 1986 2339 2031 hujusmodi

461 2058 629 2090 subicere
658 2058 869 2090 noluerunt³
895 2058 938 2090 ad
967 2057 1090 2090 sedem
1120 2056 1355 2101 apostolicam
1385 2055 1616 2100 appellando,
1640 2066 1703 2087 eos
1729 2054 1908 2087 beneficio
1935 2053 2119 2086 societatis
2147 2053 2184 2085 in
2210 2053 2339 2098 magis-

461 2124 612 2157 tralibus
642 2124 846 2169 privavistis
877 2124 1050 2169 ipsosque
1078 2123 1238 2168 privatos
1266 2122 1411 2168 publice
1438 2122 1653 2154 nunciantes
1679 2121 1889 2166 injunxistis
1915 2120 2092 2162 districte,
2115 2126 2154 2153 ut
2178 2119 2339 2153 scolares

462 2191 637 2224 lectiones
664 2203 787 2223 eorum
821 2191 989 2223 ‹leectero
1025 2202 1098 2223 non
1128 2190 1309 2230 audirent,
1338 2200 1382 2221 ne
1415 2189 1578 2234 ipsorum
1607 2188 1792 2221 auditores
1819 2200 1837 2220 a
1858 2199 1962 2232 pena,
1985 2199 2090 2232 quam
2112 2186 2339 2220 Universitas

463 2258 629 2303 infligere
663 2257 795 2290 talibus
829 2257 1030 2298 consuevit,
1063 2269 1102 2289 se
1137 2262 1289 2301 possent
1318 2268 1383 2301 per
1416 2255 1656 2301 ignorantiam
1693 2255 1893 2287 exeusare⁴.
1926 2255 2077 2286 Demum
2113 2265 2193 2286 cum
2228 2252 2337 2286 iidem

462 2326 590 2357 fratres
615 2336 726 2369 super
755 2324 822 2356 hoe
853 2324 896 2356 ad
927 2324 1021 2356 ‹liete
1050 2323 1150 2356 sedis
1179 2323 1379 2368 presidium
1410 2322 1678 2367 confugissent,
1711 2321 1771 2354 fel.
1803 2320 2067 2354 recordatiouis
2102 2319 2338 2352 Innocentius

465 2403 552 2436 papa
580 2391 819 2436 predecessor
845 2397 969 2423 noster
989 2390 1111 2423 audito
1138 2390 1236 2434 quod
1263 2390 1356 2422 inter
1378 2401 1443 2422 vos
1463 2395 1498 2422 et
1518 2389 1630 2430 cives,
1653 2388 1714 2433 qui
1741 2387 1922 2433 predictas
1944 2386 2095 2431 injurias
2120 2386 2336 2431 irrogarant,

464 2458 645 2490 discordia
681 2469 744 2502 per
779 2457 1059 2490 satisfactionem
1097 2457 1214 2489 fuerat
1242 2457 1315 2500 jam
1352 2456 1467 2500 sopita
1502 2455 1631 2488 volens
1665 2455 1710 2487 de
1745 2454 1865 2487 medio
1896 2459 2056 2487 vestrum
2090 2452 2338 2486 controversie

464 2523 680 2556 submovere
716 2524 897 2555 materiam
934 2530 967 2555 et
1003 2522 1150 2568 pacifice
1189 2523 1386 2555 reformare
1421 2528 1543 2554 mutue
1579 2521 1737 2554 caritatis
1769 2521 1954 2561 affectum,
1990 2519 2092 2564 ipsos
2130 2519 2259 2551 fratres
2293 2518 2337 2551 ad

464 2596 621 2621 vestrum
645 2589 838 2633 collegium
861 2596 895 2621 et
918 2589 1142 2622 consortium
1169 2588 1328 2621 restituit
1353 2588 1397 2620 de
1418 2588 1532 2633 gratia
1559 2587 1708 2632 speciali
1734 2586 2017 2631 prohibitionem
2039 2597 2104 2618 seu
2130 2584 2336 2617 mandatum

466 2655 593 2687 sactum
623 2654 824 2687 scolaribus
853 2655 1080 2688 auditoribus
1108 2655 1307 2687 eorundem
1339 2654 1485 2699 penitus
1516 2653 1720 2687 revocando
1747 2665 1786 2685 ac
1815 2652 1933 2685 dando
1964 2651 2069 2685 vobis
2099 2651 2176 2684 suis
2205 2650 2337 2684 litteris

465 2721 501 2752 in
531 2721 718 2761 mandatis,
751 2728 789 2753 ut
818 2722 1000 2765 predictos
1034 2722 1163 2754 fratres
1199 2721 1278 2754 sine
1312 2720 1520 2753 difficultate
1552 2732 1617 2753 seu
1653 2719 1826 2752 dilatione
1861 2724 2094 2761 resumentes¹
2124 2717 2168 2750 ad
2205 2723 2336 2750 statum

464 2787 654 2831 pristinum
678 2794 712 2819 et
732 2787 774 2819 ad
795 2787 989 2833 collegium
1011 2789 1267 2833 magistrorum
1289 2789 1345 2820 ac⁵
1367 2786 1622 2821 Universitatis
1649 2785 1874 2819 consortium
1897 2785 2129 2818 admittentes
2149 2795 2213 2817 eos
2234 2795 2337 2817 occa-

465 2854 567 2885 sione
597 2853 855 2897 premissorum
886 2854 1092 2886 nullatenus
1121 2855 1331 2895 vexaretis⁴³,
1359 2852 1631 2887 venerabilibus
1658 2851 1831 2885 fratribus
1858 2851 1994 2884 nostris
2023 2877 2043 2883 ..
2074 2850 2337 2884 Silvanectensi

463 2925 500 2952 et
524 2946 544 2951 ..
572 2919 783 2951 Ebroicensi
814 2920 996 2964 episcopis
1023 2932 1133 2965 super
1164 2920 1232 2953 hoc
1264 2920 1421 2953 mandati
1449 2919 1639 2964 apostolici
1667 2916 1924 2951 executoribus
1951 2917 2158 2962 deputatis⁷.
2186 2917 2233 2949 At
2251 2916 2337 2949 licet
