2580 3528
265 401 362 442 1267]
609 410 657 432 ΑΒ
689 409 795 432 Auno
828 407 907 431 nec
940 407 1072 436 usqua
1107 407 1155 429 an
1190 406 1420 429 ramerum
1455 407 1495 428 1v
1528 407 1618 429 aas.
1655 407 1792 429 masc.
2071 399 2135 432 467

263 497 308 519 eo
335 496 479 519 causam
505 489 690 530 prestante
711 483 785 528 jam
814 494 879 528 per
904 488 979 515 tres
1005 492 1153 515 menses
1177 480 1236 514 vel
1259 480 1405 514 circiter
1429 492 1448 513 a
1475 479 1696 513 lectionibus
1720 488 1969 523 cessaverunt,
1995 481 2136 526 aliaque

262 551 360 586 varia
379 550 572 597 dispendia
591 550 677 584 inde
697 549 928 595 postmodum
950 547 1146 582 subsecuta
1166 547 1297 580 merito
1317 546 1475 580 debeant
1493 547 1675 592 imputari.

352 617 432 652 Hiis
472 617 586 664 igitur
628 623 664 650 et
707 616 892 650 universis
936 614 1234 649 confessionibus
1279 613 1558 660 probationibus
1602 613 1941 659 presumptionibus
1983 613 2137 659 aliisque

263 684 435 718 omnibus
459 691 531 718 tam
557 695 628 730 que
653 689 779 717 contra
802 682 991 716 officialem
1021 681 1225 728 predictum
1251 693 1357 726 quam
1385 693 1456 726 que
1482 692 1548 726 pro
1575 681 1656 726 ipso
1677 681 1795 714 facere
1815 679 2045 722 videbantur,
2067 687 2135 714 tam

262 751 454 785 nobiscum
479 763 586 796 quam
606 762 687 784 cum
714 749 838 783 multis
856 749 985 795 peritis
1004 748 1111 794 plena
1137 748 1419 794 investigatione
1444 747 1625 781 discussis
1650 754 1686 781 et
1709 747 1879 793 diligenti
1903 748 2137 781 meditatione

264 818 439 864 pensatis,
461 829 530 851 nos
549 823 686 851 tantum
708 816 837 850 sedare
858 815 1067 849 scandalum
1088 821 1124 848 et
1142 814 1275 848 futuris
1296 813 1443 848 obviare
1464 814 1638 860 periculis
1654 826 1694 847 ac
1710 813 1968 859 ingruentibus
1989 814 2138 860 dispen-

263 885 335 919 diis
374 884 568 930 providere
606 883 786 924 volentes,
827 883 953 928 sicque
986 882 1135 928 justicie
1173 881 1336 915 debitum
1375 881 1533 923 solvere,
1572 893 1618 914 ne
1651 893 1717 926 per
1749 881 1944 926 discipline
1977 881 2137 927 rigorem

264 951 463 998 probemur
487 950 664 985 excedere
689 962 781 984 neve
806 949 945 995 Moysis
970 948 1136 995 exemplo
1161 948 1263 982 fratri
1287 948 1402 981 amico
1422 947 1481 981 vel
1505 948 1670 993 proximo
1697 947 1790 981 ultra
1815 960 1922 993 quam
1947 948 2139 981 conveniat

263 1018 478 1060 indulsisse,
500 1017 652 1051 maxime
677 1029 759 1050 cum
784 1016 928 1050 beatum
949 1016 1170 1062 Gregorium
1192 1015 1329 1048 dixisse
1349 1014 1527 1060 legamus,
1549 1015 1647 1060 quod
1673 1015 1821 1060 gravius
1846 1014 2084 1060 delinquitur,
2107 1015 2137 1048 si

263 1086 360 1119 inter
385 1096 581 1131 perversos
607 1084 690 1130 plus
716 1083 892 1130 equalitas
922 1095 1028 1128 quam
1056 1082 1248 1128 disciplina
1279 1081 1496 1123 custoditur,
1525 1088 1562 1115 et
1585 1081 1684 1126 quod
1715 1081 1947 1127 supradictus
1974 1093 2138 1115 summus

264 1152 450 1193 sacerdos,
479 1151 578 1197 quod
603 1151 693 1185 salsa
720 1151 853 1196 pietate
882 1156 1076 1195 superatus
1102 1149 1212 1182 ferire
1240 1148 1497 1194 delinquentes
1524 1147 1620 1182 filios
1650 1148 1779 1190 noluit,
1808 1148 1903 1194 apud
1933 1148 2136 1182 districtum

258 1218 420 1264 judicem
451 1218 688 1263 semetipsum
715 1229 796 1251 cum
823 1216 910 1250 filiis
935 1215 1076 1249 crudeli
1105 1215 1360 1261 dampnatione
1392 1215 1572 1260 percussit
1596 1226 1603 1248 ε
1626 1215 1761 1248 dictum
1792 1214 1981 1249 officialem
2012 1227 2139 1261 supra-

265 1285 400 1319 dictum
420 1285 566 1319 citatum
587 1283 750 1330 legitime
770 1295 810 1316 ac
831 1283 1076 1328 peremptorie
1095 1282 1140 1315 ad
1161 1281 1386 1315 diffinitivam
1407 1281 1624 1315 audiendam
1645 1281 1860 1315 sententiam
1878 1289 1914 1315 et
1931 1288 2138 1327 presentem

264 1352 310 1386 de
343 1351 590 1398 predictorum
625 1349 781 1384 consilio
815 1349 976 1395 publico,
1012 1355 1051 1382 ut
1084 1348 1137 1382 sic
1170 1348 1374 1393 loquamur,
1411 1347 1640 1381 officialitatis
1669 1347 1788 1381 officio
1818 1348 1855 1381 in
1888 1348 1960 1382 hiis
1993 1348 2140 1394 scriptis

264 1425 441 1465 perpetuo
466 1429 535 1463 qua
563 1417 752 1463 fungimur
777 1416 990 1450 auctoritate
1017 1415 1214 1461 privamus,
1243 1421 1279 1448 et
1305 1426 1351 1448 ne
1378 1426 1536 1460 unquam
1563 1415 1724 1448 Parisius
1746 1415 1804 1448 vel
1829 1414 1915 1448 alibi
1942 1415 1987 1448 ad
2013 1415 2141 1460 hujus-

264 1485 362 1519 modi
382 1490 588 1518 assumatur
608 1483 780 1524 officium,
795 1482 988 1516 statuimus
1008 1488 1045 1515 et
1063 1480 1353 1516 irrevocabiliter
1368 1480 1619 1526 prohibemus,
1636 1481 1803 1514 volentes
1819 1480 2079 1515 nichilominus
2091 1493 2139 1518 vac

263 1551 478 1586 mandantes
498 1557 535 1584 et
553 1550 659 1584 etiam
680 1561 746 1596 per
765 1549 856 1583 hanc
877 1549 1094 1583 sententiam
1115 1548 1370 1589 decernentes,
1388 1547 1487 1593 quod
1507 1547 1603 1581 idem
1625 1547 1823 1581 Gaufridus
1843 1554 1941 1580 extra
1961 1548 2139 1581 civitatem

264 1619 507 1653 parisiensem
538 1629 603 1664 per
631 1616 864 1662 triempnium
895 1615 940 1649 ab
969 1615 1118 1649 instanti
1147 1615 1241 1648 festo
1271 1614 1375 1648 beate
1402 1615 1515 1648 Marie
1543 1614 1758 1660 Magdalene
1784 1614 1956 1648 continue
1982 1626 2142 1648 commo-

264 1691 377 1726 retur,
403 1685 476 1719 nisi
503 1695 569 1730 per
595 1683 876 1718 Universitatem
902 1682 1100 1728 predictam
1126 1682 1171 1715 ad
1196 1681 1403 1715 citationem
1430 1681 1546 1726 ipsam
1573 1681 1718 1714 interim
1747 1687 1952 1723 revocetur,
1981 1687 2017 1714 et
2044 1681 2141 1727 quod

266 1764 339 1786 non
361 1751 463 1798 prius
483 1751 528 1784 ad
549 1750 806 1785 Universitatis
827 1749 990 1796 predicte
1010 1748 1235 1782 consortium
1256 1748 1465 1781 admittatur
1485 1759 1590 1793 quam
1617 1759 1728 1793 super
1752 1747 1820 1781 hoc
1846 1748 1963 1793 ipsius
1988 1748 2143 1782 Univer-

265 1818 383 1853 sitatis
416 1818 570 1864 gratiam
603 1817 863 1863 impetraverit.
897 1817 1027 1850 Actum
1063 1822 1099 1850 et
1127 1815 1249 1849 datum
1279 1815 1317 1848 in
1346 1814 1505 1848 claustro
1535 1814 1691 1848 ecclesie
1719 1814 1938 1848 Parisiensis
1968 1815 2005 1848 in
2034 1814 2142 1848 domo

265 1897 371 1932 quam
387 1884 525 1919 habitat
539 1884 715 1931 magister
734 1883 910 1918 Ansellus
931 1883 977 1917 de
998 1883 1154 1916 Buciaco
1175 1881 1374 1916 canonicus
1394 1881 1613 1916 Parisiensis
1638 1883 1670 1927 xj
1698 1881 1768 1915 kal.
1789 1881 1890 1924 Julii,
1911 1881 2143 1927 pontificatus

265 1952 403 1986 domini
424 1951 626 1987 Clementis
646 1963 737 1998 pape
758 1951 876 1996 quarti
897 1962 992 1984 anno
1012 1950 1138 1983 tercio.

358 2059 422 2084 eod.
438 2059 496 2083 vat.
513 2059 577 2090 Reg.
592 2059 648 2082 406.
666 2057 711 2082 fol.
728 2057 789 2087 38&
810 2058 958 2090 iterumque
980 2058 1026 2081 sed
1047 2057 1233 2090 compendiose
1253 2057 1298 2081 fol.
1315 2057 1353 2080 31.
1370 2056 1439 2080 Bibl.
1451 2056 1582 2088 Phillipps
1606 2056 1632 2080 in
1654 2056 1835 2085 Cheltenham,
1855 2065 1903 2080 ms.
1927 2057 1982 2086 876,
1999 2057 2043 2080 sol.
2063 2058 2102 2085 48,
2119 2060 2144 2080 et

266 2102 336 2128 nient
348 2103 376 2127 ίιι
390 2102 455 2128 Cod.
469 2103 528 2127 Vnt.
545 2103 620 2135 aeg..
636 2103 682 2128 fol.
698 2102 756 2132 39⁹,
771 2102 852 2127 breve
866 2103 1016 2134 Regestum.
1034 2103 1063 2126 In
1082 2105 1194 2134 utroque
1208 2101 1298 2126 codice
1318 2101 1368 2125 sub
1383 2101 1490 2125 rubrica
1505 2109 1512 2124 ·.
1530 2110 1542 2125 α
1557 2100 1680 2125 Bannitio
1702 2101 1841 2133 cujusdam
1863 2101 1985 2125 officialis
2006 2109 2029 2125 u.
2047 2102 2142 2126 Chart-

265 2147 364 2179 facult.
379 2147 490 2174 Decret.
509 2147 537 2172 in
551 2147 621 2172 Bibt.
637 2147 782 2177 Arsennlis,
798 2155 847 2172 ms.
863 2147 932 2176 1121,
949 2147 994 2171 fol.
1008 2146 1075 2172 163⁵.
1090 2161 1122 2165 —
1136 2147 1262 2175 Bulaeus,
1277 2147 1324 2177 111,
1340 2147 1395 2170 ³84.

359 2236 382 2260 1.
399 2236 429 2260 In
443 2236 501 2260 vn.
517 2236 581 2268 neg.
602 2239 632 2261 ut
646 2236 753 2261 videtur
770 2236 897 2260 scribitur
914 2236 1102 2268 compendiose
1122 2244 1134 2259 α
1154 2243 1268 2268 superne
1283 2243 1305 2259 υ.
1329 2248 1355 2254 -
1375 2236 1398 2259 2.
1419 2234 1496 2259 Forte
1520 2234 1648 2259 Gaut'rido
1672 2235 1704 2258 de
1723 2234 1815 2263 Bai-ro,
1835 2238 1928 2267 postea
1947 2234 2141 2263 archidiacono,

265 2281 359 2305 deinde
373 2280 425 2313 (ιιι.
442 2281 513 2311 1273)
528 2281 627 2305 decano
641 2281 724 2305 electo
738 2289 770 2305 ac
788 2281 894 2305 tandem
909 2289 952 2304 an.
966 2281 1026 2304 1281
1043 2281 1070 2304 S.
1086 2281 1223 2304 Susennae
1237 2279 1328 2312 presb.
1343 2279 1485 2303 cardinale.
1502 2279 1543 2303 Cf.
1559 2279 1651 2304 Gallia
1663 2275 1771 2308 christ„
1788 2279 1843 2307 vn,
1859 2280 1914 2303 206.
1930 2279 1965 2303 De
1982 2279 2041 2310 ipso
2056 2279 2142 2303 adhuc

265 2328 367 2357 postea.
384 2339 411 2343 —
427 2326 450 2349 3.
468 2325 555 2349 martii
568 2327 591 2349 5.
606 2338 639 2344 —-
652 2326 677 2349 1}-
693 2324 729 2349 De
743 2324 885 2350 Paraviso
900 2328 960 2349 ante
980 2324 1260 2349 Nostram-Dominam
1275 2324 1302 2348 in
1317 2324 1405 2347 insula
1424 2323 1511 2355 (hodie
1526 2323 1845 2355 Pams-Notre-Dame)
1865 2323 1924 2347 vide
1942 2323 2002 2347 Joh.
2023 2323 2055 2347 de
2074 2323 2142 2348 Gar-

266 2369 364 2399 lundis,
382 2369 587 2399 Βίσῆοηανίω,
599 2369 670 2402 apud
681 2369 795 2398 Gan-aud,
806 2369 894 2394 Paris
907 2375 973 2394 sous
985 2369 1119 2400 Philippo
1130 2369 1155 2394 le
1170 2368 1230 2397 Bel,
1247 2377 1273 2401 p.
1289 2369 1345 2397 508,
1362 2372 1391 2392 n⁰
1405 2369 1445 2392 68.
1457 2381 1484 2386 -
1498 2369 1519 2391 5.
1534 2368 1592 2392 Vnt.
1606 2367 1685 2400 Reg.:
1703 2376 1715 2391 «
1731 2367 1899 2392 manifestam
1914 2376 1935 2392 υ.
1951 2381 1982 2386 --
1996 2369 2019 2391 6.
2033 2376 2044 2392 α
2055 2368 2143 2400 Negli-

265 2414 382 2447 gentinm
385 2432 432 2439 .....
449 2413 573 2438 officialis
584 2423 596 2438 u
612 2422 664 2439 om.
681 2422 746 2438 ιιιιι.
761 2417 788 2438 et
804 2413 928 2443 Bulaeus,
945 2413 1026 2438 verbu
1041 2417 1128 2438 tamen
1142 2413 1242 2437 omina
1257 2413 1284 2437 in
1298 2413 1361 2437 Cod.
1374 2413 1431 2436 Vnt.
1449 2412 1512 2444 neg.
1528 2415 1634 2436 exstant
1645 2420 1704 2436 cum
1720 2412 1789 2441 aliis,
1801 2412 1877 2436 linei·
1893 2412 2023 2441 obductis,
2040 2413 2084 2437 sol.
2101 2414 2140 2437 112.

265 2602 380 2642 416.
403 2613 531 2639 Litterae
546 2611 652 2650 quibus
667 2611 807 2648 magister
824 2610 905 2638 Oddo
922 2610 959 2638 de
973 2610 1109 2646 Belleval,
1127 2610 1258 2646 clericus,
1275 2613 1303 2637 el
1323 2609 1465 2637 Gaulotus
1480 2609 1632 2645 picardus,
1650 2609 1780 2637 bodellus
1802 2610 2011 2646 Universitatis,
2034 2611 2141 2637 consti-

356 2665 483 2697 tuuntur,
515 2661 551 2688 de
578 2670 718 2688 concensu
745 2661 947 2696 magistrorum
974 2660 1186 2687 Par-iciendum
1212 2660 1350 2696 cujusque
1376 2659 1503 2685 nationis
1527 2662 1555 2686 et
1578 2658 1743 2695 facultatis,
1768 2663 1973 2696 procuratores
1998 2663 2026 2686 et
2049 2660 2142 2686 nuntii

354 2710 498 2748 speciales
522 2708 563 2737 ad
583 2709 817 2747 prosequendam
841 2708 1068 2747 appellationem
1092 2709 1254 2736 sententiae
1277 2717 1296 2734 a
1320 2709 1433 2735 Simone
1454 2706 1602 2735 cardinali
1622 2707 1718 2744 legato
1744 2707 1825 2735 latae
1849 2712 1949 2735 contra
1973 2709 2140 2744 magistrum

357 2758 538 2795 Gaufridum,
554 2760 722 2787 canonicum
737 2758 941 2786 Parit-temoni,

1538 2806 1613 2837 1207,
1628 2806 1692 2834 dolie·
1704 2807 1728 2837 7,
1743 2807 1856 2834 Parisiis.

357 2883 398 2917 ln
425 2883 572 2917 nomine
597 2883 742 2918 Domini
762 2883 879 2918 nostri
899 2882 1011 2918 Jhesu
1032 2882 1181 2918 Christi.
1204 2882 1333 2916 Amen.
1355 2882 1462 2915 Anno
1483 2881 1646 2927 ejusdem
1669 2881 1864 2915 millesimo
1889 2881 2141 2915 ducentesimo

269 2949 498 2996 sexagesimo
534 2950 631 2993 vw,
660 2949 861 2985 indictione
890 2957 940 2992 1¹,
967 2949 1027 2984 die
1053 2949 1152 2995 jovis
1179 2948 1341 2995 proxima
1370 2954 1453 2994 post
1481 2948 1612 2982 festum
1643 2947 1738 2982 beati
1769 2948 1913 2983 Martini
1943 2947 2139 2989 estivalis⁸,
