2580 3528
487 419 552 454 578
1063 424 1379 449 CHARTULARIUM
1413 421 1602 445 UNiVEns.
1640 421 1771 443 rimis.
2259 407 2360 452 [1279

486 503 627 538 sollerti
652 500 773 536 studio
800 509 835 535 et
860 501 1023 535 studiosa
1045 499 1212 533 sollercia
1233 498 1463 531 intendamus
1489 507 1554 540 per
1579 507 1649 540 que
1675 493 1746 528 sibi
1772 493 1893 527 divina
1918 494 2143 539 propiciante
2168 490 2360 527 clementia

486 569 680 615 tranquille
714 569 812 614 pacis
846 575 881 601 et
914 567 1055 601 stabilis
1084 566 1219 598 bonum
1252 563 1439 609 proveniat
1470 569 1505 595 et
1532 561 1652 595 votive
1683 561 1937 606 prosperitatis
1967 560 2155 594 commoda
2189 560 2360 594 duratura

486 636 695 670 succedant.
719 635 822 680 Olym
849 634 1029 679 siquidem
1056 633 1150 665 inter
1170 631 1365 675 magistros
1385 628 1564 662 facultatis
1586 627 1715 660 artium
1742 639 1786 660 ex
1810 639 1880 661 una
1906 634 2019 672 parte,
2041 633 2077 660 et
2100 627 2296 673 magistros
2321 627 2359 660 in

487 703 644 736 decretis
678 709 711 735 et
747 701 924 734 medicina
954 698 1209 733 Universitatis
1240 696 1403 741 ejusdem
1435 707 1478 728 ex
1507 694 1617 727 altera
1647 706 1759 739 super
1786 694 1895 727 modo
1930 693 2175 727 denunciandi
2210 693 2359 727 decanis

486 770 741 814 magistrorum
768 768 930 812 ipsorum
956 766 993 798 in
1019 765 1175 797 decretis
1201 770 1236 796 et
1260 762 1439 795 medicina
1461 761 1769 806 congregationes
1794 760 1987 806 generales
2012 761 2049 793 in
2075 760 2199 794 eadem
2226 772 2359 806 regen-

488 836 574 868 tium
609 834 865 874 Universitate,
897 844 965 877 que
1000 831 1109 864 certis
1144 829 1262 862 modis
1298 835 1333 861 et
1366 827 1647 861 condicionibus
1676 827 1961 872 precedentibus
1991 833 2263 860 consueverunt
2292 838 2358 872 pro

486 909 648 946 tempore
675 901 766 941 fieri,
796 899 942 932 materia
973 898 1089 930 extitit
1118 895 1364 929 discensionis
1393 901 1528 936 exorta,
1558 906 1628 939 que
1656 894 1800 927 tandem
1830 894 1945 927 fuisse
1976 894 2109 927 dicitur
2138 894 2175 926 in
2205 893 2358 938 quadam

485 967 647 1013 generali
672 965 957 1010 congregatione
979 963 1072 1008 apud
1095 961 1284 995 ecelesiam
1307 962 1421 994 sancti
1443 961 1620 994 Bernardi
1642 961 1861 994 Parisiensis
1881 961 1972 994 facta
1992 967 2092 994 certo
2118 960 2226 993 inodo
2251 960 2359 993 inter-

485 1034 652 1067 veniente
679 1032 813 1065 sedata.
837 1031 908 1064 Sed
934 1030 1032 1075 pacis
1058 1029 1177 1062 emulo
1199 1035 1356 1061 amatore
1382 1028 1499 1061 litium
1525 1034 1743 1073 procurante
1768 1027 1979 1072 hujusmodi
2005 1027 2122 1060 extitit
2145 1027 2358 1061 resuscitata

484 1099 667 1133 dissencio
703 1104 801 1143 parte
836 1097 1112 1130 decretistarum
1143 1102 1178 1128 et
1208 1095 1432 1128 medicorum
1462 1094 1674 1139 hujusmodi
1707 1101 1895 1127 asserente
1927 1093 2026 1139 quod
2060 1093 2358 1139 congregationis

485 1165 715 1199 denunciatio
742 1171 777 1197 et
801 1163 1034 1197 articulorum
1057 1162 1260 1207 expressio,
1283 1173 1394 1207 super
1415 1161 1549 1206 quibus
1575 1161 1700 1194 eadem
1727 1161 1892 1194 noscitur
1917 1160 2155 1206 congregatio
2179 1159 2356 1201 facienda,

485 1232 619 1265 debent
643 1243 707 1276 per
733 1237 909 1263 rectorem
930 1229 988 1263 vel
1012 1229 1121 1262 alium
1143 1229 1357 1273 magistrum
1377 1228 1414 1260 in
1435 1227 1574 1261 artibus
1595 1227 1851 1261 Universitatis
1877 1227 2039 1273 predicte
2064 1233 2145 1260 actu
2170 1233 2358 1272 regentem

484 1298 561 1331 fieri
596 1304 736 1330 rectore
771 1309 837 1330 suo
873 1302 906 1328 et
939 1295 1119 1328 facultatis
1150 1295 1357 1327 artistarum
1388 1294 1536 1327 nomine
1568 1306 1575 1327 ε
1609 1306 1652 1326 ex
1680 1294 1834 1327 adverso
1865 1293 2009 1326 dicente
2039 1293 2138 1338 quod
2172 1292 2358 1326 sufficiens

484 1364 670 1405 existebat,
694 1364 724 1396 si
750 1375 814 1408 per
839 1362 995 1407 aliquem
1022 1362 1067 1394 de
1092 1361 1249 1394 bedellis
1275 1361 1532 1394 Universitatis
1553 1361 1685 1405 juratis
1706 1360 1792 1393 licet
1816 1372 1890 1393 non
1916 1372 1982 1405 per
2006 1366 2184 1393 rectorem
2209 1359 2269 1393 vel
2293 1370 2360 1404 per

484 1431 591 1464 alium
624 1430 836 1475 magistrum
866 1429 969 1462 fieret
998 1428 1209 1473 hujusmodi
1239 1428 1537 1473 congregationis
1572 1427 1804 1460 denunciatio
1835 1434 1871 1460 et
1899 1426 2134 1460 articulorum
2169 1425 2358 1471 expressio

484 1498 740 1542 predictorum.
769 1497 920 1529 Demum
946 1507 1032 1529 vero
1060 1501 1211 1539 utraque
1240 1506 1323 1540 pars
1350 1494 1561 1539 hujusmodi
1588 1494 1782 1539 negocium
1811 1493 2032 1527 ordinationi
2060 1500 2096 1526 et
2122 1492 2358 1538 dispositioni

485 1576 549 1597 seu
569 1563 797 1608 beneplacito
818 1562 954 1595 nostris
975 1562 1044 1595 alte
1065 1568 1100 1594 et
1119 1561 1226 1594 basse
1248 1561 1350 1594 duxit
1368 1561 1526 1594 totaliter
1547 1561 1842 1606 supponendum,
1863 1567 1903 1593 ut
1923 1572 1988 1606 per
2008 1571 2076 1593 nos
2097 1559 2292 1592 summarie
2317 1571 2357 1592 ac

484 1631 528 1663 de
555 1630 661 1675 plano
689 1629 825 1674 absque
854 1629 1007 1673 strepitu
1035 1635 1070 1661 et
1096 1628 1212 1673 figura
1234 1628 1365 1673 judicii
1393 1639 1587 1673 possemus
1615 1628 1652 1660 in
1679 1627 1829 1673 negotio
1857 1626 2057 1672 procedere
2085 1626 2295 1672 supradicto
2322 1632 2359 1659 et

485 1709 595 1742 super
620 1709 662 1729 eo
689 1697 897 1741 disponere,
921 1695 1089 1728 ordinare
1115 1707 1154 1728 ac
1180 1695 1338 1728 totaliter
1357 1695 1476 1728 facere
1498 1695 1542 1727 de
1568 1695 1639 1728 alto
1666 1701 1701 1727 et
1725 1694 1848 1736 basso,
1871 1700 1979 1739 prout
2003 1693 2112 1727 nobis
2137 1692 2298 1738 placeret
2323 1699 2359 1725 et

483 1764 691 1797 videremus
720 1763 825 1796 etiam
851 1762 1068 1795 faciendum.
1096 1763 1170 1794 Nos
1197 1769 1315 1795 autem
1344 1761 1602 1795 Universitatis
1630 1761 1792 1806 predicte
1820 1767 1950 1794 statum
1978 1759 2166 1806 pacificum
2195 1766 2231 1793 et
2257 1770 2357 1804 pros-

484 1843 609 1875 perum
645 1830 739 1863 sicut
772 1829 991 1875 premittitur
1026 1829 1223 1874 diligentes
1253 1841 1292 1862 ac
1324 1829 1558 1862 intendentes
1590 1840 1784 1874 precavere
1819 1827 2006 1873 periculis,
2042 1839 2112 1872 que
2145 1825 2357 1871 hujusmodi

483 1903 608 1942 posset
629 1896 811 1929 discordia
831 1907 1020 1941 generare,
1045 1896 1221 1940 prefatum
1242 1896 1435 1940 negocium
1458 1895 1495 1928 in
1515 1896 1629 1928 forma
1655 1895 1860 1940 supradicta
1888 1905 2091 1939 quanquam
2120 1900 2204 1926 tunc
2231 1892 2356 1926 arduis

483 1963 699 2008 quibusdam
725 1974 891 1996 essemus
917 1962 1082 2007 occupati
1103 1963 1269 2007 negociis
1290 1962 1460 1996 duximus
1481 1962 1754 1995 assumendum.
1778 1961 1883 1995 Unde
1910 1972 2021 2006 super
2046 1960 2174 1993 eodem
2201 1959 2356 2005 negocio

482 2030 646 2063 volentes
672 2029 815 2074 plenius
843 2029 1042 2070 informari,
1070 2028 1239 2061 discretis
1264 2029 1353 2061 viris
1384 2028 1520 2061 decano
1552 2028 1707 2061 ecclesie
1730 2027 1968 2061 Parisiensis¹
2001 2034 2036 2060 et
2064 2026 2239 2072 magistro
2265 2026 2358 2068 Ger-

483 2097 602 2129 vasio²
633 2096 676 2128 de
703 2096 808 2129 Clino
836 2096 986 2140 Campo,
1014 2094 1269 2127 archidiacono
1296 2095 1577 2136 Cenomanensi,
1601 2106 1666 2140 per
1691 2094 1829 2128 litteras
1855 2101 1998 2127 nostras
2027 2093 2095 2126 sub
2121 2099 2218 2126 certa
2242 2093 2356 2125 forma

483 2163 650 2195 dedimus
671 2163 707 2194 in
728 2162 905 2195 mandatis
922 2168 961 2194 ut
980 2173 1091 2206 super
1106 2162 1179 2205 jam
1202 2161 1298 2194 dicto
1320 2161 1467 2206 negotio
1485 2173 1550 2206 per
1570 2167 1683 2194 testes
1701 2161 1866 2206 ydoneos
1888 2160 1932 2193 ab
1953 2160 2007 2193 eis
2028 2160 2072 2193 ad
2089 2158 2354 2205 perhibendum

484 2229 729 2262 testimonium
759 2240 869 2273 super
896 2227 964 2260 hoc
991 2227 1132 2261 veritati
1162 2239 1226 2272 per
1253 2239 1442 2260 censuram
1474 2227 1770 2268 ecclesiasticam,
1800 2227 1830 2260 si
1858 2239 1951 2272 opus
1982 2226 2166 2267 existeret,
2196 2224 2357 2270 compel-'

482 2295 624 2336 lendos,
647 2307 738 2339 quos
764 2307 846 2339 pars
872 2294 1034 2339 predicte
1059 2294 1239 2327 facultatis
1260 2294 1387 2327 artium
1415 2294 1635 2339 produceret
1660 2306 1780 2327 coram
1806 2294 1910 2339 ipsis,
1933 2294 1979 2326 ita
2006 2293 2104 2338 quod
2130 2291 2355 2325 duodenario

484 2361 799 2405 producendorum
827 2361 971 2393 testium
998 2367 1097 2393 esset
1121 2367 1288 2393 contenta
1315 2372 1481 2402 numero,
1503 2361 1732 2406 inquirerent
1757 2360 1971 2405 diligentius
1996 2359 2182 2394 veritatem
2209 2356 2356 2403 deposiss-

485 2428 600 2460 tiones
627 2428 788 2472 ipsorum
817 2427 961 2460 testium
993 2427 1150 2460 fideliter
1176 2427 1212 2459 in
1241 2427 1387 2472 scriptis
1412 2427 1580 2460 reductas
1607 2427 1715 2460 uobis
1743 2427 1812 2460 sub
1840 2427 1974 2472 sigillis
2002 2427 2165 2472 ipsorum
2194 2424 2354 2458 inclusas

484 2494 698 2538 quantocius
727 2494 1009 2526 transmissuri²³.
1038 2494 1168 2526 Prefati
1198 2506 1285 2527 vero
1316 2494 1476 2527 decanus
1504 2502 1539 2527 et
1566 2494 1844 2527 archidiaconus
1873 2494 1917 2526 de
1947 2492 2158 2538 hujusmodi
2186 2491 2354 2524 mandato

486 2567 608 2592 nostro
636 2566 780 2604 recepto
807 2560 843 2591 in
869 2560 1125 2604 inquisicionis
1153 2561 1269 2605 ipsius
1291 2561 1445 2606 negocio
1468 2561 1632 2606 ejusdem
1659 2561 1818 2594 mandati
1844 2561 1958 2593 forma
1987 2565 2126 2592 servata
2153 2557 2354 2603 procedere

484 2632 701 2658 curaverunt
725 2632 832 2669 prout
852 2638 976 2658 corum
998 2626 1104 2659 nobis
1126 2627 1237 2660 misse
1258 2627 1492 2672 responsales
1512 2628 1631 2661 littere
1653 2627 1899 2668 continebant,
1923 2633 1958 2659 et
1977 2625 2122 2672 tandem
2147 2624 2220 2657 illis
2243 2612 2354 2656 ‘nobis'

484 2692 761 2736 inquisicionem
793 2692 1061 2725 remittentibus
1097 2694 1336 2738 supradictam
1372 2694 1486 2739 ipsam
1517 2701 1649 2727 attenta
1678 2694 1907 2739 inspectione
1937 2692 2180 2725 discussimus
2211 2697 2246 2723 et
2275 2689 2354 2722 dili-

484 2765 611 2803 genter
638 2757 894 2790 intelleximus.
924 2758 1087 2803 Cumque
1116 2758 1283 2793 sollicitis
1309 2760 1440 2794 studiis
1465 2761 1502 2793 in
1528 2759 1678 2806 negotio
1702 2759 1986 2805 procederemus
2012 2758 2139 2791 eodem
2165 2757 2209 2790 ad
2235 2756 2353 2801 ipsius

484 2823 750 2869 expeditionem
786 2823 939 2855 celerem
976 2824 1219 2867 intendentes,
1257 2827 1510 2860 sanctissimus
1543 2834 1644 2872 pater
1677 2839 1716 2860 ac
1751 2826 1921 2859 dominus
1951 2831 2080 2857 noster
2109 2823 2279 2856 dominus
2309 2824 2352 2855 N.

484 2891 603 2924 divina
629 2889 861 2934 providencia
886 2901 1048 2923 Summus
1074 2892 1234 2935 pontifex
1254 2905 1322 2926 nos
1342 2894 1385 2926 ad
1407 2905 1507 2926 suam
1529 2894 1754 2939 presenciam
1782 2890 1955 2926 evocavit.
1978 2892 2053 2924 Nos
2078 2890 2199 2935 itaque
2225 2889 2353 2931 sedula

484 2956 714 2989 meditatione
740 2962 935 3000 pensantes
961 2956 1057 3000 quod
1079 2957 1108 2989 si
1129 2958 1224 3001 juris
1246 2959 1404 3004 rigorem
1426 2959 1462 2992 in
1483 2960 1547 2993 hac
1574 2967 1673 3005 parte
1700 2957 2103 3002 servare'contingeret
2127 2968 2200 2989 non
2226 2955 2353 3001 posset

607 3015 645 3036 74.
2146 3019 2148 3022 .
2200 3016 2203 3018 .
