2580 3528
503 402 566 434 500
1083 405 1399 430 anaTuLAmUM
1434 402 1623 425 cxivmxs.
1661 400 1790 422 mals.
2275 389 2373 430 [1272

503 497 653 519 erronea
675 485 923 530 pretermittat.
947 482 1053 525 Quod
1079 482 1109 514 si
1135 481 1216 525 quis
1236 480 1273 512 in
1292 479 1360 511 hoc
1386 476 1535 510 rebellis
1560 475 1680 516 fuerit,
1703 485 1795 519 pena
1816 473 2016 507 secundum
2042 473 2221 507 facultatis
2247 479 2372 506 nostre

502 552 688 585 arbitrium
718 563 783 583 sue
812 550 917 595 culpe
947 547 1165 593 competenti
1192 558 1230 579 ac
1262 545 1381 578 debita
1411 543 1592 588 puniatur.
1629 542 1677 574 Ut
1709 546 1827 573 autem
1857 539 1924 573 hec
1959 540 2078 573 omnia
2112 539 2372 573 inviolabiliter

500 619 643 652 valeant
662 617 861 657 observari⁷
888 616 957 648 fide
979 613 1157 659 corporali
1178 612 1327 657 prestita
1352 611 1389 642 in
1417 621 1523 642 manu
1548 607 1703 641 rectoris
1728 613 1853 640 nostre
1877 606 2057 640 facultatis
2085 619 2153 640 nos
2181 617 2309 640 omnes
2337 613 2371 639 et

502 685 638 730 singuli
660 683 821 728 magistri
844 682 1045 727 juravimus
1071 687 1106 712 et
1130 690 1196 711 nos
1218 688 1344 710 omnes
1369 676 1413 708 ad
1438 675 1506 707 hoc
1532 680 1731 719 spontanee
1758 673 2009 707 concessimus
2034 673 2307 719 astringendos.
2330 673 2371 705 In

501 752 604 796 cujus
632 751 684 783 rei
710 749 917 782 memoriam
945 747 1013 779 hoc
1044 746 1139 778 idem
1169 750 1338 778 statutum
1366 743 1403 775 in
1431 742 1601 787 Registro
1627 747 1751 774 nostre
1775 739 1954 773 facultatis
1985 739 2053 773 sub
2078 740 2217 773 eisdem
2245 739 2369 773 verbis

500 817 611 850 scribi
648 817 799 849 fecimus
832 827 869 847 ac
905 814 1008 846 etiam
1045 811 1216 845 ordinari.
1251 809 1391 843 Jurabit
1424 815 1542 841 autem
1577 814 1697 840 rector
1735 806 1890 852 quilibet
1922 806 1959 839 in
1992 806 2160 839 facultate
2200 806 2369 840 decetero

499 883 677 916 creandus
712 881 808 926 quod
843 892 968 913 omnes
998 878 1237 912 bachellarios
1268 877 1304 908 in
1334 882 1458 908 nostra
1487 874 1654 908 facultate
1684 874 1895 919 incepturos
1929 873 1974 906 ad
2007 873 2076 906 hoc
2110 873 2207 906 idem
2241 872 2370 906 obser-

498 950 652 983 vandum
683 948 834 992 astringi
864 947 968 979 faciat
994 944 1194 990 corporalis
1222 943 1306 976 fidei
1334 943 1371 974 in
1399 953 1506 974 manu
1535 953 1599 974 sua
1626 941 1778 986 prestito
1801 941 2022 985 juramento.
2050 941 2179 973 Datum
2207 939 2368 972 Parisius

498 1028 591 1049 anno
613 1014 757 1047 Domini
778 1015 828 1046 M⁰
840 1013 914 1047 CC⁰
936 1011 1204 1057 septuagesimo
1227 1010 1357 1055 primo,
1379 1009 1493 1054 prima
1515 1008 1573 1041 die
1593 1007 1744 1053 Aprilis.

590 1121 651 1144 Cod.
668 1121 724 1144 vat.
740 1120 802 1151 Reg.
818 1120 873 1147 406,
888 1119 931 1142 sol.
949 1118 1004 1141 601².
1022 1118 1090 1141 Bibl.
1106 1117 1237 1148 Phillipps
1254 1117 1279 1139 in
1295 1116 1476 1144 Cheltenham,
1493 1124 1542 1139 ms.
1559 1116 1613 1143 876,
1630 1115 1675 1138 fol.
1691 1113 1747 1143 621³,
1764 1113 1814 1137 sub
1829 1113 1937 1136 rubrica
1953 1121 1958 1136 z
1976 1121 1988 1136 «
2005 1112 2143 1136 Ordinatio
2164 1111 2319 1136 artistarum
2337 1111 2370 1135 de

496 1165 675 1198 questionibus
691 1163 857 1195 disputandis
874 1171 896 1187 ›>.
910 1177 941 1180 —
956 1163 1079 1191 Bulaeus,
1096 1162 1141 1190 III,
1158 1162 1212 1185 398.

588 1259 609 1281 1.
629 1259 715 1289 Supra
734 1261 764 1280 n⁰
777 1258 831 1280 409.
852 1256 916 1279 Vide
936 1256 968 1279 ad
989 1255 1125 1287 sequentia
1139 1263 1165 1286 p.
1181 1255 1236 1277 454.
1249 1267 1280 1271 —-
1295 1254 1317 1277 2.
1337 1254 1356 1277 Ι.
1371 1261 1393 1277 e.
1410 1253 1508 1284 Aprilis
1523 1253 1545 1282 1,
1562 1261 1622 1276 cum
1636 1251 1768 1275 dominica
1783 1251 1854 1275 dicta
1873 1252 1887 1274 3
1906 1250 2005 1282 Aprilis
2024 1250 2126 1274 fuisset.
2148 1263 2176 1268 -·
2197 1251 2220 1273 3.
2241 1250 2277 1274 Ut
2294 1258 2319 1273 v.
2340 1258 2366 1281 g.

494 1303 667 1335 quaestiones,
685 1303 716 1325 de
731 1302 826 1333 quibus
842 1309 923 1332 supra
938 1305 967 1323 no
982 1301 1027 1323 432
1042 1308 1144 1323 errores
1160 1299 1314 1322 afferuntur.
1331 1311 1361 1315 —
1375 1299 1399 1322 4.
1415 1298 1454 1321 Ad
1469 1297 1527 1326 hoe,
1544 1301 1573 1320 ut
1587 1297 1698 1328 legendo
1714 1296 1816 1320 cautela
1831 1295 1952 1319 adhiberi
1966 1295 2061 1327 possit.
2075 1309 2107 1313 -
2121 1297 2144 1320 5.
2163 1295 2226 1318 Mss.
2240 1302 2246 1318 z
2264 1302 2277 1318 α
2288 1297 2334 1318 aut
2343 1302 2366 1318 i».

492 1537 605 1572 442.
632 1544 785 1571 Consilium
808 1543 1008 1578 magistrorum
1029 1542 1155 1568 Parisiis
1179 1542 1337 1576 regentium
1361 1541 1389 1567 in
1413 1541 1540 1568 decretis
1562 1541 1597 1567 de
1619 1541 1761 1576 magistro
1789 1540 1915 1566 Guidone
1938 1539 1974 1566 de
2002 1539 2124 1565 Gastina
2148 1537 2189 1564 ad
2210 1537 2360 1573 collegiuni

582 1595 707 1630 ipsorum
721 1602 776 1619 non
791 1591 976 1627 admittendo,
994 1591 1051 1617 nisi
1063 1595 1176 1617 statuta
1191 1591 1341 1617 observare
1351 1590 1502 1626 jur-averit⁴

1748 1658 1822 1688 1272,
1837 1657 1898 1683 Maii
1910 1657 1949 1687 17,
1965 1656 2077 1682 Pari-sile.

579 1750 685 1782 Anno
712 1749 755 1782 ab
782 1748 1028 1781 incarnatione
1059 1747 1204 1780 Domini
1233 1746 1427 1780 millesimo
1459 1747 1533 1781 CC⁰
1545 1748 1656 1780 LXX⁰
1684 1746 1861 1788 secundo,
1892 1745 1951 1778 die
1981 1744 2105 1778 martis
2135 1749 2219 1789 post
2248 1742 2365 1776 domi-

492 1817 606 1849 nicam
650 1828 718 1861 qua
757 1822 918 1848 cantatur
954 1814 1126 1855 Jubilate,
1162 1814 1395 1859 congregatis
1435 1814 1606 1847 omnibus
1644 1813 1829 1859 magistris
1868 1812 2031 1846 Parisius
2071 1809 2287 1856 regentibus
2326 1809 2364 1842 in

492 1883 647 1916 decretis
673 1889 708 1915 et
732 1882 938 1928 specialiter
963 1893 1073 1926 super
1093 1881 1161 1914 hoc
1183 1881 1360 1923 evocatis3
1384 1880 1662 1914 considentibus
1688 1879 1935 1914 universis‘in
1959 1878 2096 1924 capella
2121 1877 2224 1910 beate
2250 1876 2364 1909 Marie

493 1963 557 1984 seu
586 1949 746 1983 cancello
777 1949 871 1994 apud
906 1949 1073 1982 Sanctum
1108 1948 1290 1981 Julianum
1321 1948 1517 1981 Parisiens.
1549 1947 1720 1981 videlicet
1749 1946 1933 1992 magistris
1967 1945 2132 1979 Gerardo
2167 1944 2211 1977 de
2246 1943 2362 1984 Cutri‚

492 2017 642 2058 decano,
673 2018 826 2061 Hugone
860 2016 904 2048 de
939 2015 1180 2060 Bappalmis¹⁷
1211 2014 1362 2047 Alberto
1397 2015 1611 2056 Teutonico,
1649 2015 1804 2060 Symone
1839 2013 2093 2047 archidiacono
2128 2009 2362 2051 Pissiacensi,

491 2083 653 2117 Johanne
679 2083 722 2116 de
748 2082 931 2124 Gandavo,
953 2082 1116 2115 Johanne
1138 2082 1182 2114 de
1204 2082 1393 2123 Curciaco,
1417 2082 1572 2127 Symone
1599 2081 1643 2114 de
1665 2081 1867 2120 Valleum’7
1897 2079 2083 2113 Bernardo
2115 2078 2159 2111 de
2191 2077 2363 2118 Caturco,

490 2150 652 2183 Johanne
680 2150 724 2182 de
752 2149 965 2190 Blanesco³,
987 2148 1194 2181 Alexandro
1221 2148 1265 2181 de
1292 2149 1427 2190 Remis,
1449 2149 1643 2182 Laurentio
1670 2148 1714 2181 de
1739 2147 1917 2181 Potetaria
1946 2153 1981 2180 et
1998 2145 2163 2179 Johanne
2192 2144 2236 2177 de
2263 2143 2364 2177 Toti-

491 2216 607 2258 villa‘,
640 2217 798 2249 nondum
830 2223 909 2249 actu
938 2222 1100 2261 regente,
1124 2222 1206 2260 post
1233 2215 1366 2248 multos
1394 2222 1565 2248 tractatus
1593 2227 1704 2261 super
1733 2214 1913 2260 principio
1945 2214 1981 2246 in
2012 2211 2169 2246 decretis
2198 2210 2363 2256 magistri

492 2284 672 2317 Guidonis
702 2284 745 2316 de
776 2283 956 2324 Gasfina‘,
993 2282 1157 2315 canonici
1192 2282 1422 2324 Parisiensis,
1454 2282 1688 2328 presentibus
1723 2282 1860 2315 decano
1890 2279 2084 2314 Abricensi
2119 2285 2155 2312 et
2188 2277 2362 2323 magistro

491 2350 653 2383 Johanne
674 2350 718 2383 de
738 2349 956 2394 Chanleyo0,
978 2349 1153 2382 canonico
1184 2349 1367 2390 Remensi,
1396 2349 1457 2394 qui
1482 2350 1556 2394 jam
1586 2356 1703 2382 actum
1735 2348 1886 2394 regendi
1914 2348 1951 2380 in
1979 2346 2136 2380 decretis
2164 2344 2364 2378 diviserant

493 2417 586 2449 inter
607 2428 682 2458 eos7
704 2416 825 2449 habito
846 2422 881 2448 et
900 2416 1163 2449 communicato
1185 2428 1249 2460 per
1270 2415 1419 2448 eosdem
1440 2423 1611 2461 regentes
1632 2428 1712 2449 cum
1734 2416 1872 2449 eisdem
1893 2414 2063 2455 consilio,
2079 2413 2117 2445 in
2137 2412 2205 2445 hoc
2225 2409 2364 2444 resedit

494 2483 598 2516 finale
633 2483 822 2516 consilium
862 2483 1073 2523 eorundem,
1118 2483 1215 2527 quod
1256 2482 1390 2515 dictum
1426 2483 1633 2516 Guidonem
1669 2483 1713 2516 de
1748 2483 1898 2517 Gastina
1932 2481 1975 2515 ad
2010 2479 2206 2525 collegium
2241 2488 2360 2519 suum,

494 2556 659 2594 tanquam
685 2561 795 2581 unum
821 2561 863 2581 ex
889 2560 927 2581 se
948 2561 1021 2581 non
1041 2549 1273 2582 admitterent
1293 2550 1371 2582 sine
1386 2550 1593 2594 juramento
1615 2562 1764 2584 suorum
1786 2555 2015 2589 statutorum,
2037 2552 2146 2592 prout
2169 2544 2282 2578 moris
2307 2549 2363 2576 est

493 2616 765 2660 incepturorum
789 2615 826 2647 in
850 2615 1022 2656 decretis;
1050 2627 1116 2648 nec
1142 2616 1300 2649 facerent
1321 2616 1354 2649 ei
1375 2616 1412 2649 in
1433 2617 1612 2662 principio
1634 2617 1852 2658 comitivam,
1874 2627 1940 2649 nec
1961 2615 1998 2647 in
2018 2614 2086 2646 hoc
2107 2610 2362 2657 impenderent

494 2681 564 2715 sibi
588 2681 777 2714 consilium
806 2687 866 2713 aut
888 2682 1058 2723 savorem,
1082 2682 1152 2714 nisi
1174 2682 1268 2715 idem
1291 2683 1412 2716 Guido
1434 2684 1528 2717 circa
1548 2683 1616 2717 hoc
1641 2683 1835 2729 privilegio
1859 2682 1918 2716 vel
1943 2678 2211 2714 consuetudine
2237 2683 2361 2710 osten-

494 2748 597 2780 deret
621 2759 659 2780 se
684 2753 898 2791 exemptum.
923 2747 1037 2792 Super
1058 2747 1190 2792 quibus
1212 2749 1298 2782 dicti
1319 2757 1490 2795 regentes
1515 2750 1750 2796 singulariter
1775 2756 1810 2783 et
1834 2747 2075 2783 communiter
2100 2743 2269 2790 requisiti
2295 2754 2361 2788 per

494 2824 598 2845 suum
627 2811 800 2844 decanum
827 2810 1026 2843 Gerardum
1055 2811 1099 2844 de
1129 2812 1230 2845 Cutri
1257 2814 1458 2858 predictum
1484 2815 1528 2848 ad
1554 2822 1675 2848 sancta
1702 2815 1768 2848 Dei
1796 2812 1984 2859 evangelia
2001 2812 2231 2856 juraverunt,
2260 2806 2360 2852 quod

492 2878 667 2912 honorem
694 2876 840 2922 collegii
865 2883 900 2909 et
920 2876 1107 2910 utilitatem
1129 2878 1368 2913 defenderent
1387 2893 1426 2914 ac
1446 2888 1770 2927 prosequerentur,
1793 2887 1828 2914 et
1850 2879 2003 2913 maxime
2023 2878 2060 2911 in
2081 2888 2166 2910 casu
2194 2874 2358 2920 ejusdem

493 2944 675 2991 principii,
697 2950 732 2976 et
751 2943 848 2988 quod
869 2942 1007 2975 nullum
1029 2943 1233 2988 reciperent.
1252 2945 1289 2978 in
1309 2946 1504 2992 collegium
1527 2948 1770 2990 decretorum,
1792 2947 1864 2980 nisi
1885 2945 2053 2992 primitus
2066 2945 2226 2989 juratum
2248 2951 2359 2985 super
