2580 3528
432 365 494 397 146
1020 375 1339 397 CHARTULARUJM
1373 375 1564 398 uuivnas.
1601 376 1730 399 rmus.
2209 369 2306 409 [1231

429 448 503 481 illis
526 461 589 482 sua
611 449 805 481 mentiatur
826 448 999 493 iniquitas
1021 455 1056 481 et
1076 449 1157 482 istis
1179 449 1325 494 proprie
1347 449 1514 494 puritatis
1529 450 1664 483 veritas
1680 457 1881 484 attestetur.
1901 452 1978 484 Dat.
1998 451 2163 484 Laterani
2179 451 2201 497 ij
2220 463 2305 485 non.

429 515 527 556 Maii,
551 515 782 560 pontificatus
805 515 920 548 nostri
940 527 1035 547 anno
1057 515 1196 560 quinto.

523 622 585 644 Cod.
603 622 659 645 vat.
677 622 739 653 Reg.
757 623 811 649 406,
830 622 874 645 sol.
890 623 913 645 9.
931 622 959 644 In
976 621 1038 645 Cod.
1056 621 1191 645 Cheltenh.
1209 622 1290 645 deest.
1306 636 1338 639 —
1350 622 1474 651 Bulaeus,
1491 623 1537 651 111,
1552 623 1605 647 145.

523 716 544 738 1.
569 715 674 738 Scilicet
695 715 771 738 illum
796 715 953 739 Gausridum
976 715 1176 744 Pictaviensem,
1198 715 1272 746 cujus
1294 719 1379 738 exstat
1399 716 1520 740 Summa
1541 716 1632 744 theol„
1658 724 1724 747 quae
1754 716 1846 748 incipit
1867 725 1872 740 ·.
1902 728 1910 738 ι
1932 718 1987 749 Ego
2010 717 2170 741 novissimus
2189 718 2307 742 omnium

429 759 554 791 evigilavi
573 771 593 783 ›.
610 760 678 783 Bibl.
698 760 808 792 capituli
824 760 952 787 Toletani,
969 764 999 783 n⁰
1010 760 1070 783 17-5
1082 762 1158 790 (saec.
1176 760 1255 789 XIII);
1267 760 1334 783 Bibl.
1350 763 1403 783 nat.
1421 760 1504 783 Paris.
1524 768 1573 783 ms.
1593 761 1638 783 lat.
1656 761 1746 789 15747;
1762 761 1830 784 Bibl.
1845 761 2031 790 d’Avrnnches,
2047 766 2077 785 n⁰
2088 762 2131 786 121
2143 762 2209 795 (cod.
2223 771 2308 794 paene

427 806 558 834 coaevus).
571 818 602 822 ——
618 806 640 828 2.
660 805 739 828 Istius
755 804 878 836 magistri
896 805 922 827 in
933 804 1097 828 documentis
1114 813 1181 827 saec.
1199 805 1258 827 XIII
1274 804 1316 827 vix
1330 804 1472 835 vestigium
1490 804 1606 836 reperire
1623 805 1767 836 potuimus.
1790 806 1819 828 In
1834 805 1902 829 Bibl.
1919 809 1972 830 nat.
1991 806 2075 830 Paris.
2092 815 2141 830 ms.
2158 807 2203 830 lat.
2220 807 2306 836 15652,

426 848 453 871 in
469 858 520 880 quo
536 850 702 872 continentur
713 850 793 881 vulgo
809 849 878 872 dicta
892 850 1033 880 Repertata
1048 848 1236 872 commentaria
1253 849 1278 871 in
1295 849 1442 872 Sententias
1458 852 1484 872 et
1498 848 1659 880 scripturum
1675 857 1787 878 sacram,
1801 850 1952 873 nominatur
1968 851 2011 874 sol.
2024 852 2054 874 34
2064 854 2090 874 et
2099 852 2129 874 97
2140 854 2169 875 ut
2178 859 2308 876 commen·

426 895 496 916 tator
512 894 706 917 Sententiarum
721 894 818 925 Pagus,
842 897 911 916 corte
925 894 994 916 idem
1010 893 1055 924 qui
1071 901 1153 924 supra
1168 896 1337 916 memoratus.
1360 893 1426 916 Cum
1445 893 1504 924 ipso
1519 895 1669 917 referuntur
1689 893 1753 917 ibid.
1775 894 1851 918 multi
1866 895 1912 918 alii
1925 895 2056 926 magistri,
2077 904 2190 927 quorum
2207 896 2307 928 scripta

427 946 507 969 super
521 939 668 961 Sententias
684 938 816 969 pertinent
832 938 887 961 sine
902 938 957 960 ulla
979 937 1129 968 exceptione
1149 938 1181 960 ud
1202 946 1284 960 annos
1300 937 1445 961 anteriores
1466 945 1534 961 anno
1554 938 1623 961 1250.
1645 938 1768 962 Ham-&au
1788 938 1814 962 in
1829 939 1903 964 Hist.
1919 939 1972 964 litt.
1988 941 2020 964 de
2038 939 2068 964 la
2083 940 2201 968 France,
2218 940 2308 968 XXIX,

426 983 526 1011 56lm1d
541 991 608 1014 opus
625 983 689 1014 Pagi
705 982 916 1014 Appellationes
932 990 977 1005 seu
990 981 1268 1013 Syncateyoremata,
1283 985 1419 1005 servatum
1433 982 1459 1005 in
1475 982 1543 1005 Bibl.
1559 985 1612 1006 nat.
1627 983 1722 1011 Paris,
1738 991 1801 1006 mss.
1818 984 1863 1007 lat.
1879 984 1954 1007 1141‘2
1970 987 1995 1007 ct
2012 985 2095 1012 15170,
2109 984 2305 1013 animadvertit,

426 1028 471 1050 sed
486 1036 625 1059 perperam
642 1028 673 1050 ad
691 1035 758 1050 saec.
774 1028 832 1050 xm
849 1027 936 1049 exiens
952 1027 992 1049 vel
1009 1027 1064 1049 xw
1080 1029 1213 1049 auctorem
1230 1026 1339 1050 remisit.

424 1221 484 1257 91
495 1250 503 1257 .
530 1230 680 1264 Gregorius
697 1231 741 1255 IX
751 1229 791 1255 ad
806 1229 944 1255 Blancam
961 1229 1089 1263 reginam
1106 1230 1288 1263 Francorum,
1303 1232 1334 1254 ul
1346 1228 1514 1264 praedictos
1530 1229 1683 1263 magistros
1695 1228 1847 1255 redeuntes
1859 1229 1979 1264 benigne
1995 1231 2126 1266 recipiat,
2140 1239 2191 1257 nec
2206 1231 2307 1258 credat

513 1278 734 1304 detractoribus.

1691 1328 1761 1358 1231,
1777 1328 1838 1354 uati
1849 1329 1874 1355 6.
1890 1329 2018 1355 Laterani.

514 1403 718 1447 Gregorius
749 1403 946 1447 episcopus
977 1413 1107 1435 servus
1135 1413 1324 1435 servorum
1352 1402 1418 1434 Dei
1448 1402 1639 1434 karissime
1667 1402 1704 1434 in
1734 1401 1880 1436 Christo
1911 1402 1985 1435 fil-ie
2015 1403 2149 1436 illustri
2176 1404 2305 1449 regine

424 1471 642 1502 Francorum
666 1469 817 1502 salutem
840 1475 876 1501 et
895 1468 1130 1514 apostolicam
1153 1468 1460 1501 benedictionem.
1484 1469 1575 1502 Cum
1597 1468 1773 1501 debeatur
1793 1469 1907 1514 gratia
1928 1469 2114 1514 gratiosis,
2131 1475 2195 1504 etc.
2210 1471 2305 1505 sicut

423 1537 459 1570 in
485 1536 624 1569 litteris
651 1534 954 1580 praecedentibuS,
983 1535 1045 1568 hoc
1071 1541 1227 1579 excepto,
1253 1535 1346 1580 quod
1371 1540 1457 1580 post
1480 1550 1495 1566 «
1522 1541 1746 1580 pertractans
1774 1549 1789 1566 n
1825 1536 1907 1569 haec
1943 1537 2049 1570 verba
2075 1537 2304 1571 inserantur:

422 1615 565 1635 necnon
595 1609 631 1635 et
657 1615 675 1635 a
698 1602 890 1634 karissimo
917 1602 953 1634 iu
981 1601 1129 1635 Christo
1158 1601 1232 1634 filio
1261 1608 1388 1634 nostro
1415 1613 1503 1647 rege
1532 1603 1752 1635 Francorum
1778 1602 1912 1635 illustri
1940 1602 2015 1635 filio
2042 1609 2103 1636 tuo
2132 1603 2168 1636 in
2189 1604 2303 1648 gratia

423 1669 536 1714 recipi
558 1669 694 1701 faciens
718 1669 761 1701 ita
784 1668 899 1713 ipsos⁷
921 1674 984 1702 etc.
1010 1669 1087 1700 Dat.
1112 1668 1275 1701 Laterani
1298 1668 1321 1712 ij
1345 1680 1430 1700 non.
1454 1668 1552 1709 Maii,
1575 1668 1807 1713 pontificatus
1828 1669 1943 1701 nostri
1965 1681 2060 1702 anno
2081 1669 2220 1714 quinto.

515 1776 578 1799 cod.
596 1776 651 1798 Vnt.
671 1776 732 1806 Reg.
750 1776 804 1803 406,
822 1775 865 1798 sol.
880 1775 915 1798 9¹².
932 1775 959 1798 In
976 1775 1037 1799 Cod.
1053 1775 1188 1798 Chcltenh.
1206 1775 1287 1798 deest.
1303 1789 1334 1792 —
1350 1775 1472 1802 Bulaeus,
1490 1775 1536 1803 111,
1553 1775 1606 1798 145.

421 1956 500 1993 92.
527 1966 677 2000 Gregorius
695 1966 737 1990 IX
747 1965 847 1990 scribit
863 1964 972 1990 decano
988 1968 1014 1990 et
1030 1964 1158 2000 capitulo
1173 1966 1199 1990 S.
1215 1964 1348 1991 Marcelli
1361 1965 1548 1999 Par-islensis,
1563 1968 1701 1990 uteorum
1715 1964 1841 1990 homines
1853 1964 1893 1990 ad
1908 1974 1942 1991 ea
1959 1965 2163 2000 constringant,
2177 1965 2218 1991 ad
2228 1974 2304 2002 quae

512 2015 584 2040 cives
599 2014 781 2039 Parisien'ses
794 2022 848 2049 per
863 2013 961 2048 regale
972 2013 1154 2049 privilegium
1169 2017 1237 2039 sunt
1251 2013 1374 2039 astricti.

1691 2063 1761 2093 1231,
1775 2063 1836 2089 uait
1847 2063 1872 2093 6,
1888 2063 2015 2090 Laterani.

512 2138 717 2183 Gregorius
747 2138 943 2182 episcopus
974 2149 1103 2170 servus
1133 2148 1321 2170 servorum
1353 2137 1420 2170 Dei
1450 2137 1594 2170 dilectis
1624 2137 1710 2171 filiis
1729 2164 1750 2171 ..
1769 2138 1906 2171 decano
1935 2144 1971 2171 et
1996 2138 2154 2183 capitulo
2182 2139 2302 2172 Sancti

422 2205 584 2238 Marcelli
622 2204 839 2237 Parisiensis
875 2203 1028 2236 salutem
1059 2210 1095 2236 et
1127 2203 1362 2248 apostolicam
1398 2203 1725 2247 benedictionem„
1751 2205 1841 2238 Cum
1887 2217 1960 2237 non
2004 2205 2197 2238 deterioris
2236 2205 2301 2239 sed

422 2272 586 2305 melioris
613 2271 835 2304 conditionis
866 2270 960 2315 apud
988 2282 1053 2303 vos
1083 2283 1122 2303 ac
1152 2270 1319 2303 homines
1348 2277 1492 2304 vestros
1518 2283 1623 2316 quam
1655 2271 1751 2316 apud
1780 2271 1871 2304 alios
1907 2271 2113 2316 burgenses
2147 2271 2302 2305 civitatis

422 2339 641 2372 Parisiensis
671 2337 826 2370 debeant
856 2349 939 2370 esse
967 2337 1141 2378 scolares7
1172 2337 1404 2370 devotionem
1433 2344 1591 2370 vestram
1621 2350 1813 2371 monemus
1842 2344 1975 2371 attente
2011 2350 2075 2383 per
2104 2338 2301 2383 apostolica

423 2406 556 2451 scripta
578 2405 741 2438 districte.
764 2404 1001 2449 precipiendo
1023 2404 1248 2445 mandantes,
1271 2404 1442 2449 quatinus
1463 2403 1631 2438 homines
1650 2411 1794 2438 vestros
1820 2405 1864 2438 de
1887 2405 2016 2438 Sancto
2038 2404 2210 2438 Marcello
2235 2416 2302 2450 pro

423 2485 509 2518 pace
530 2485 569 2505 ac
596 2471 789 2504 securitate
815 2470 1009 2503 scolarium
1024 2470 1081 2503 vad
1103 2470 1163 2503 illa
1183 2471 1439 2516 constringere
1465 2471 1682 2516 procuretis,
1709 2471 1753 2505 ad
1774 2483 1844 2516 que
1871 2471 1969 2504 cives
1990 2471 2216 2504 Parisienses
2237 2483 2303 2516 per

422 2539 545 2583 regale
575 2538 805 2583 privilegium
833 2544 918 2570 sunt
947 2537 1098 2575 asu-icti,
1121 2537 1327 2570 mandatum
1354 2544 1519 2570 nostrum
1545 2538 1664 2571 taliter
1683 2538 1881 2583 impleturi.
1905 2537 2003 2583 quod
2024 2537 2162 2570 eisdem
2184 2537 2302 2570 scola-

424 2605 527 2638 ribus
548 2617 621 2637 non
642 2611 710 2637 tam
734 2604 951 2636 necessitate
973 2616 1077 2648 quam
1100 2603 1284 2637 voluntate
1305 2603 1519 2637 exhibentes
1539 2616 1605 2638 vos
1626 2604 1844 2638 favorabiles
1864 2611 1899 2637 et
1915 2603 2096 2648 benignos
2118 2603 2240 2636 divine
2260 2616 2301 2637 ac

424 2678 547 2704 nostre
568 2671 682 2716 gratie
711 2683 776 2703 vos
804 2670 964 2702 reddatis
997 2670 1124 2702 merito
1153 2671 1325 2715 aptiores.
1350 2672 1428 2703 Dat.
1461 2671 1626 2704 Laterani
1648 2671 1670 2715 ij
1693 2683 1779 2703 non.
1803 2671 1901 2711 Maii,
1928 2670 2158 2715 pontificatus
2183 2670 2300 2703 nostri

423 2750 519 2772 anno
541 2738 680 2782 quinto.

517 2843 653 2876 Originale
678 2844 703 2866 in
722 2843 797 2867 Arch.
815 2846 868 2867 nat.
887 2842 970 2866 Paris.
995 2843 1021 2866 L.
1040 2844 1094 2871 242,
1112 2847 1142 2866 n⁰
1157 2844 1194 2866 83.
1217 2843 1293 2866 Bulla
1310 2843 1435 2874 plumbea
1452 2843 1503 2867 filis
1519 2844 1630 2867 cannah.
1652 2844 1819 2875 appenditur.
1842 2845 1870 2867 In
1888 2852 1981 2867 aversa
2007 2843 2159 2867 membrana
2181 2843 2297 2875 legitur:

426 2900 434 2909 ι
451 2890 490 2912 W.
517 2889 549 2912 de
567 2888 733 2912 Autisiodoro
755 2899 774 2911 ι.
800 2901 831 2904 —
853 2887 914 2911 Cod.
930 2887 987 2910 Vnt.
1007 2888 1068 2918 Reg.
1086 2888 1141 2915 406,
1161 2888 1204 2910 sol.
1222 2887 1263 2910 8¹².
1280 2887 1348 2910 Bibl.
1372 2887 1504 2919 Phillipps
1525 2888 1551 2911 in
1571 2888 1751 2915 Cheltenhnm,
1777 2896 1825 2911 ms.
1847 2889 1902 2915 876,
1924 2888 1968 2911 sol.
1990 2888 2044 2911 10¹².
2066 2888 2142 2919 Apud
2162 2887 2299 2915 Bulaeum,

423 2934 469 2962 111,
491 2934 544 2961 144,
563 2934 612 2957 hae
627 2933 729 2957 litterae
740 2933 808 2956 sicut
820 2932 885 2956 istnc
901 2932 934 2955 ad
949 2932 1104 2964 episcopum
1120 2932 1285 2964 Paris.·quas
1302 2939 1384 2963 supra
1398 2936 1428 2955 11⁰
1441 2933 1471 2955 88
1486 2932 1617 2956 edidimus
1635 2934 1785 2957 reseruntur
1800 2933 1833 2956 ad
1848 2933 1893 2964 viij
1910 2933 1962 2956 kal.
1979 2932 2048 2956 Maii.

549 2978 587 3002 1⁹.
