2580 3528
263 389 360 430 1256]
599 399 648 421 AB
681 399 788 421 ANNO
822 398 901 421 ncc
935 397 1068 428 usqua
1103 398 1153 420 An
1188 398 1419 421 rmmrruu
1455 399 1495 421 iv
1529 400 1619 422 nse.
1656 401 1793 423 ransc.
2070 394 2134 427 337

258 472 390 506 originale
403 473 523 498 iii-Arch.
542 473 646 505 aspari.
665 473 698 496 de
719 473 746 496 la
766 472 918 501 GMe-d'Or,
944 472 1022 496 fonds
1044 472 1203 501 Cordeliers,
1223 472 1304 496 liasse
1322 473 1377 496 907.
1401 473 1430 496 ln
1446 473 1599 496 membrana
1617 482 1709 497 aversa
1726 482 1732 498 z
1754 483 1765 498 (ι
1782 475 1911 499 Minorum
1928 484 1949 499 u.
1966 490 1996 494 —
2011 477 2134 505 Bulaeus,

259 517 306 546 m,
321 517 377 547 315,
392 517 470 542 affert
482 517 588 541 nonnisi
601 520 729 542 tenorem.
745 516 842 549 Ripou,
857 516 936 542 Ball.
952 517 1018 541 ord.
1032 517 1147 546 Praed„
1164 517 1184 546 1,
1199 517 1254 545 ³20,
1270 521 1300 540 11ο
1315 517 1368 541 124.

352 602 375 626 1.
391 601 422 626 Id
436 602 582 626 Alexander
596 602 630 626 lv
643 610 723 634 saepe
737 601 834 634 repetit
846 601 874 626 in
889 601 1112 635 subsequentibus
1127 601 1257 633 epistolis.
1272 602 1319 625 An.
1333 609 1396 625 vero
1411 602 1481 630 1259,
1496 602 1556 627 Jan.
1571 603 1601 626 18
1615 605 1642 626 et
1655 602 1717 626 Maii
1734 603 1762 626 13
1777 603 1803 626 in
1819 603 1874 627 suis
1890 604 1923 627 ad
1939 605 2135 629 Praedicatores

257 649 284 670 et
297 645 411 670 Minores
425 646 533 670 directis
547 646 629 670 bullis
644 654 768 678 expresse
782 646 815 670 de
829 646 879 670 boc
893 646 995 674 scribit,
1011 645 1158 678 adjungens
1174 653 1180 669 ι
1199 654 1211 669 c
1223 646 1390 670 sacerdotum
1404 646 1599 678 parochialium
1613 655 1725 670 assensu
1739 647 1846 671 minime
1858 648 1984 680 requisito
2000 657 2022 673 ».
2039 650 2134 681 Ripalt,

257 691 335 716 Bull.
352 690 417 716 Ord.
434 691 548 720 Praed„
563 691 584 719 Ῑ,
600 691 654 715 ³69.
670 690 806 720 Sbaraleu‚
821 691 898 716 Bull.
913 690 1068 719 Francia,
1085 691 1118 718 11.
1134 691 1188 714 347.
1205 690 1246 714 Cf.
1261 690 1330 714 int'ra
1344 695 1374 714 no
1388 692 1442 714 306.
1459 691 1514 714 noc
1527 691 1698 723 privilegium
1711 691 1766 723 jam
1782 692 1832 716 isto
1843 695 1968 724 tempore,
1983 702 2034 717 non
2050 694 2135 717 solum

256 738 350 768 postea
369 735 419 759 sub
437 735 550 759 Mai-tino
569 735 612 764 w,
632 735 745 759 multum
764 735 879 759 rumoris
894 735 922 758 in
937 735 1116 759 Universitate
1130 735 1214 759 Paris.
1231 735 1378 759 suscitavit.
1395 735 1522 767 Magister
1540 735 1674 760 Gerardus
1690 736 1722 760 de
1740 736 1916 760 Abbatisvilla
1931 737 2024 761 scribit
2042 738 2067 761 in
2088 747 2135 762 suo

259 770 399 807 Quolibeto
420 779 466 804 ΧΠ
485 779 556 803 circa
574 779 647 803 istud
665 779 837 812 privilegium
852 788 858 803 2
876 788 888 803 «
905 779 1037 808 Quoniam
1061 779 1213 803 Bet-nardus
1237 779 1410 812 [Parmensis.
1432 779 1459 803 in
1479 780 1500 804 X
1518 781 1552 804 de
1566 787 1650 811 poen.
1670 784 1696 805 et
1715 781 1834 810 remiss„
1851 781 1880 810 V,
1897 782 1936 810 38,
1954 782 1994 814 12]
2012 785 2133 814 patenter

256 823 413 848 contradicit
426 823 568 856 privilegio
582 824 723 848 Alexandri
738 824 780 853 lv,
797 832 858 848 vere
872 824 981 848 difficile
995 824 1118 856 precipit,
1136 824 1206 856 quod
1221 824 1383 848 contrarium
1403 824 1541 853 sentiatur,
1561 825 1720 856 predicetur,
1738 828 1882 849 asseratur.
1900 826 1960 850 ideo
1981 827 2134 850 sustinendo

253 867 427 900 privilegium
441 871 468 892 et
479 868 612 901 sequendo
626 868 708 892 verba
723 868 863 892 Alexandri
878 877 1021 901 possumus
1036 868 1123 892 dicere
1139 877 1161 897 1),
1178 872 1225 893 etc.
1241 869 1310 892 Bibl.
1327 871 1381 893 nat.
1399 869 1494 897 Paris.,
1506 877 1555 892 ms.
1570 869 1615 893 lat.
1629 869 1714 898 16405,
1731 870 1775 893 fot.
1788 870 1844 894 92¹¹.
1856 870 1920 895 Cod.
1932 871 1988 895 Vat.
2001 872 2045 895 lat.
2063 871 2134 901 1015,

257 913 303 937 fol.
318 912 374 937 ὅθ’.
387 926 420 931 -
433 913 456 937 2.
472 913 550 937 Petro
564 909 597 937 de
611 913 756 942 Lamballe,
772 913 817 945 qui
831 916 920 937 tamen
935 914 965 937 24
980 913 1072 937 Octob.
1085 913 1142 945 jam
1157 913 1231 936 obiit.
1247 913 1279 931 -'-
1294 914 1316 937 3.
1334 913 1427 937 Odoni.
1443 927 1475 931 —
1489 915 1512 937 [ι.
1529 914 1683 945 Reginaldo.
1699 928 1730 932 —-
1745 916 1767 938 5.
1785 915 1838 938 liae
1853 915 1957 939 litterae
1976 918 2063 939 tamen
2083 924 2134 939 non

256 960 316 981 ante
331 957 424 981 Octob.
440 958 471 981 30
485 957 601 989 scriptae
615 960 678 981 sunt
693 957 762 987 (vide
778 957 847 981 infra
863 961 892 981 n⁰
906 958 970 989 294),
987 965 1049 981 nam
1065 957 1125 981 illae
1142 961 1171 980 n⁰
1185 958 1229 981 291
1246 966 1297 981 non
1313 957 1460 989 respiciunt
1473 966 1555 990 suprn
1570 958 1648 982 dicta.

255 1146 368 1184 291.
399 1155 568 1182 Alexander·
586 1157 631 1182 IV
642 1155 789 1192 praecipit
809 1157 893 1182 Petro
920 1155 1076 1182 Turonensi
1097 1159 1125 1182 et
1150 1155 1242 1182 Odoni
1263 1156 1469 1191 Rotomagensi
1488 1155 1715 1193 archiepiscopis
1737 1161 1764 1183 et
1786 1157 1948 1192 Reginaldo
1970 1159 2133 1185 Parisiensi

343 1205 486 1242 episcopo,
509 1208 541 1230 ut
560 1204 690 1231 libellum
704 1205 751 1231 cui
771 1204 872 1231 titulus
884 1214 893 1230 .·
911 1213 926 1230 ‹
942 1205 1094 1230 Tmclatus
1110 1204 1201 1231 brevis
1221 1204 1257 1230 de
1274 1204 1413 1241 periculis
1429 1205 1644 1231 novissimorum
1667 1209 1822 1242 temporum
1834 1216 1858 1241 ›‚
1879 1206 1915 1233 de
1934 1216 2030 1234 errore
2049 1207 2132 1234 dam-

343 1257 442 1280 natum
457 1254 567 1280 cunctis
581 1253 759 1280 denuntient.

530 1302 532 1304 ’
1435 1316 1509 1357 7²⁵?-
1526 1316 1643 1343 octobris
1656 1317 1696 1347 21,
1711 1317 1846 1350 amam.

341 1403 549 1437 Alexander
573 1403 770 1449 episcopus
795 1415 925 1437 servus
950 1415 1140 1437 servorum
1169 1403 1235 1436 Dei
1261 1402 1535 1436 venerabilibus
1561 1404 1734 1438 fratribus
1762 1432 1783 1438 ..
1810 1406 2019 1439 Turonensi
2046 1414 2082 1440 et
2109 1434 2129 1440 ..

253 1469 539 1516 Rothomagensi
567 1469 854 1516 archiepiscopis
883 1482 923 1503 ac
956 1496 977 1503 ..
1010 1470 1186 1516 episcopo
1216 1469 1415 1503 parisiensi
1446 1469 1598 1503 salutem
1629 1477 1665 1504 et
1693 1471 1928 1516 apostolicam
1959 1472 2132 1510 benedic-

252 1534 400 1571 tionem.
423 1536 578 1580 Quidam
599 1536 780 1582 scripture
805 1548 907 1570 sacre
935 1535 1215 1582 intelligentiam
1242 1548 1282 1570 se
1307 1535 1442 1569 habere
1467 1537 1634 1578 fatentes,
1663 1542 1726 1571 etc.
1750 1543 1788 1572 ut
1817 1550 1927 1583 supra
1955 1539 1991 1573 in
2018 1539 2132 1574 medio

250 1603 420 1650 epistolae
439 1607 478 1637 n⁰
498 1603 577 1644 288,
603 1615 638 1649 p.
665 1604 743 1644 332,
766 1615 871 1649 usque
890 1603 955 1637 sed
976 1602 1174 1637 fallentem.
1196 1604 1270 1636 Nos
1291 1609 1409 1637 autem
1430 1603 1594 1637 libellum
1622 1604 1740 1649 ipsum
1762 1604 1806 1638 ad
1827 1605 1951 1638 sedem
1974 1605 2131 1639 delatum

251 1669 489 1716 apostolicam
517 1669 720 1704 venerabili
740 1670 840 1704 fratri
862 1676 989 1704 nostro
1013 1696 1034 1703 ..
1057 1669 1266 1703 Tusculano
1288 1669 1462 1716 episcopo
1483 1677 1520 1703 et
1538 1670 1683 1704 dilectis
1707 1670 1793 1704 filiis
1817 1672 1954 1706 nostris
1977 1674 2008 1706 J.
2037 1673 2132 1706 tituli

250 1736 370 1771 Sancti
396 1736 581 1771 Laurentii
606 1737 643 1770 in
669 1736 818 1779 Lucina,
844 1743 880 1770 et
905 1738 947 1770 H.
978 1736 1071 1771 tituli
1099 1737 1228 1770 Sancte
1254 1736 1386 1770 Sabine
1408 1736 1646 1783 presbyteris,
1674 1744 1710 1771 et
1732 1739 1763 1771 J.
1794 1739 1914 1772 Sancti
1935 1739 2072 1773 Nicolai
2094 1740 2131 1773 in

250 1803 405 1838 Carcere
431 1802 599 1837 Tulliano
629 1803 794 1837 diaconis
821 1802 1070 1837 cardinalibus
1098 1803 1375 1837 examinandum
1403 1804 1667 1846 commisimus,
1695 1810 1759 1838 etc.
1787 1810 1827 1839 ut
1850 1817 1960 1851 supra
1986 1810 2024 1839 n⁰
2051 1808 2128 1848 288,

249 1881 355 1917 usque
382 1869 524 1904 fideles.
551 1869 687 1905 Deinde
707 1883 718 1904 .-
738 1869 918 1904 Libellum
945 1870 1115 1912 eundem,
1145 1869 1207 1916 qui
1228 1870 1281 1903 sic
1309 1870 1465 1916 incipit:
1492 1870 1583 1904 Ecce
1608 1870 1766 1906 videntes
1790 1871 1991 1907 clamabunt
2009 1873 2128 1919 foris,

249 1936 385 1983 quique
410 1936 613 1970 secundum
640 1935 758 1982 ipsius
785 1935 928 1970 titulum
952 1948 960 1970 :
987 1937 1184 1971 Tractatus
1210 1936 1327 1971 brevis
1351 1935 1395 1970 de
1415 1936 1594 1982 periculis
1620 1938 1894 1972 novissimorum
1917 1944 2128 1984 temporum,

250 2009 492 2049 nuncupatur,
518 2009 686 2049 tanquam
708 2002 889 2049 iniquum,
910 2002 1106 2037 scelestum
1128 2009 1164 2036 et
1184 2002 1424 2036 execrabilem
1451 2009 1487 2037 et
1506 2003 1769 2038 instructiones
1789 2017 1829 2038 ac
1850 2005 2066 2039 documenta
2092 2006 2129 2040 in

250 2080 294 2103 eo
318 2068 447 2103 tradita
473 2075 598 2115 utpote
623 2081 743 2115 prava,
771 2069 859 2103 salsa
885 2076 921 2103 et
946 2069 1081 2103 nefaria
1102 2069 1147 2103 de
1168 2070 1317 2103 fratrum
1340 2076 1549 2103 nostrorum
1571 2070 1727 2104 consilio
1746 2071 1957 2105 auctoritate
1983 2079 2129 2118 aposto-

248 2134 317 2169 lica
337 2141 507 2181 presente
528 2147 659 2182 magna
678 2135 839 2169 fidelium
862 2135 1095 2170 multitudine
1121 2135 1291 2170 duximus
1317 2135 1544 2182 reprobanda
1571 2143 1607 2170 et
1631 2136 1667 2169 in
1689 2144 1903 2183 perpetuum
1929 2139 2128 2185 condemp-

249 2201 380 2243 nanda,
402 2201 567 2236 districte
588 2202 848 2248 precipientes,
870 2209 910 2236 ut
929 2203 1150 2248 quicumque
1171 2202 1336 2236 libellum
1358 2203 1477 2248 ipsum
1499 2202 1680 2245 habuerit,
1707 2214 1788 2237 eum
1817 2204 1909 2238 infra
1929 2211 2010 2238 octo
2032 2205 2126 2247 dies,

250 2278 294 2301 ex
313 2278 385 2314 quo
405 2265 616 2313 hujusmodi
636 2275 797 2302 nostram
819 2268 1111 2315 reprobationem
1133 2275 1169 2302 et
1188 2269 1553 2314 condempnationem
1581 2269 1742 2311 sciverit,
1764 2282 1917 2315 prorsus
1938 2270 1974 2304 in
1996 2277 2071 2305 toto
2091 2277 2127 2306 et

248 2333 287 2369 in
313 2333 475 2379 qualibet
500 2334 558 2368 sui
588 2341 688 2380 parte
714 2334 930 2369 comburere
957 2347 997 2369 ac
1025 2335 1175 2368 omnino
1201 2334 1348 2369 abolere
1374 2342 1557 2380 procuret,
1584 2342 1620 2369 et
1643 2336 1681 2368 in
1706 2335 1803 2378 illos,
1830 2337 1892 2382 qui
1914 2336 2022 2382 hujus
2048 2349 2125 2383 pre·

249 2400 344 2446 cepti
365 2400 480 2434 nostri
501 2400 636 2434 suerint
656 2407 940 2447 contemptores,
962 2401 1349 2435 excommunicationis
1377 2401 1591 2434 sententiam
1620 2402 1894 2447 promulgantes
1915 2403 2068 2438 firmiter
2087 2404 2125 2438 in

247 2466 380 2500 virtute
406 2465 616 2501 obedientie
636 2466 881 2513 prohibendo,
908 2479 953 2501 ne
979 2467 1171 2513 quisquam
1198 2467 1400 2513 predictum
1414 2466 1585 2501 'libellum
1608 2479 1671 2501 ore
1691 2468 1893 2514 apostolico
1909 2471 1981 2515 jam
2005 2470 2124 2517 damp-

248 2538 368 2566 natum
390 2532 593 2580 approbare
613 2533 671 2567 vel
691 2533 969 2580 quomodolibet
993 2533 1184 2567 defensare
1211 2540 1407 2580 presumat,
1433 2540 1469 2567 et
1493 2533 1524 2566 si
1550 2534 1632 2580 quis
1654 2536 1931 2582 presumpserit,
1955 2543 2122 2583 tanquam

246 2605 452 2641 contumax,
475 2599 708 2643 inobediens,
734 2606 769 2634 et
794 2599 944 2634 rebellis
971 2601 1129 2634 Romane
1155 2599 1311 2634 ecclesie
1336 2599 1380 2639 ab
1406 2599 1578 2634 omnibus
1599 2599 1770 2635 fidelibus
1791 2601 1977 2645 habeatur,
2000 2610 2035 2638 et
2056 2616 2123 2638 nos

247 2665 508 2700 nichilominus
527 2665 616 2700 alias
637 2673 761 2700 contra
782 2678 863 2700 eum
891 2665 1009 2701 taliter
1030 2666 1284 2712 procedemus,
1312 2666 1409 2712 quod
1436 2678 1527 2712 pena
1547 2667 1729 2713 condigna
1751 2670 1981 2703 temerarium
2004 2670 2121 2713 feriet,

243 2731 370 2766 etalii
404 2744 446 2766 ea
480 2733 664 2779 perterriti
696 2745 715 2767 a
749 2732 933 2767 similibus
962 2732 1214 2767 srcnabuntur.
1246 2733 1406 2778 Ideoque
1436 2733 1650 2767 fraternitati
1679 2741 1800 2768 vestre
1830 2747 1895 2782 per
1923 2737 2123 2782 apostolica

246 2798 379 2845 scripta
400 2799 438 2833 in
458 2799 591 2833 virtute
612 2798 821 2834 obedientie
841 2799 1006 2834 districte
1027 2799 1264 2846 precipiendo
1286 2799 1510 2842 mandamus,
1533 2800 1704 2846 quatinus
1725 2800 1935 2847 hujusmodi
1961 2810 2120 2837 nostram

245 2864 556 2911 reprobationem,
584 2866 963 2913 condempnationem,
990 2873 1215 2912 preceptum,
1244 2873 1279 2900 et
1304 2865 1589 2912 prohibitionem
1614 2878 1654 2901 ac
1680 2868 1857 2913 premissa
1883 2870 2002 2903 omnia
2029 2871 2121 2904 Pari-

246 2930 326 2973 sius
354 2931 608 2978 sollempniter
638 2932 833 2979 publicetis
862 2939 899 2967 et
926 2932 1064 2967 faciatis
1095 2945 1160 2979 per
1188 2933 1281 2967 alios
1310 2933 1347 2966 in
1377 2932 1548 2967 omnibus
1578 2933 1683 2974 locis,
1719 2934 1754 2967 in
1785 2934 1919 2981 quibus
1949 2937 2120 2982 expedire

373 2989 471 3015 Chare.
492 2990 572 3016 Unio.
589 2990 683 3016 Paris.
701 2989 720 3015 1.
1951 2994 1996 3017 <11³
