2580 3528
523 416 587 448 508
1101 421 1419 445 CHARTIJLARIUM
1455 419 1645 442 UNIVElts.
1683 418 1815 442 Panis.
2293 409 2393 450 [1274

612 501 700 532 Item
722 498 845 532 nullus
866 498 988 531 socius
1009 509 1126 530 coram
1150 496 1330 529 extraneis
1351 495 1387 527 in
1413 494 1491 526 aula
1518 499 1696 538 proponat
1715 491 1834 537 aliqua
1855 492 1899 525 ad
1920 492 2129 526 societatem
2152 492 2390 538 pertinencia,

522 573 671 611 excepto
692 565 804 599 verbo
826 565 905 606 Dei,
928 564 1024 609 quod
1049 563 1172 596 nullus
1198 562 1374 606 impedire
1396 566 1592 605 presumat,
1615 558 1680 592 sed
1702 570 1829 592 omnes
1851 571 1931 592 cum
1953 558 2099 592 silentio
2121 559 2269 593 audiant
2288 559 2390 593 illum

522 633 583 678 qui
605 632 785 677 proponit.

610 700 698 732 Item
720 698 818 731 nulle
839 697 1011 730 mulieres
1032 697 1281 740 cujuscunque
1303 693 1531 726 condicionis
1552 692 1744 725 comedant
1764 692 1801 725 in
1822 692 1989 727 cameris.
2012 693 2048 726 Si
2077 693 2285 738 oppositum
2306 693 2389 739 quis

519 766 658 803 fecerit,
682 764 796 798 solvat
815 775 940 808 penam
963 769 1127 803 taxatam,
1150 761 1287 794 scilicet
1308 761 1341 804 vj
1364 759 1547 792 denarios.

609 833 696 864 Item
727 830 849 863 nullus
880 829 1001 862 socius
1037 829 1150 860 mittat
1178 826 1325 872 aliquod
1350 838 1412 859 vas
1441 826 1485 858 de
1512 826 1620 858 domo
1646 832 1757 867 extra,
1785 826 1856 859 nisi
1882 837 1926 858 ex
1949 837 2134 859 consensu
2159 826 2259 860 illius
2284 827 2390 871 cujus

519 898 671 930 interest
699 897 758 929 illa
788 896 985 928 custodire.

607 965 693 996 Item
725 963 755 995 si
786 963 867 1007 quis
898 962 1026 994 dixerit
1056 960 1165 994 verba
1196 959 1438 1005 obprobriosa
1467 959 1525 993 vel
1554 959 1672 1004 turpia
1697 959 1805 992 alicui
1831 959 1946 1001 socio,
1978 959 2063 992 dum
2093 966 2213 993 tamen
2243 959 2389 994 duobus

518 1030 627 1063 sociis
658 1030 701 1062 de
732 1029 838 1061 domo
869 1028 937 1060 hoc
967 1027 1182 1068 constiterit,
1215 1027 1332 1060 solvat
1361 1039 1467 1059 unam
1498 1026 1658 1067 bursam,
1689 1038 1761 1071 que
1792 1025 1902 1059 debet
1931 1038 2013 1059 esse
2044 1026 2241 1060 societatis.

605 1098 692 1129 Item
724 1096 754 1128 si
785 1096 866 1140 quis
896 1095 1078 1128 sociorum
1109 1094 1266 1138 aliquem
1297 1093 1341 1126 de
1371 1093 1515 1126 famulis
1545 1093 1747 1135 intruserit,
1783 1093 1980 1138 projecerit
2007 1093 2066 1127 vel
2095 1093 2231 1127 seviter
2259 1093 2389 1128 verbe-

515 1162 620 1204 rabit,
651 1161 765 1195 solvat
794 1173 904 1194 unum
937 1161 1130 1194 sextarium
1160 1160 1234 1193 vini
1261 1160 1385 1202 sociis,
1417 1166 1453 1193 et
1475 1159 1544 1193 hoc
1568 1159 1693 1193 vinum
1718 1158 1828 1192 debet
1852 1152 1935 1192 e'sse
1966 1159 2010 1193 de
2036 1159 2180 1192 meliori
2204 1159 2249 1193 ad
2274 1166 2386 1194 extra.

603 1230 690 1261 Item
721 1228 844 1260 nullus
874 1234 1059 1272 presumat
1087 1227 1250 1272 accipere
1281 1226 1469 1259 scutellam
1498 1226 1556 1260 vel
1580 1226 1758 1259 ferculum
1789 1226 1866 1260 sive
1891 1226 1928 1259 in
1954 1238 2064 1271 parvo
2090 1226 2167 1260 sive
2193 1226 2230 1259 in
2254 1238 2386 1272 magno

513 1295 678 1340 prandio,
709 1295 780 1328 nisi
810 1295 1010 1327 secundum
1041 1294 1139 1339 quod
1169 1293 1249 1335 sibi¹
1269 1306 1287 1326 a
1317 1294 1504 1339 preposito
1535 1300 1571 1326 et
1600 1293 1677 1326 suis
1707 1292 1981 1338 coadjutoribus
2006 1293 2065 1327 vel
2089 1293 2234 1327 famulis
2259 1293 2387 1327 minis-

512 1361 681 1402 trabitur;
718 1362 780 1406 qui
808 1373 894 1395 vero
924 1361 1028 1394 aliter
1056 1361 1194 1402 fecerit,
1227 1360 1411 1393 tenebitur
1439 1360 1484 1394 ad
1515 1360 1604 1393 duas
1634 1367 1779 1405 quartas
1812 1360 1900 1394 vini.
1932 1361 1977 1393 Et
2005 1360 2088 1393 ideo
2120 1359 2275 1405 quilibet
2303 1372 2386 1406 pre-

512 1429 653 1473 positus
683 1429 730 1461 sit
759 1428 917 1473 diligens
947 1427 1039 1460 bene
1070 1427 1275 1460 ministrare
1306 1427 1430 1460 sociis.

603 1496 690 1528 Item
725 1495 762 1527 in
797 1494 1128 1527 deliberacionibus
1163 1494 1347 1527 sociorum
1382 1493 1537 1539 quilibet
1569 1494 1717 1540 pacifice
1752 1501 1877 1536 taceat,
1914 1493 2030 1527 donec
2064 1494 2174 1527 fuerit
2207 1506 2226 1527 a
2259 1494 2382 1539 priore

511 1562 721 1606 requisitus⁷
754 1568 789 1594 et
817 1573 897 1594 cum
928 1573 1027 1593 suam
1058 1561 1279 1594 voluntatem
1310 1561 1453 1603 dixerit,
1485 1560 1576 1594 alios
1606 1560 1755 1606 pacifice
1785 1560 1918 1594 audiat.

600 1629 687 1660 Itcm
718 1628 841 1660 nullus
875 1635 1043 1661 assuetus
1079 1628 1126 1660 sit
1161 1628 1270 1660 nimis
1306 1628 1376 1661 alte
1412 1628 1449 1660 in
1486 1640 1611 1661 mensa
1644 1627 1757 1673 loqui.
1796 1628 1866 1671 Qui
1900 1639 1988 1661 vero
2025 1634 2109 1672 post
2142 1627 2381 1660 monitionem

510 1705 621 1739 super
649 1694 717 1727 hoc
747 1694 817 1727 sibi
853 1707 871 1727 a
908 1695 1028 1739 priore
1058 1695 1185 1727 factam
1215 1695 1324 1727 nimis
1353 1695 1423 1728 alte
1460 1694 1645 1740 loquendo
1682 1694 1893 1736 excesserit,
1926 1694 2010 1727 dum
2042 1700 2161 1727 tamen
2190 1693 2259 1727 hoc
2289 1693 2382 1728 rela-

509 1761 612 1793 cione
643 1761 880 1805 quorumdam
911 1761 1093 1794 sociorum
1119 1768 1245 1806 postea
1275 1762 1388 1807 priori
1418 1762 1636 1804 constiterit,
1663 1761 1847 1795 tenebitur
1875 1761 1920 1794 ad
1946 1773 2075 1806 penam
2105 1767 2316 1794 consuetam
2341 1761 2379 1794 in

509 1827 629 1869 domo,
661 1827 799 1860 scilicet
828 1828 871 1861 ad
902 1828 991 1861 duas
1021 1835 1166 1873 quartas
1182 1829 1269 1862 vini.

596 1896 690 1927 Pena
720 1895 814 1927 enim
846 1901 1158 1940 transgressorum
1184 1902 1413 1938 statutorum,
1441 1908 1511 1941 que
1537 1908 1610 1928 non
1636 1895 1770 1928 cadunt
1794 1894 1863 1928 sub
1883 1895 2107 1940 juramento,
2138 1902 2195 1929 est
2219 1895 2375 1928 duorum

507 1960 750 2003 denariorum,
782 1962 812 1994 si
842 1974 914 1994 non
945 1962 1018 1994 sint
1046 1962 1089 1995 ab
1119 1962 1240 2007 aliquo
1271 1962 1511 2008 deprehensi3
1551 1963 1582 1996 si
1611 1969 1731 1995 autem
1764 1961 1901 1994 fuerint
1929 1960 2165 2006 deprehensi,
2196 1973 2289 2007 pena
2319 1969 2376 1996 est

506 2038 569 2060 sex
599 2027 827 2060 denariorum
858 2028 894 2060 in
924 2028 1010 2070 illis,
1042 2029 1079 2061 in
1109 2029 1242 2073 quibus
1272 2036 1442 2062 tenentur
1472 2029 1516 2062 ad
1545 2029 1748 2074 pecuniam.
1780 2029 1860 2060 Non
1890 2027 2161 2073 deprehensum
2192 2028 2374 2074 intelligo,

505 2093 536 2126 si
566 2100 755 2138 antequam
778 2095 821 2127 ad
844 2095 1011 2128 noticiam
1036 2095 1169 2140 prioris
1195 2096 1416 2140 pervenerit,
1443 2096 1598 2141 ipsemet
1623 2107 1661 2128 se
1685 2094 1798 2140 priori
1821 2101 1968 2128 accuset
1989 2094 2047 2128 vel
2071 2094 2204 2128 clerico
2231 2095 2374 2137 dixerit,

505 2160 602 2204 quod
632 2172 742 2205 super
771 2173 851 2194 eum
883 2161 1017 2194 scribat
1046 2161 1139 2194 duos
1165 2162 1335 2195 denarios
1361 2174 1426 2207 pro
1453 2162 1514 2195 tali
1540 2162 1704 2203 emenda,
1732 2160 1927 2194 nonenim
1957 2161 2090 2194 sufficit
2115 2161 2237 2195 dicere
2262 2161 2374 2196 sociis

505 2241 521 2257 «
548 2238 617 2272 ego
647 2239 703 2259 me
733 2240 863 2260 accuso
891 2242 920 2260 ».
951 2229 1034 2262 Non
1064 2229 1236 2262 transivit
1263 2240 1322 2262 nec
1348 2234 1515 2263 servatur
1543 2229 1617 2263 hoc.

592 2295 632 2326 In
662 2294 831 2327 omnibus
861 2295 941 2327 istis
971 2302 1007 2328 et
1035 2295 1129 2328 aliis*
1151 2295 1259 2328 bonis
1296 2295 1626 2329 consuetudinibus
1661 2296 1792 2329 domus
1827 2296 1919 2330 lator
1953 2296 2063 2329 rotuli
2093 2296 2140 2329 sit
2169 2295 2371 2337 sollicitus;

504 2360 599 2404 quod
630 2361 660 2393 si
698 2361 873 2393 remissus
910 2362 1030 2403 suerit,
1068 2362 1112 2394 ad
1149 2374 1277 2407 penam
1307 2362 1344 2394 in
1381 2362 1487 2395 domo
1522 2369 1673 2395 taxatam
1708 2375 1813 2408 quam
1849 2363 2041 2396 incurrunt
2076 2369 2371 2408 transgressores

502 2427 704 2459 teneatur'.

619 2511 721 2534 statuta
737 2512 768 2534 dc
783 2512 868 2535 officio
883 2513 1135 2543 subprocuratorum
1150 2513 1187 2536 eis
1201 2522 1261 2536 cum
1274 2513 1368 2545 papiro
1383 2514 1521 2537 tradenda.
1537 2515 1570 2538 Et
1584 2514 1670 2546 primo
1686 2515 1718 2537 de
1731 2514 1949 2546 procuratoribus
1966 2513 2112 2538 minoribus
2127 2513 2256 2545 eligendis

1053 2561 1078 2581 ct
1092 2558 1124 2580 de
1138 2558 1179 2581 his
1196 2567 1245 2589 que
1259 2558 1392 2589 pertinent
1406 2559 1439 2582 ud
1453 2559 1541 2582 officia
1556 2567 1647 2582 eorum
1662 2559 1814 2583 exercenda.

592 2626 678 2656 ΡιὉ3
709 2637 793 2669 pace
817 2633 852 2658 et
875 2627 1024 2660 utilitate
1055 2629 1322 2662 communitatis
1346 2629 1390 2662 de
1416 2629 1715 2674 procuratoribus
1741 2629 1945 2663 minoribus
1975 2629 2157 2674 eligendis
2182 2635 2218 2662 et
2244 2628 2289 2661 de
2314 2628 2368 2662 eis

502 2701 572 2734 que
602 2691 783 2734 pertinent
811 2692 854 2724 ad
884 2693 998 2725 officia
1023 2705 1148 2726 eorum
1175 2696 1375 2728 exercenda
1400 2696 1519 2729 taliter
1544 2697 1766 2730 ordinamus.
1795 2696 1915 2730 Primo
1941 2695 2040 2741 quod
2065 2694 2220 2740 quilibet
2244 2695 2368 2728 socius

501 2755 538 2788 in
573 2757 779 2801 receptione
816 2758 922 2790 oflicii
959 2761 1224 2803 procurationis
1260 2769 1423 2795 teneatur
1453 2764 1577 2807 jurare
1615 2763 1816 2796 secundum
1852 2763 2003 2796 formam
2035 2761 2233 2807 juramenti
2270 2761 2368 2806 quod

501 2822 591 2855 socii
616 2822 652 2854 in
678 2834 741 2855 sua
767 2824 973 2868 receptione
999 2833 1160 2869 prestant
1184 2829 1437 2871 communiter,
1463 2829 1603 2862 scilicet
1628 2830 1726 2874 quod
1751 2829 1844 2863 bene
1871 2836 1906 2862 et
1930 2828 2087 2862 fideliter
2112 2834 2147 2860 et
2170 2827 2366 2873 diligenter

2299 2899 2319 2906 ς

501 2888 657 2921 officium
686 2889 878 2922 exercebit.
