2618 3640
531 436 573 467 24
663 444 666 446 ’
1112 443 1433 465 anitTcLAnffiM
1468 441 1658 463 eravizus.
1697 441 1825 462 lunis.

532 535 611 572 22.
634 545 737 570 Petrus
755 543 891 570 Cellensis
907 542 947 568 ad
961 542 1117 568 Iohannem
1135 541 1379 567 Saresberiensem
1395 540 1430 566 de
1442 539 1582 576 periculis
1598 539 1712 565 animas
1727 539 1852 564 Parisiis
1868 538 2121 564 circumstantibus
2136 542 2164 564 et
2177 538 2213 565 de
2229 547 2294 565 vera
2308 538 2408 565 schola

621 593 757 619 veritatis.

1693 637 1766 666 7164,
1783 636 1806 662 S.
1823 636 1930 669 Remtyii
1941 637 2011 668 apud
2021 636 2121 662 Remos.

623 716 695 749 Suo
716 715 850 748 clerico
877 726 966 747 suus
993 714 1139 747 abbas¹.
1169 713 1261 747 Satis
1289 724 1455 745 amenum
1479 711 1664 756 delegisti,
1693 711 1741 743 mi
1769 710 1971 752 carissime,
2000 710 2161 752 exilium,
2187 710 2250 743 ubi
2280 714 2409 756 super-

532 782 716 816 abundant
735 782 865 827 gaudia
886 781 972 814 lieet
990 793 1096 822 vana,
1119 780 1181 813 ubi
1203 779 1376 812 exuberat
1396 778 1478 823 plus
1500 790 1605 823 quam
1627 778 1664 810 in
1685 777 1797 823 patria
1818 777 1922 822 panis
1943 783 1979 810 et
1997 776 2073 810 vini
2093 777 2216 823 copia,
2238 777 2301 810 ubi
2319 763 2409 811 ami-

531 861 655 882 corum
684 849 857 893 frequens
885 841 1083 888 affluentia,
1113 846 1175 879 ubi
1206 846 1389 879 sociorum
1420 857 1492 877 non
1520 857 1599 877 rara
1629 844 1879 877 contubernia.
1910 844 2000 887 Quis
2028 850 2150 889 preter
2170 850 2205 877 te
2225 844 2318 878 alius
2339 844 2408 892 suvb

531 915 610 948 celo
632 915 791 948 Parisius
813 927 885 947 non
907 913 1085 947 estimavit
1106 913 1226 945 locum
1253 911 1485 952 deliciarum,
1508 911 1652 943 hortum
1682 910 1962 955 plantationum,
1984 921 2110 955 agrum
2142 911 2410 956 primitiarum?

533 982 697 1015 Ridendo
726 988 843 1014 tamen
870 993 993 1013 verum
1024 979 1165 1017 dixisti,
1188 979 1270 1023 quia
1299 977 1361 1010 ubi
1391 979 1506 1022 major
1533 984 1567 1010 et
1595 977 1750 1022 amplior
1777 977 1944 1022 voluptas
1971 989 2186 1022 corporum,
2208 977 2259 1010 ibi
2281 981 2409 1011 verum

531 1049 677 1082 exilium
700 1048 896 1081 animarum
921 1059 927 1079 :
957 1053 990 1079 et
1012 1046 1073 1078 uhi
1102 1052 1229 1090 regnat
1255 1044 1416 1085 luxuria,
1439 1043 1489 1076 ibi
1518 1043 1775 1076 miserabiliter
1801 1043 1992 1077 ancillatur
2019 1050 2056 1076 et
2081 1044 2252 1090 affligitur
2277 1044 2406 1078 anima.

532 1115 561 1148 O
583 1115 755 1153 Parisius,
786 1126 889 1157 quam
913 1113 1042 1145 idonea
1070 1124 1109 1144 es
1138 1111 1181 1144 ad
1209 1111 1404 1156 capiendas
1426 1117 1461 1143 et
1481 1110 1717 1155 decipiendas
1738 1110 1891 1143 animas!
1916 1111 1957 1143 In
1978 1117 2012 1143 te
2032 1110 2205 1144 retiacula
2223 1111 2409 1159 vitiorum,

530 1183 566 1214 in
594 1189 627 1214 te
658 1180 830 1213 malorum
861 1179 1044 1223 decipula,
1074 1179 1110 1210 in
1138 1185 1172 1210 te
1200 1177 1329 1223 sagitta
1357 1177 1490 1209 inferni
1523 1177 1705 1222 transfigit
1734 1177 1985 1223 insipientium
2017 1177 2139 1221 corda.
2169 1179 2220 1211 Ita
2249 1179 2409 1212 Joannes

532 1260 632 1280 meus
654 1247 775 1282 sentit.
799 1253 833 1278 et.
854 1246 936 1278 ideo
958 1245 1105 1277 exilium
1134 1245 1345 1278 nominavit.
1370 1244 1513 1277 Utinam
1536 1244 1640 1277 istam
1663 1244 1810 1277 exilium
1837 1256 1922 1277 vere
1949 1245 2044 1278 sicut
2068 1251 2125 1278 est
2144 1245 2352 1290 deputares,
2374 1251 2412 1278 et

528 1315 571 1347 ad
602 1313 749 1358 patriam
781 1324 852 1345 non
882 1311 994 1345 verbo
1025 1318 1060 1344 et
1086 1311 1224 1357 lingua,
1254 1311 1319 1344 sed
1347 1323 1458 1356 opere
1487 1318 1523 1343 et
1545 1311 1695 1344 veritate
1725 1311 1937 1344 festinares!
1962 1311 2016 1343 lbi
2046 1311 2083 1344 in
2110 1311 2206 1344 libro
2232 1311 2306 1345 vite
2335 1323 2410 1345 non

529 1380 664 1426 figuras
686 1386 721 1412 ct
741 1379 932 1420 elementa,
951 1378 1015 1410 sed
1037 1378 1152 1423 ipsam
1174 1378 1269 1410 sicut
1284 1384 1340 1410 est
1361 1378 1584 1411 divinitatem
1607 1384 1643 1410 et
1662 1377 1848 1411 veritatem
1871 1377 1978 1411 oculo
1994 1378 2044 1411 ad‘
2055 1377 2201 1410 oculum
2222 1389 2408 1420 cerneres,

530 1447 608 1479 sine
630 1446 754 1479 labore
776 1445 937 1491 legendi,
960 1445 1039 1477 sine
1064 1445 1210 1478 fastidio
1236 1445 1399 1486 videndi,
1428 1445 1507 1477 sine
1533 1444 1671 1477 fallacia
1698 1444 1755 1478 vel
1781 1456 1906 1477 errore
1934 1444 2183 1490 intelligendi,
2206 1445 2286 1478 sine
2307 1444 2409 1478 solli—

528 1514 688 1546 citudine
721 1512 923 1549 retinendi,
956 1512 1035 1544 sine
1069 1511 1198 1544 timore
1227 1511 1482 1544 obliviscendi.
1515 1511 1546 1544 O
1574 1510 1676 1543 beata
1714 1510 1832 1552 scola,
1865 1510 1927 1544 ubi
1962 1510 2132 1545 Christus
2162 1511 2270 1544 docet
2299 1511 2410 1545 corda

530 1587 652 1613 nostra
673 1578 785 1612 verbo
806 1579 950 1611 virtutis
976 1590 1055 1619 suc,
1077 1577 1139 1610 ubi
1166 1578 1246 1610 sine
1274 1577 1395 1610 studio
1422 1584 1458 1610 et
1483 1577 1640 1610 lectione
1667 1577 1976 1623 apprehendimus
2003 1578 2187 1622 quomodo
2211 1577 2410 1623 debeamus

530 1646 738 1679 eternaliter
758 1645 861 1678 beat(=
889 1645 1029 1678 vivere!
1059 1646 1139 1677 Non
1167 1645 1298 1677 emitur
1325 1644 1375 1676 ibi
1404 1644 1510 1686 liber,
1533 1656 1606 1676 non
1635 1644 1826 1677 redimitur
1852 1645 2026 1690 magister
2056 1645 2289 1690 scriptorum,
2310 1644 2410 1678 nulla

529 1713 789 1746 circumventio
825 1712 1132 1756 disputationum,
1170 1711 1268 1744 nulla
1304 1710 1566 1756 sophismatum
1603 1710 1803 1752 intricatio,
1840 1710 1944 1756 plana
1979 1711 2140 1743 omnium
2176 1711 2410 1756 questionum

531 1773 799 1820 determinatim
838 1779 943 1824 plena
977 1765 1228 1812 universarum
1265 1778 1445 1811 rationum
1481 1784 1516 1810 et
1542 1778 1897 1823 argumeutationum
1932 1777 2194 1823 apprehensio.
2238 1777 2293 1811 lbi
2326 1777 2410 1824 plus

528 1847 597 1879 vita
618 1847 759 1879 confert
786 1858 889 1891 quam
918 1845 1039 1887 lectio,
1061 1845 1144 1890 plus
1171 1845 1322 1890 prodest
1351 1844 1565 1890 simplicitas
1591 1856 1695 1889 quam
1725 1844 1916 1878 cavillatio.
1948 1844 2001 1877 lbi
2030 1857 2137 1877 nemo
2164 1844 2408 1888 concluditur,

530 1913 599 1946 nisi
622 1913 683 1958 qui
705 1913 921 1945 excluditur.
945 1914 1026 1945 t'no
1047 1912 1159 1945 verbo
1183 1924 1190 1944 t
1223 1912 1342 1945 omnis
1369 1911 1419 1944 ibi
1448 1911 1602 1944 solvitur
1623 1911 1794 1956 objectio,
1817 1923 1898 1944 cum
1927 1911 2018 1944 male
2040 1911 2167 1945 malam
2188 1912 2296 1945 vitam
2317 1911 2411 1957 obji-

530 1980 638 2013 cienti
669 1980 912 2024 respondetur
940 1991 946 2011 :
982 1980 1033 2011 Ite
1064 1978 1245 2012 maledicti
1278 1979 1314 2011 in
1345 1979 1466 2024 ignem
1499 1984 1664 2011 eternum
1696 1978 1757 2023 qui
1784 1985 1929 2023 paratus
1957 1985 2013 2011 est
2037 1978 2183 2011 diabolo
2208 1985 2245 2011 et
2267 1977 2410 2024 angelis

530 2047 628 2091 ejus,
656 2058 735 2078 cum
763 2045 855 2078 bene
882 2045 1078 2090 opponenti
1110 2045 1243 2078 dicitur
1265 2057 1272 2077 τ
1294 2045 1439 2086 Venite,
1462 2044 1659 2085 benedicti,
1687 2051 1754 2077 etc.
1778 2044 1921 2078 Utinam
1950 2044 2007 2077 his
2034 2044 2250 2077 melioribus
2277 2044 2409 2091 studiis

531 2113 582 2145 sic
608 2113 840 2145 intenderent
861 2112 923 2144 lilii
945 2112 1144 2153 hominum,
1168 2112 1352 2157 quomodo
1374 2111 1606 2156 vaniloquiis,
1630 2111 1814 2156 quomodo
1840 2110 2123 2144 scurrilitatibus
2143 2111 2246 2144 vanis
2267 2117 2303 2144 et
2326 2122 2410 2157 pes-

531 2180 654 2212 simis!
678 2180 784 2213 Certe
806 2180 945 2212 fructus
966 2179 1096 2212 exinde
1118 2179 1323 2220 uberiores,
1344 2185 1442 2211 certe
1464 2179 1607 2212 favores
1633 2178 1930 2219 excellentiores,
1953 2185 2051 2211 certe
2071 2177 2232 2211 honores
2252 2179 2410 2223 majores

532 2252 719 2287 meterent,
743 2253 778 2278 et
798 2246 905 2278 finem
927 2246 1251 2279 consummationis
1272 2245 1472 2287 Christum,
1495 2257 1600 2290 quem
1624 2245 1659 2277 in
1681 2244 1738 2277 his
1764 2245 1947 2278 inventuri
1972 2257 2046 2278 non
2076 2251 2173 2287 sunt,
2195 2245 2275 2278 sine
2297 2244 2409 2278 dubio

530 2313 771 2357 perciperent.
794 2312 931 2346 Valete.

637 2397 771 2428 Epistulae
789 2397 858 2420 Petri
878 2398 941 2420 Cell.
958 2397 1045 2429 primo
1065 2397 1215 2429 publicatae
1231 2401 1292 2421 sunt
1307 2406 1322 2420 a
1338 2398 1478 2421 Sirmondo
1494 2406 1562 2421 nuno
1579 2398 1639 2421 1613
1655 2401 1680 2421 et
1696 2398 1867 2422 inveniuntur
1883 2398 1909 2421 in
1927 2398 1994 2429 Opp.
2010 2404 2071 2422 var.
2086 2398 2110 2421 J.
2128 2397 2270 2425 Sirmondi,
2286 2397 2323 2420 111
2338 2395 2409 2428 (epp.

530 2441 599 2464 Petri
614 2442 630 2465 l.
647 2443 670 2470 li,
687 2450 727 2473 ep.
745 2442 791 2473 10).
808 2456 838 2459 —
854 2442 948 2473 Migne,
965 2442 1076 2466 Patrol.
1092 2443 1150 2471 lat„
1166 2445 1229 2466 tom.
1247 2442 1322 2471 CCII,
1338 2451 1364 2474 p.
1382 2443 1435 2465 519.

639 2513 660 2535 1.
678 2513 769 2535 Petrus
786 2513 912 2536 Cellensis
928 2513 962 2536 ab
977 2522 1044 2536 anno
1060 2514 1120 2537 1162
1136 2517 1193 2537 erat
1207 2513 1290 2536 abbas
1306 2514 1332 2537 S.
1346 2513 1459 2545 Remigii
1474 2514 1545 2545 apud
1562 2514 1664 2538 Remos.
1677 2514 1810 2538 Johunnes
1828 2513 2037 2537 Suresberiensis
2053 2522 2121 2536 anno
2136 2514 2198 2536 1163
2212 2513 2244 2536 de
2259 2520 2307 2535 suu
2320 2511 2409 2543 patria

532 2557 662 2587 relegatus
679 2557 764 2587 primo
780 2557 853 2580 brevi
868 2561 986 2589 tempore
1002 2558 1157 2581 morabatur
1172 2558 1291 2582 Parisiis.
1306 2558 1345 2581 Cf.
1363 2566 1445 2590 supra
1461 2562 1490 2581 n⁰
1504 2558 1541 2582 19.

534 2736 611 2773 23.
647 2747 749 2771 Petrus
792 2745 927 2771 Cellensis
956 2747 1039 2772 Petro
1069 2747 1215 2774 cardinali
1245 2750 1272 2774 S.
1310 2747 1483 2783 Chrysogoni
1511 2748 1679 2782 magistrum
1713 2748 1873 2783 Crispinum
1907 2747 2090 2772 Parisienses
2118 2746 2233 2772 scholas
2261 2746 2408 2772 aditurum

623 2794 807 2820 commendat.

1836 2845 1878 2872 An.
1894 2845 1940 2871 117
1942 2846 2001 2871 3-11
2005 2846 2021 2871 7
2024 2846 2049 2871 9.

623 2919 728 2950 Petro
749 2918 921 2951 cardinali
944 2919 1062 2952 Sancti
1083 2919 1314 2965 Chrysogoni
1335 2921 1464 2953 Petrus
1485 2919 1596 2953 abbas
1619 2920 1738 2953 Sancti
1760 2920 1928 2965 Remigii.
1946 2919 2146 2965 Amplexus
2165 2925 2286 2952 vestre
2307 2919 2408 2952 fami-

534 2984 698 3017 liaritatis
728 2984 814 3016 mihi
845 2985 1073 3030 gratissimos
1103 2998 1167 3019 oro
1198 2999 1271 3019 non
1299 2998 1513 3028 senescere,
1552 2986 1618 3019 sed
1645 2998 1725 3019 cum
1756 2986 1857 3032 ligno
1887 2986 1959 3020 vite
1987 2986 2066 3019 dies
2094 2992 2241 3020 eternos
2268 2993 2405 3020 tenere.
