2580 3528
448 375 516 409 378
1033 382 1354 405 CHARTULARNJM
1388 382 1580 404 umvssas.
1618 381 1747 404 Panis.
2229 369 2328 410 [1259

449 459 614 504 ejusdem
635 458 718 498 vici,
742 464 777 491 et
797 457 901 491 etiam
925 457 1097 502 quasdam
1119 457 1248 490 domos
1270 456 1357 490 sitas
1373 457 1475 501 juxta
1497 456 1641 488 domum
1674 455 1838 500 magistri
1864 454 1960 488 Petri
1982 453 2026 487 de
2047 453 2270 499 Chambleyo
2290 453 2326 486 in

449 525 520 558 fine
541 525 691 558 alterius
720 524 790 558 vici
816 524 934 557 eidem
969 523 1140 569 oppositi.
1176 523 1422 557 Concedimus
1457 522 1562 555 etiam
1598 528 1770 567 quantum
1798 522 1835 554 in
1864 521 1971 554 nobis
1999 527 2055 553 est
2084 520 2182 565 quod
2212 520 2329 565 possit

448 592 618 625 claudere
640 592 732 624 dnos
762 591 863 624 vicos
891 591 1020 623 domos
1050 589 1281 623 includentes
1312 589 1512 634 predictas*
1533 589 1612 621 sine
1639 588 1842 633 prejudicio
1871 587 2004 628 alieno,
2027 594 2063 620 et
2081 587 2178 632 quod
2209 593 2329 620 teneat

448 659 485 693 in
507 670 614 692 mann
635 665 774 691 mortua
796 657 925 690 domos
955 669 1025 701 que
1054 663 1139 689 sunt
1158 656 1195 688 in
1216 656 1363 689 censiva
1389 655 1630 700 burgensium
1661 654 1823 688 Parisius
1853 654 2051 688 existentes
2077 654 2172 687 inter
2199 653 2328 687 domos

449 725 643 771 predictas,
666 725 764 758 salvo
788 725 871 769 jure
892 724 929 756 in
950 723 1120 756 omnibus
1146 722 1277 755 alieno.
1310 721 1417 765 Quod
1442 728 1482 754 ut
1504 728 1618 754 ratum
1640 727 1676 754 et.
1696 720 1825 754 stabile
1853 727 2062 766 permaneat
2088 721 2125 753 in
2151 721 2326 762 futurum,

448 798 639 837 presentes
673 791 811 824 litteras
841 790 937 822 dicto
972 789 1146 834 magistro
1180 788 1338 821 Roberto
1374 787 1543 820 dedimus
1577 787 1691 833 sigilli
1725 787 1842 820 nostri
1879 787 2122 832 impressione
2156 787 2330 820 munitas·

447 858 575 891 Actum
598 857 771 898 Parisius,
793 868 887 889 anno
909 855 1053 888 Domini
1075 855 1208 889 M⁰CC⁰
1229 854 1535 899 quinquagesimo
1557 860 1696 895 octav0,
1719 865 1845 887 mense
1867 853 2064 887 Februario
2077 854 2101 887 ⁸.

541 955 676 986 Originale
696 955 721 977 in
742 954 819 978 Arch.
842 957 896 977 nnt.
917 953 1000 977 Paris.
1023 954 1048 976 S.
1073 953 1144 981 6213,
1165 957 1195 975 n⁰
1215 953 1251 976 73.
1274 952 1352 975 Deest
1377 960 1446 975 nunc
1471 951 1598 983 sigillum.
1619 965 1650 969 —
1671 952 1747 976 Cart.
1767 953 1801 976 de
1820 951 1848 976 la
1870 952 2016 976 Sorbonne
2034 951 2061 975 in
2076 951 2145 975 Bibl.
2162 955 2215 975 nat..
2232 951 2328 981 Paris„

446 1008 496 1023 mS.
514 1000 597 1027 160691
616 999 659 1022 fol.
677 999 698 1021 1.
716 999 839 1025 Bulaeus,
854 998 899 1025 111,
915 998 968 1020 224.
986 998 1058 1020 Anno
1074 997 1134 1020 1261
1151 1005 1241 1020 mense
1256 996 1393 1020 Decembri
1408 996 1483 1027 prior
1496 999 1521 1020 et
1536 999 1680 1019 conventus
1696 997 1809 1019 fratrum
1825 996 1851 1019 S.
1868 995 1960 1019 Crucis
1979 995 2062 1019 Puris.
2086 999 2178 1020 notum
2201 997 2328 1024 fecerunt,⁴

446 1044 588 1068 Robertnm
613 1043 649 1066 eis
673 1043 698 1065 in
722 1042 962 1073 compensationem
985 1042 1124 1064 domorum
1150 1049 1215 1072 quas
1238 1049 1269 1064 ex
1295 1041 1436 1064 donatione
1458 1041 1529 1072 regis
1550 1041 1576 1064 in
1601 1040 1659 1064 vico
1679 1041 1710 1064 de
1734 1040 1935 1072 coupe-Gueute
1963 1041 2107 1070 habebant,
2135 1040 2330 1075 quinquaginta

445 1088 528 1111 libras
543 1087 683 1119 parisiens.
700 1086 871 1118 persolvisse.
887 1086 1022 1117 originale
1038 1086 1064 1109 in
1080 1085 1156 1109 Arch.
1173 1089 1227 1109 nat.
1242 1085 1326 1109 Puris.
1347 1085 1372 1108 S.
1390 1085 1461 1114 6213,
1477 1089 1507 1108 n⁰
1521 1086 1559 1108 76.
1577 1085 1654 1109 Deest
1669 1085 1797 1117 sig-illum.
2280 1074 2282 1076 μ

540 1173 561 1195 ’1.
579 1172 642 1195 Vide
658 1179 739 1202 supra
755 1175 784 1194 11⁰
799 1171 852 1194 302.
863 1184 894 1187 —-
905 1171 927 1193 2.
946 1171 982 1193 Ex
997 1170 1046 1193 hoc
1062 1178 1156 1193 nomen
1171 1177 1225 1194 rue
1238 1171 1285 1195 des
1301 1171 1501 1195 Deum-Fortes
1518 1171 1559 1199 (cs.
1576 1170 1677 1198 Jaitlot,
1691 1170 1873 1199 Recherches,
1889 1174 1937 1195 etc.
1949 1178 1958 1194 :
1974 1157 2110 1197 Quartier
2125 1154 2328 1199 δάἰνιι-Ανιάνέὲ

445 1217 473 1245 V,
492 1216 553 1248 141),
570 1219 595 1239 et
606 1223 747 1246 pauperes
762 1214 895 1246 maqistri
910 1216 943 1239 de
958 1215 1018 1239 vico
1034 1216 1190 1245 adportas.
1207 1228 1238 1232 —
1253 1215 1275 1237 3.
1292 1215 1330 1238 Ad
1346 1215 1532 1238 documentum
1549 1215 1582 1238 cf.
1598 1214 1667 1238 infra
1683 1218 1712 1237 n0
1725 1215 1780 1238 347.

443 1410 556 1447 330.
580 1419 743 1445 Alea-andri
758 1420 802 1445 IV
812 1418 927 1444 litter-ae
941 1426 993 1451 pro
1007 1417 1093 1443 Dulci
1108 1421 1135 1443 et
1154 1417 1238 1444 Notio
1254 1417 1290 1444 de
1310 1418 1414 1452 Burgo‚
1434 1417 1642 1444 mercatoribus
1657 1417 1838 1452 Florentinis,
1857 1421 1957 1444 contra
1972 1421 2108 1444 rectorem
2129 1417 2329 1444 Universitatis

534 1472 622 1504 atque
638 1468 731 1504 ipsam
753 1467 969 1494 L'tziversltaeem
984 1467 1188 1493 Parisiensem.

1578 1517 1631 1543 125
1634 1517 1658 1546 9,
1674 1517 1763 1543 Martii
1773 1517 1792 1542 5
1807 1518 1836 1543 ot
1852 1517 1889 1547 u,
1905 1516 2041 1549 Anagniae.

534 1592 740 1625 Alexander
774 1591 970 1636 episcopus
1009 1603 1139 1624 servus
1170 1602 1359 1624 servorum
1391 1591 1458 1624 Dei
1491 1590 1637 1625 dilectis
1665 1591 1751 1624 filiis
1783 1591 1889 1624 Dulci
1916 1597 1953 1624 et
1980 1591 2087 1624 Notio
2115 1591 2160 1624 de
2189 1591 2326 1636 Burgo,

445 1658 587 1692 civibus
618 1665 650 1691 et
679 1658 942 1691 mercatoribus
978 1658 1215 1700 Florentinis,
1239 1670 1278 1691 ac
1305 1658 1417 1692 sociis
1453 1658 1679 1700 eorumdem,
1701 1658 1854 1691 salutem
1883 1665 1918 1691 et
1945 1658 2180 1703 apostolicam
2215 1657 2329 1691 bene-

445 1725 654 1758 dictionem.
678 1727 724 1758 Ea
753 1737 821 1770 que
837 1725 978 1769 judicio
999 1724 1056 1757 vel
1078 1724 1274 1758 concordia
1296 1725 1548 1767 terminantur,
1570 1725 1672 1758 firma
1694 1725 1829 1758 debent
1847 1732 1883 1758 et
1902 1724 2038 1758 illibata
2059 1725 2272 1770 persistere,
2294 1730 2330 1758 et

444 1804 490 1825 ne
510 1793 547 1825 in
569 1792 727 1825 recidive
749 1791 995 1825 contentionis
1017 1791 1229 1837 scrupulum
1252 1791 1474 1834 relabantur,
1496 1792 1697 1838 apostolico
1718 1792 1889 1826 convenit
1913 1791 2076 1838 presidio
2097 1791 2331 1824 communiri*

444 1860 537 1892 Sane
558 1859 684 1904 petitio
705 1865 824 1892 vestra
848 1858 956 1891 nobis
982 1858 1141 1891 exhibita
1166 1858 1390 1899 continebat,
1413 1859 1510 1904 quod
1533 1866 1609 1892 orta
1637 1859 1773 1892 dudum
1800 1859 1895 1892 inter
1914 1871 1980 1892 vos
2004 1870 2048 1892 ex
2067 1864 2168 1903 parte
2188 1869 2272 1900 una,
2295 1864 2332 1892 et

444 1933 622 1959 rectorem
645 1926 901 1959 Universitatis
927 1938 966 1958 ac
992 1926 1106 1970 ipsam
1130 1925 1404 1959 universitatem
1433 1926 1690 1971 magistrorum
1719 1933 1755 1959 et
1775 1925 1969 1959 scolarium
1998 1925 2259 1959 Parisiensiuln
2287 1936 2331 1958 ex

446 1993 557 2026 altera
588 2004 698 2038 snper
729 1992 880 2037 quadam
910 2004 1049 2025 summa
1085 1992 1239 2037 pecunie
1270 1992 1419 2026 materia
1449 1993 1668 2038 questionis,
1699 2005 1767 2026 nos
1797 1992 1970 2026 dilectum
1999 1992 2114 2025 filium
2148 1998 2328 2033 nostrum,

446 2060 489 2093 Ο.
509 2061 535 2101 ⁶,
572 2060 698 2092 Sancte
739 2059 850 2092 Marie
886 2059 923 2092 in
958 2059 1025 2093 Via
1060 2060 1143 2092 Lata
1179 2059 1372 2092 diaconum
1415 2059 1649 2102 cardinalem,
1690 2060 1859 2093 dedimus
1897 2059 1935 2092 in
1973 2071 2081 2092 causa
2118 2058 2330 2104 hujusmodi

446 2126 610 2172 partibus
631 2126 847 2168 auditorem,
871 2126 945 2171 qui,
969 2125 1271 2171 procuratoribus
1300 2126 1507 2159 earumdem
1531 2127 1685 2172 partium
1707 2127 1744 2159 in
1765 2127 1883 2172 ipsius
1903 2126 2087 2172 presentia
2108 2125 2331 2169 constitutis,

445 2194 508 2226 lite
529 2205 648 2226 coram
671 2205 713 2226 eo
736 2205 847 2238 super
867 2192 935 2225 hoc
956 2192 1119 2238 legitime
1140 2199 1354 2234 contestata,
1377 2199 1412 2226 et
1431 2194 1590 2239 cognitis
1611 2194 1728 2239 ipsius
1749 2206 1858 2227 cause
1875 2193 2014 2227 meritis
2036 2199 2071 2226 et
2085 2192 2181 2238 juris
2202 2191 2331 2226 ordine

447 2260 652 2298 observato,
676 2260 900 2293 diffinitivam
927 2271 992 2304 pro
1018 2259 1147 2292 vobis²
1176 2260 1392 2292 sententiam
1417 2260 1675 2306 promulgavit,
1704 2267 1812 2306 prout
1838 2261 1876 2293 in
1896 2260 2028 2294 litteris
2050 2259 2135 2292 inde
2155 2258 2331 2293 consectis

447 2334 481 2360 et
502 2327 618 2372 ipsius
640 2326 835 2359 cardinalis
856 2325 981 2371 sigillo
1002 2326 1152 2359 munitis
1180 2326 1326 2371 plenius
1347 2327 1566 2360 continetur.
1595 2329 1670 2361 Nos
1694 2328 1814 2373 itaque
1842 2327 1975 2362 vestris
2002 2324 2332 2372 supplicationibus

447 2393 608 2426 inclinati
630 2393 845 2426 sententiam
867 2393 981 2438 ipsam
1005 2392 1157 2438 provide
1177 2392 1298 2435 latam,
1322 2405 1388 2426 nec
1410 2393 1572 2439 legitima
1588 2395 1847 2440 provocatione
1868 2405 2098 2439 suspensam,
2119 2392 2332 2426 auctoritate

446 2460 644 2504 apostolica
672 2459 942 2501 confirmamus,
970 2466 1005 2492 et
1035 2459 1219 2505 presentis
1250 2460 1377 2505 scripti
1408 2461 1610 2506 patrocinio
1640 2461 1908 2495 communimus
1937 2467 2099 2494 tenorem
2131 2459 2332 2493 litterarum

447 2526 605 2571 ipsarum
629 2526 672 2558 dc
693 2525 805 2559 verbo
827 2526 871 2559 ad
890 2525 1042 2559 verbum
1066 2526 1307 2571 presentibus
1335 2527 1449 2560 inseri
1470 2528 1659 2570 facientes,
1681 2529 1743 2574 qui
1764 2528 1845 2562 talis
1866 2534 1922 2561 est
1943 2539 1951 2560 z

538 2593 578 2624 In
600 2592 746 2624 nomine
771 2592 928 2634 Domini,
947 2604 1064 2625 amen.
1089 2593 1175 2626 Orta
1200 2593 1295 2626 inter
1315 2593 1467 2627 Dulcem
1489 2602 1524 2628 et
1543 2595 1687 2628 Notium
1710 2595 1755 2628 de
1777 2596 1915 2640 Burgo,
1936 2594 2035 2628 cives
2057 2599 2092 2626 et
2110 2598 2334 2625 mercatores-

450 2658 694 2699 Florentinos,
717 2659 862 2691 nomine
895 2670 961 2691 suo
993 2665 1028 2692 et
1058 2659 1241 2692 sociorum
1280 2672 1429 2694 suorum
1461 2673 1504 2694 ex
1534 2668 1634 2707 parte
1656 2674 1739 2704 una,
1762 2668 1797 2695 et
1821 2667 1998 2694 rectorem
2020 2658 2277 2693 Universitatis
2297 2664 2334 2691 et

449 2725 563 2769 ipsam
600 2724 869 2757 universitatem
906 2725 1164 2770 magistrorum
1197 2733 1231 2759 et
1271 2727 1465 2761 scolarium
1510 2729 1771 2762 Parisiensium
1802 2740 1845 2761 ex
1877 2727 2001 2769 altera,
2036 2737 2147 2771 super
2180 2725 2332 2770 quadam

450 2803 587 2823 summa
609 2790 762 2835 pecunie
780 2791 924 2824 materia
943 2792 1162 2843 questioniS,
1182 2793 1353 2827 dominus
1370 2794 1576 2828 Alexander
1593 2807 1683 2841 papa
1699 2802 1850 2840 quartus
1866 2806 1934 2828 nos
1955 2793 2204 2834 Octavianum,
2225 2792 2334 2825 mise-

446 2857 584 2891 ratione
602 2857 723 2889 divina
746 2857 872 2890 Sancte
894 2858 1006 2890 Marie
1024 2859 1061 2891 in
1078 2859 1145 2893 Via
1169 2861 1252 2893 Lata
1274 2860 1466 2894 diaconum
1489 2862 1723 2903 cardinalem,
1740 2861 1923 2895 concessit
1939 2861 1976 2894 in
1997 2871 2104 2894 causa
2123 2858 2333 2904 hujusmodi

446 2923 619 2969 predictis
652 2922 813 2967 partibus
843 2923 1056 2957 auditorem.
1089 2926 1418 2961 Procurationihus
1448 2928 1560 2974 igitur
1590 2929 1743 2974 partium
1771 2929 1807 2962 in
1833 2934 1956 2962 nostra
1986 2926 2169 2973 presentia
2198 2924 2335 2959 consti-,

582 2982 620 3004 48.
