2618 3640
680 432 727 453 AB
762 431 1006 453 ALEXANDRO
1041 432 1090 453 111
1125 432 1257 461 USQUE
1291 432 1340 454 AD
1374 432 1514 454 ANNUM
1548 433 1637 455 MCC.
2081 425 2102 458 9

219 504 389 539 Christus
416 517 490 538 non
517 505 565 538 sit
597 505 734 550 aliquid
769 505 971 538 secundum
1006 505 1104 551 quod
1134 505 1255 539 homo.
1288 506 1340 538 Ne
1370 512 1488 539 autem
1518 512 1612 539 tanta
1644 507 1760 551 possit
1790 507 1827 539 in
1854 507 2008 541 ecclesia
2036 509 2101 541 Dei

218 571 347 607 abusio
369 571 529 605 suboriri
544 571 603 606 vel
623 584 727 606 error
747 572 884 614 induci,
907 572 1121 606 fraternitati
1142 579 1202 606 tue
1223 585 1289 618 per
1308 572 1507 618 apostolica
1528 573 1661 618 scripta
1683 574 1910 615 mandamus,
1932 575 2102 619 quatinus

218 639 428 673 convocatis
457 639 643 685 magistris
671 639 851 673 scolarum
887 640 1149 673 Parisiensium
1184 635 1220 673 et
1253 639 1487 673 Remensium
1519 647 1555 673 et
1583 640 1733 673 aliarum
1763 641 2102 686 circumpositarum

218 706 402 740 civitatum
432 706 644 740 auctoritate
671 713 796 740 nostra
824 706 893 740 sub
919 706 1144 740 anathemate
1174 707 1384 748 interdicas,
1416 719 1462 739 ne
1490 707 1572 752 quis
1601 707 1645 740 de
1673 714 1795 741 cetero
1826 708 1947 741 dicere
1975 709 2105 742 audeat

219 772 405 807 Christum
433 785 507 806 non
534 785 617 807 esse
646 773 783 819 aliquid
814 774 1016 807 secundum
1047 775 1145 819 quod
1176 774 1299 816 homo,
1325 774 1408 819 quia
1436 774 1531 807 sicut
1559 787 1668 807 verus
1698 776 1798 808 Deus
1832 775 1879 808 ita
1909 788 2018 809 verus
2048 783 2104 809 est

219 839 328 873 homo
351 851 395 873 ex
413 839 531 873 anima
550 841 723 874 racionali
747 848 782 875 et
802 841 957 874 humana
977 853 1085 875 carne
1109 841 1330 875 subsistens.
1356 842 1444 874 Data
1464 842 1575 874 Veste
1596 842 1643 886 xij
1669 841 1738 874 kal.
1763 843 1894 875 Martii.

312 939 382 964 Bihl.
399 939 533 963 Arsenulis
556 939 640 963 Paris.
658 948 706 963 ms.
723 941 778 968 379,
796 940 840 963 fol.
859 941 909 963 39⁸.
932 940 1008 972 Apud
1027 939 1181 972 Friedberg,
1198 948 1220 964 c.
1243 941 1265 968 7,
1287 941 1316 970 Χ,
1342 940 1378 964 De
1398 940 1547 969 haereticis,
1569 940 1638 964 sieut
1661 943 1687 964 et
1706 941 1778 972 apud
1802 941 1895 969 Munsi,
1922 941 2016 972 Ampl·
2041 941 2103 966 coll.

218 984 316 1009 concil.
333 985 398 1014 XXI,
415 985 486 1013 1081,
501 993 643 1016 perperam
658 984 757 1016 legitur
773 985 831 1016 «xij
847 985 899 1008 kal.
917 985 979 1008 Maii
995 993 1017 1008 ».

224 1156 299 1194 10.
322 1165 492 1192 Alexander
512 1167 561 1191 III
580 1166 718 1201 magistro
744 1165 871 1192 Gerar-do
889 1165 1054 1201 Pucellae⁴‚
1081 1170 1112 1192 ut
1137 1175 1227 1202 usque
1248 1166 1289 1192 ad
1310 1167 1532 1202 quadriennium
1553 1167 1580 1193 si
1600 1166 1716 1193 scholas
1738 1168 1846 1193 referit
1867 1167 2007 1203 redditus,
2032 1173 2103 1204 quos

309 1214 397 1241 habet
412 1215 441 1241 in
455 1214 572 1250 Anglia,
586 1214 675 1241 libere
691 1215 718 1241 ei
733 1218 761 1240 et
775 1215 837 1241 sine
852 1214 1041 1242 diminutione
1056 1215 1218 1242 reddantur
1234 1217 1262 1242 in
1278 1216 1393 1251 εεΙιοΙὶε,
1406 1225 1456 1242 nec
1471 1219 1591 1251 cogatur
1606 1217 1685 1251 infra
1702 1217 1850 1242 terminum
1867 1217 1960 1253 ipsum
1975 1217 2100 1252 scholas,

308 1263 367 1290 nisi
380 1272 451 1290 casu
465 1264 656 1299 necessitatis,
674 1263 826 1291 dimittere.

1405 1329 1480 1358 1178,
1496 1328 1629 1355 Februarii
1642 1329 1665 1359 7,
1682 1329 1816 1362 Anagniae.

308 1413 517 1447 Alexander
540 1414 738 1460 episcopus
759 1426 889 1448 servus
915 1427 1106 1448 servorum
1128 1415 1194 1448 Dei
1216 1415 1350 1448 dilecto
1372 1415 1447 1448 filio
1468 1416 1643 1461 magistro
1665 1417 1709 1450 G.
1734 1417 1884 1449 salutem
1908 1423 1943 1449 et
1963 1424 2104 1462 aposto-

218 1479 324 1513 licam
355 1479 664 1514 benedictionem.
697 1481 941 1515 Attendentes
973 1482 1210 1515 litteraturam
1244 1489 1279 1515 et
1310 1482 1497 1515 scientiam
1528 1489 1642 1524 tuam,
1678 1490 1714 1516 et
1743 1484 1926 1528 quomodo
1957 1496 2105 1529 compo-v

219 1547 353 1581 sitione
387 1560 528 1581 morum
562 1554 598 1581 et
628 1547 819 1582 honestate
853 1549 904 1582 sis
937 1548 1103 1594 preditus
1129 1549 1370 1582 nihilominus
1406 1550 1624 1595 cogitantes,
1659 1550 1827 1595 cogimur
1857 1551 2041 1584 communi
2071 1558 2107 1584 et

219 1614 369 1660 speciali
390 1614 513 1648 debito
534 1615 607 1648 tuis
629 1615 855 1661 profectibus
877 1622 912 1649 et
932 1616 1169 1650 incrementis
1195 1616 1401 1658 intendere,
1423 1623 1459 1650 et
1479 1617 1590 1650 multa
1611 1616 1675 1650 tibi
1701 1617 1926 1663 benignitate
1949 1618 2103 1651 deferre.

220 1682 434 1727 Eapropter,
457 1682 589 1715 dilecte
615 1682 652 1715 in
675 1683 830 1715 Domino
853 1682 918 1725 fili,
936 1695 1018 1716 cum
1040 1683 1109 1717 sub
1130 1684 1342 1729 magisterio
1364 1691 1425 1717 tuo
1447 1684 1550 1717 multi
1571 1696 1636 1730 pcr
1657 1685 1723 1717 Dei
1743 1685 1894 1730 gratiam
1917 1685 2108 1730 proficiant

219 1748 256 1781 in
291 1748 442 1782 scientia
476 1748 696 1791 litterarum,
731 1750 943 1783 auctoritate
978 1750 1044 1783 tibi
1078 1751 1277 1796 apostolica
1313 1751 1483 1784 duximus
1518 1751 1803 1797 indulgendum,
1838 1759 1876 1785 ut
1911 1764 2027 1798 usque
2062 1753 2106 1786 ad

219 1815 515 1861 quadriennium,
543 1816 574 1849 si
599 1816 719 1849 scolas
745 1817 898 1859 rexeris,
922 1817 1088 1851 redditus
1115 1818 1165 1851 tui
1192 1830 1285 1864 quos
1311 1817 1424 1851 habes
1445 1819 1482 1851 in
1502 1818 1635 1864 Anglia
1656 1819 1794 1852 nullius
1819 1820 2107 1853 contradictione

218 1881 277 1916 vel
303 1882 547 1928 appellatione
574 1882 741 1917 obstante
770 1883 885 1917 libere
913 1884 978 1917 tibi
1002 1891 1037 1918 et
1060 1885 1139 1918 sine
1163 1885 1405 1918 diminutione
1432 1885 1594 1931 qualibet
1619 1886 1818 1919 reddantur
1843 1887 1879 1919 in
1907 1887 2032 1929 scolis,
2059 1887 2107 1920 ita

220 1949 382 1995 quidem,
410 1955 450 1982 ut
476 1949 568 1982 nulli
595 1950 648 1984 sas
675 1951 723 1984 sit
750 1950 815 1984 tibi
849 1951 1021 1996 quidnam
1050 1952 1095 1985 de
1123 1952 1197 1985 illis
1232 1952 1438 1986 redditibus
1469 1953 1674 1986 diminuere
1701 1953 1759 1987 vel
1788 1953 2016 1996 subtrahere,
2047 1961 2108 1988 aut

219 2016 314 2050 circa
341 2028 400 2050 res
427 2023 508 2050 tuas
534 2017 733 2051 indebitam
770 2018 972 2052 molestiam
1001 2019 1059 2052 vel
1089 2031 1284 2065 gravamen
1314 2020 1467 2062 inserre3
1504 2032 1571 2053 nec
1606 2021 1750 2066 cogaris
1785 2021 1876 2054 infra
1911 2022 2105 2054 terminum

219 2083 339 2129 ipsum
370 2083 489 2117 scolas
521 2083 717 2126 dimittere,
749 2085 820 2118 nisi
850 2085 958 2119 alicui
990 2086 1160 2128 ecclesie,
1187 2087 1224 2119 in
1255 2099 1324 2132 qua
1349 2094 1584 2133 personatum
1610 2087 1668 2121 vel
1689 2100 1859 2133 magnum
1887 2088 2104 2122 beneficium

216 2148 366 2192 habeas,
393 2162 434 2183 ea
463 2151 664 2185 necessitas
694 2151 931 2194 imminuerit,
966 2153 1063 2198 quod
1099 2154 1228 2187 merito
1258 2161 1351 2187 tuam
1387 2154 1456 2187 sibi
1484 2154 1619 2187 debeas
1644 2155 1864 2200 presentiam
1891 2162 1925 2188 et
1952 2156 2106 2201 patroci-

220 2217 321 2250 nium
343 2217 529 2251 exhibere.
554 2219 631 2252 Dat.
655 2219 822 2264 Anagnie
843 2220 890 2265 vij
912 2220 961 2253 id.
981 2219 1182 2254 Februarii.

314 2301 378 2326 Rec.
392 2303 440 2327 des
454 2302 561 2328 Histor.
577 2304 624 2328 des
641 2303 747 2328 Gaules
762 2304 812 2333 XV,
829 2306 884 2328 953.
900 2319 932 2323 —
948 2305 1045 2337 Migne,
1061 2306 1172 2330 Pacrol.
1191 2306 1251 2335 lat.¹
1268 2309 1330 2330 tom.
1348 2307 1398 2335 CC,
1414 2315 1440 2338 p.
1458 2307 1527 2330 1157.

315 2377 337 2401 1.
348 2377 436 2409 Ipsius
451 2377 552 2410 scripta
567 2379 672 2402 saeculo
687 2379 747 2403 XIII
759 2379 864 2403 ineunte
879 2380 965 2404 adhuc
980 2381 1145 2412 legebantur,
1158 2385 1183 2405 et
1198 2382 1326 2413 magister
1341 2382 1540 2414 Praepositinus
1558 2382 1583 2405 in
1599 2389 1646 2405 sun
1664 2383 1784 2407 Summa
1799 2382 1862 2406 citat
1877 2382 1932 2414 ejus
1949 2382 2104 2406 sententium

220 2421 291 2445 circu
310 2422 414 2446 divinus
434 2430 563 2454 personas
582 2423 624 2446 his
649 2423 738 2447 verbis
758 2432 764 2448 ι
787 2433 798 2446 α
821 2425 933 2456 Propter
951 2425 1000 2448 hoc
1019 2425 1122 2449 dixerut
1142 2426 1271 2458 magister
1290 2427 1320 2450 G.
1342 2427 1442 2454 Puella,
1463 2427 1533 2458 quod
1554 2427 1602 2450 hoc
1623 2435 1717 2450 nomen
1738 2435 1852 2458 persona
1871 2427 1948 2451 aliter
1973 2427 2106 2459 signifieat.

221 2466 339 2490 divinum
354 2470 477 2490 naturum
493 2475 572 2499 quum
587 2467 636 2491 hoc
651 2476 746 2491 nomen
762 2469 876 2492 essentia
892 2478 913 2493 υ.
931 2470 950 2493 Ε
966 2469 1056 2493 multis
1073 2478 1136 2494 mss,
1154 2472 1187 2494 cf.
1204 2470 1272 2494 Bibl.
1291 2474 1343 2494 nat.
1361 2471 1445 2494 Paris.
1463 2479 1511 2494 ms.
1529 2471 1574 2494 lat.
1593 2471 1678 2499 14526,
1695 2471 1739 2495 sol.
1756 2471 1791 2495 3¹¹.

226 2639 249 2677 1
260 2639 282 2677 1
292 2668 302 2678 .
323 2648 493 2676 Alexander
507 2651 555 2675 ΙΙΙ
565 2650 704 2685 magistro
722 2650 848 2677 Gerardo
863 2650 1000 2678 Pucellae
1015 2650 1146 2678 redditus
1162 2651 1199 2677 ab
1216 2652 1278 2688 ipso
1293 2651 1459 2678 schismatis
1475 2655 1599 2688 tempore
1614 2655 1715 2689 sponte
1730 2652 1865 2679 dimissos
1881 2653 2014 2680 restituit.

1444 2762 1518 2792 1178,
1533 2762 1621 2788 Nat-tii
1633 2763 1673 2792 75.
1690 2763 1817 2789 Laterani.

311 2845 518 2881 Alexander
559 2847 757 2894 episcopus
791 2861 921 2883 servus
956 2861 1146 2883 servorum
1182 2850 1248 2883 Dei
1283 2850 1457 2896 magistro
1502 2850 1658 2884 Girardo
1701 2851 1848 2884 Pucelle
1882 2851 2034 2885 salutem
2071 2859 2106 2885 et

222 2912 458 2957 apostolicam
488 2913 797 2949 benedictionem.
829 2916 1044 2950 Litteratura
1074 2923 1133 2950 tua
1163 2929 1202 2950 ac
1234 2916 1396 2963 probitas
1425 2929 1465 2950 ac
1495 2929 1636 2950 morum
1663 2917 1836 2951 honestas
1862 2930 1928 2951 nos
1957 2925 2103 2951 monent

212 2979 445 3025 propensius
485 2987 521 3014 et
553 2980 756 3024 hortantur,
792 2989 832 3016 ut
865 2989 899 3017 te
933 2983 1028 3017 sicut
1061 2983 1230 3029 probum,
1266 2983 1459 3018 honestum
1500 2991 1536 3018 et
1572 2984 1767 3018 litteratum
1803 2985 1918 3018 virum
1959 2985 2103 3018 sincero

350 3038 447 3063 eharae.
471 3038 550 3064 Unio.
569 3039 665 3066 Paris.
682 3039 704 3065 1.
1965 3043 1978 3066 ²
