2580 3528
10 3017 22 3079 ,stu-3
4 2610 22 3008 μὴ’,ἈΜᾞ-φν-ιωφε-’νς-στ
2 2430 16 2603 υψνῆᾱὶμθ
2 2406 4 2411 “
6 2375 9 2377 ·
0 2338 3 2348 “
2 2298 5 2302 '
2 2279 6 2283 ⁴
1 2247 4 2250 ⁴
20 2175 24 2178 ,

249 443 346 483 1245]
587 453 634 475 ΑΒ
669 453 776 474 Anno
810 452 887 475 mcc
924 452 1057 481 usqua
1092 453 1140 474 Αι)
1175 452 1405 474 ramerum
1441 452 1480 474 [v
1515 453 1604 475 ase.
1642 453 1778 475 samse.
2060 444 2123 477 183

246 526 392 572 sintque
421 526 562 559 dociles
582 531 618 560 et
637 525 793 559 habeant
816 526 975 559 animum
996 526 1041 559 ad
1061 526 1297 567 studendum,
1324 532 1363 559 ut
1387 526 1516 559 merito
1538 526 1582 559 de
1608 526 1771 571 ipsorum
1794 527 1957 571 profectu
1976 527 2122 572 ‚sperari

245 593 374 634 valeat,
401 588 665 627 ministrentur.
702 593 806 627 Circa
841 605 934 638 quos
968 593 1074 626 etiam
1110 593 1206 626 illam
1241 592 1411 626 volumus
1444 592 1610 626 adhiberi
1644 593 1834 634 cautelam,
1865 600 1905 626 ut
1933 593 1965 626 si
1995 605 2120 626 eorum

243 660 387 705 aliquos
414 671 488 693 non
512 666 762 706 competenter
786 659 988 693 secundum
1011 659 1186 705 temporis
1206 659 1440 705 quantitatem
1462 659 1665 705 profecisse
1684 660 1903 701 constiterit,
1926 659 2001 693 illis
2022 667 2123 705 post-

244 726 391 761 modum
425 738 685 772 nonnunquam
716 738 760 760 ex
789 727 974 772 preteritis
1004 727 1213 772 conjectura
1243 733 1406 760 sumatur
1440 725 1641 771 probabilis
1671 726 1716 759 de
1746 726 1879 759 suturis
1909 725 2119 772 hujusmodi

242 792 388 826 licentia
407 793 556 827 minime
577 793 766 827 tribuatur.
790 793 1101 835 Contradictorcs,
1122 799 1186 828 etc.

334 891 396 923 neg.
413 891 471 915 Vnt.
488 891 632 916 Innocentii
648 892 681 915 lv
696 900 737 915 an.
756 893 778 920 2,
794 900 855 923 epp.
872 900 926 915 rur.
945 896 974 915 11⁰
990 892 1027 919 13,
1046 892 1090 915 tol.
1108 893 1162 915 208.
1178 906 1209 910 -—
1224 892 1331 924 Boi-ger,
1355 893 1406 917 Les
1426 892 1568 924 Reyx‘stres
1580 892 1750 917 d'lnnocent
1763 892 1814 920 IV,
1831 896 1860 915 η’*
1875 892 1944 915 1366.
1961 906 1991 909 -
2007 892 2121 916 Litterae

240 935 368 968 temporis
382 939 444 960 nota
459 939 556 960 carent.

245 1063 353 1101 146.
376 1073 557 1100 Innocentius
575 1074 620 1100 IV
632 1073 789 1100 abbatibus
807 1074 874 1100 Ord.
901 1074 1015 1100 Cisterc.
1039 1074 1067 1100 iu
1086 1074 1218 1109 generali
1238 1074 1366 1110 capitulo
1389 1074 1510 1100 mandat
1532 1078 1563 1100 ut
1583 1073 1710 1100 studium
1733 1073 1895 1108 theologiae
1910 1073 2036 1100 Parisiis
2051 1071 2115 1109 ja'm

329 1122 471 1159 mceptum
485 1122 607 1158 fer-venti
620 1122 766 1149 desiderio
781 1123 918 1159 amplecti
931 1122 1078 1149 studeant.

1407 1173 1482 1202 124⁵,
1499 1172 1659 1205 Septembri·
1672 1174 1698 1203 4.
1713 1173 1829 1205 Lugduni.
1919 1190 1921 1193 ψ
1968 1166 1972 1171 ’
2007 1168 2031 1197 ’,ἱ

328 1247 565 1280 Innocentius
585 1247 782 1292 episcopus
807 1259 937 1281 servus
963 1259 1152 1280 servorum
1179 1248 1245 1280 Dei
1270 1247 1414 1280 dilectis
1438 1247 1524 1280 filiis
1543 1274 1564 1280 ..
1583 1247 1752 1281 Cistercii
1772 1273 1793 1279 ..
1817 1247 1861 1280 de
1888 1231 2072 1280 Firinitate
2091 1273 2113 1279 ..

239 1312 284 1346 de
304 1313 541 1359 Pontigniaco
565 1339 586 1346 ..
609 1313 654 1346 de
675 1313 875 1348 Claravalle
895 1340 915 1346 ..
939 1313 984 1347 de
1005 1314 1251 1355 Morimundo‚
1274 1326 1314 1347 ac
1335 1314 1519 1347 universis
1539 1314 1620 1347 aliis
1640 1313 1833 1347 abbatibus
1854 1313 2115 1347 Cisterciensis

238 1378 388 1413 Ordinis
407 1379 445 1412 in
464 1379 628 1425 generali
647 1379 806 1426 capitulo
827 1380 1061 1426 congregatis
1083 1379 1235 1413 salutem
1257 1387 1293 1414 et
1316 1380 1551 1426 apostolicam
1578 1379 1886 1413 benedictionem.
1916 1379 2114 1425 Diligentie

237 1445 359 1479 studio
384 1445 686 1492 contemplantes,
715 1447 813 1492 quod
841 1446 1034 1492 religionis
1061 1453 1182 1480 vestre
1210 1447 1401 1480 sinceritas
1427 1447 1551 1492 dignis
1572 1447 1734 1492 undique
1760 1446 1908 1480 laudum
1930 1447 2118 1492 preconiis

236 1512 424 1555 exaltatur,
445 1513 489 1546 ad
511 1525 552 1547 ea
572 1525 643 1559 que
667 1514 780 1547 vestri
807 1513 948 1547 ordinis
978 1513 1148 1547 decorem
1174 1514 1321 1559 sapiunt
1349 1520 1381 1546 et
1408 1514 1624 1559 profectum,
1647 1525 1690 1546 ex
1715 1513 1844 1546 affectu
1871 1499 2000 1547 intimo
2018 1514 2118 1570 aspi-

236 1591 370 1613 ramus
392 1580 484 1614 Sane
504 1579 650 1634 quidam
671 1587 831 1615 vestrum
860 1580 987 1614 sedula
1015 1580 1250 1614 meditatione
1280 1587 1491 1626 pensantes,
1513 1580 1611 1626 quod
1642 1580 1709 1613 etsi
1736 1579 1908 1613 columbe
1939 1567 2117 1625 simplici*

235 1652 342 1688 tatem
370 1659 416 1680 ne
439 1646 612 1681 videlicet
639 1647 806 1693 cuiquam
837 1647 943 1681 dolos
971 1647 1227 1681 machinemini
1255 1647 1432 1689 habeatis,
1460 1647 1543 1692 quia
1571 1654 1690 1681 tamen
1720 1659 1766 1680 ne
1794 1647 1872 1692 ipsa
1900 1646 2117 1692 simplicitas

234 1709 388 1747 aliorum
418 1714 672 1760 supplantetur
703 1714 861 1756 insidiis,
888 1715 1071 1760 serpentis
1097 1714 1263 1748 astutiam
1290 1714 1490 1760 prudenter
1510 1714 1682 1748 convenit
1708 1726 1774 1747 vos
1799 1713 1949 1756 habere,
1970 1725 2052 1747 cum
2078 1713 2117 1746 in

234 1780 322 1814 vitio
343 1792 453 1827 posse
474 1781 644 1827 decipere
664 1781 722 1815 vel
743 1781 862 1827 decipi
884 1794 1010 1827 parum
1032 1781 1167 1815 distare
1188 1788 1372 1823 noscatur⁷
1394 1781 1570 1823 Parisius,
1592 1780 1653 1814 uhi
1675 1793 1763 1814 auro
1785 1781 1888 1814 locus
1909 1787 1966 1814 est
1984 1780 2022 1813 in
2043 1792 2116 1826 quo

234 1847 426 1890 conflatur,
447 1847 510 1881 ubi
530 1848 642 1882 turris
663 1849 777 1882 David
805 1861 885 1882 cum
914 1848 992 1882 suis
1013 1848 1301 1894 propugnaculis
1326 1848 1489 1882 construi
1515 1848 1720 1889 consuevit,
1742 1860 1785 1881 ex
1806 1860 1876 1892 qua
1900 1859 1974 1881 non
1995 1847 2113 1881 solum

233 1913 333 1948 mille
358 1914 568 1960 dependent
587 1914 708 1961 clipei,
731 1915 797 1948 sed
825 1915 944 1949 omnis
970 1916 1046 1948 sere
1072 1922 1250 1949 armatura
1277 1915 1438 1957 fortium,
1461 1915 1546 1948 dum
1568 1915 1822 1948 indesinenter
1842 1901 1974 1947 exinde
2001 1902 2115 1947 soi-tes

233 1993 277 2014 ex
304 1981 516 2015 fortissimis
546 1982 729 2027 prodeunt
758 1989 925 2016 tenentes
954 1982 1098 2028 gladios
1126 1989 1162 2016 et
1187 1982 1231 2015 ad
1261 1982 1355 2015 bella
1387 1982 1590 2015 doctissimi
1616 1981 1678 2027 qui
1705 1980 1871 2015 ambiunt
1897 1968 1962 2026 per
1987 1967 2113 2014 orbem

233 2047 395 2093 undique
428 2047 602 2082 lectulum
638 2049 856 2091 Salomonis,
887 2049 1016 2083 domos
1051 2049 1202 2083 idoneas
1236 2056 1521 2083 construxerunt
1553 2049 1590 2082 in
1625 2048 1760 2094 quibus
1794 2048 1837 2081 ad
1872 2047 2112 2081 hauriendum

233 2121 344 2160 aquas
363 2115 464 2148 vivas
490 2115 527 2148 in
548 2115 682 2161 gaudio
710 2115 755 2149 de
782 2115 946 2150 sontibus
967 2116 1163 2150 Salvatoris
1183 2116 1228 2149 ad
1248 2116 1511 2150 addiscendum
1532 2115 1652 2161 legem
1678 2114 1941 2148 immaculatam
1966 2114 2113 2148 Domini

232 2180 370 2215 animas
399 2188 685 2224 convertentem,
715 2182 882 2216 nonnulli
912 2195 1058 2228 semper
1087 2183 1133 2216 de
1166 2183 1300 2216 vestris
1335 2182 1523 2216 monachis
1556 2181 1785 2223 residebunt,
1816 2181 1878 2227 qui
1908 2193 1989 2215 cum
2016 2180 2113 2214 docti

231 2247 367 2281 suerint
396 2247 433 2281 in
462 2247 591 2281 ordine
619 2255 742 2282 vestro
768 2249 869 2283 velut
888 2249 1064 2295 splendor
1090 2249 1254 2295 fulgeant
1277 2249 1506 2291 firmamenti,
1534 2261 1574 2282 ac
1594 2248 1685 2282 alios
1705 2248 1757 2282 sic
1779 2247 1944 2281 eruditos
1968 2247 2112 2288 faciant,

233 2320 272 2347 ut
291 2326 358 2347 nec
379 2325 443 2347 eos
467 2314 597 2348 astutia
625 2315 759 2361 prefata
787 2315 906 2361 decipi
937 2315 1221 2362 supplantatoris
1253 2315 1394 2361 laqueis
1427 2315 1594 2361 patiatur,
1625 2315 1734 2348 immo
1765 2314 1860 2347 sicut
1889 2312 2014 2347 stellas
2043 2313 2113 2346 celi

232 2392 305 2414 non
333 2380 513 2427 extinguit
541 2393 626 2423 nox,
656 2381 709 2415 sic
739 2388 879 2415 mentes
907 2382 1069 2428 ipsorum
1100 2382 1312 2416 inherentes
1340 2382 1567 2415 firmamento
1592 2393 1694 2414 sacre
1719 2381 1899 2426 scripture
1930 2379 2112 2413 mundane

231 2447 433 2494 iniquitatis
462 2446 712 2481 umbraculum
743 2460 816 2482 non
846 2447 1030 2482 obscuret.
1065 2450 1117 2481 De
1147 2460 1219 2494 quo
1250 2455 1346 2482 tanto
1377 2448 1543 2494 ampliori
1573 2447 1815 2493 gratulatione
1844 2446 1954 2479 animi
1979 2447 2112 2492 jocun-

231 2513 370 2556 damur,
401 2526 441 2548 ac
471 2514 623 2560 spiritus
648 2521 774 2548 noster
799 2515 833 2548 in
862 2515 1016 2549 Domino
1043 2522 1239 2557 recreatur,
1266 2522 1400 2560 quanto
1426 2527 1469 2548 ex
1489 2514 1699 2559 hujusmodi
1725 2513 1806 2547 facti
1828 2510 2111 2547 circumstantiis

230 2581 489 2626 cognoscimus
510 2581 716 2615 evidentius
737 2588 843 2627 atque
864 2582 1000 2615 scimus
1022 2594 1086 2628 per
1106 2581 1174 2615 hoc
1202 2581 1391 2615 utilitatem
1414 2581 1525 2615 totius
1546 2581 1687 2614 ordinis
1708 2580 1908 2626 procurari.
1932 2581 1979 2614 Ut
1998 2579 2113 2625 igitur

230 2647 327 2693 quod
356 2654 426 2682 tam
456 2655 581 2682 sancto
611 2655 645 2682 et
675 2649 828 2694 provido
862 2655 918 2682 est
951 2648 1156 2682 inchoatum
1191 2649 1371 2694 principio
1406 2648 1489 2682 finis
1524 2637 1718 2681 laudabilis
1752 2647 1888 2680 exitum
1921 2646 2110 2687 sortiatur,

229 2714 502 2749 universitatem
534 2722 690 2750 vestram
720 2727 893 2761 rogamus
920 2722 956 2749 ct
987 2727 1178 2749 monemus
1208 2722 1342 2749 attente
1377 2727 1442 2761 per
1472 2714 1670 2761 apostolica
1704 2713 1811 2748 vobis
1846 2713 1980 2759 scripta
2013 2725 2113 2746 man-

230 2780 374 2823 dantes,
408 2782 580 2828 quatinus
617 2782 849 2816 considerato
888 2783 1100 2829 prudenter,
1141 2782 1239 2828 quod
1277 2783 1452 2829 ignorans
1490 2781 1720 2827 ignorabitur
1754 2787 1791 2814 et
1823 2780 1886 2826 qui
1921 2780 2109 2814 scientiam

230 2848 376 2894 repulit,
397 2855 438 2883 ut
456 2861 529 2883 non
558 2850 731 2895 fungatur
754 2849 972 2891 sacerdotio,
1001 2849 1199 2896 repelletur
1218 2862 1236 2883 a
1263 2850 1432 2891 Domino,
1455 2861 1535 2882 cum
1563 2849 1600 2882 in
1626 2847 1731 2894 culpa
1752 2848 1883 2881 existat
1906 2846 2111 2893 ignorantia

229 2914 389 2949 affectata
414 2927 421 2949 :
447 2915 657 2961 hujusmodi
690 2916 864 2958 studium,
891 2916 989 2962 quod
1018 2916 1104 2950 alibi
1134 2928 1239 2962 quam
1271 2916 1307 2949 in
1336 2916 1480 2950 civitate
1507 2915 1643 2961 prefata
1670 2914 1749 2948 fieri
1777 2913 2030 2960 prohibemus,
2059 2912 2112 2946 sir.

230 2980 397 3027 amplecti
423 2982 578 3017 ferventi
605 2980 791 3016 desiderio
818 2983 1009 3025 studeatis,
1031 2983 1129 3029 quod
1158 2983 1258 3017 viros
1287 2983 1466 3016 litteratos
1491 2981 1816 3027 habere'possitis,
1839 2991 1904 3026 per
1923 2990 2016 3024 quos
2037 2990 2109 3011 non
