2580 3528
254 377 349 418 1275]
586 387 634 410 An
667 387 774 410 Auno
808 387 887 410 uec
921 387 1056 416 usQus
1092 389 1142 410 An
1177 388 1410 412 rmLirrtm
1444 390 1485 412 ιν
1519 391 1610 413 nnc.
1648 392 1784 414 rumne.
2062 386 2127 418 519

246 503 362 541 457.
387 513 515 548 Gregorii
534 513 566 539 X
578 512 694 539 litterae
708 512 749 539 ad
765 512 945 540 Guillelmum
957 514 1131 550 provisorem
1151 517 1179 540 et
1194 514 1347 549 magistros
1370 514 1469 540 domus
1491 514 1527 541 de
1549 515 1686 550 Sarbena,
1708 516 1811 551 quibus
1834 517 1963 543 coneedit
1984 527 2018 544 ne
2042 523 2125 545 extra

438 561 581 588 civitatem
595 561 791 588 Parisiensem
806 562 835 588 in
844 563 896 598 jus
912 562 1067 589 trahantur
1080 571 1168 599 super
1183 562 1264 589 bonis
1280 572 1356 599 quae
1371 563 1487 590 liabent.

1460 663 1536 693 1276,
1550 663 1670 689 danuvii
1680 664 1706 693 5,
1722 663 1838 696 Lugduni.

336 735 541 781 Gregorius
573 735 770 782 episcopus
801 747 931 770 servus
963 748 1153 770 servorum
1181 736 1247 769 Dei
1277 735 1422 770 dilectis
1445 736 1530 770 filiis
1559 764 1580 770 ..
1610 738 1809 783 provisori¹
1837 745 1873 771 et
1900 739 2122 784 pauperibus

248 801 433 848 magistris
462 802 594 836 domus
623 802 669 836 de
697 803 778 836 vico
808 802 851 836 ad
889 809 1011 848 portas
1045 809 1127 836 ante
1161 803 1331 849 palatium
1367 803 1412 837 de
1446 803 1615 838 Thermis
1650 805 1812 838 Parisius
1846 805 1883 838 in
1920 804 2124 851 theologica

246 868 413 902 facultate
447 868 681 903 studentibus
715 869 868 903 salutem
899 876 933 903 et
963 869 1197 916 apostolicam
1232 869 1541 904 benedictionem.
1581 872 1712 904 Vestre
1742 871 1882 905 meritis
1916 872 2123 905 devotionis

246 935 454 969 inducimur
473 942 513 969 ut
534 947 600 970 vos
619 936 769 982 speciali
796 947 1060 982 prosequamur
1079 937 1194 982 gratia
1215 943 1251 970 et
1269 938 1403 971 favore.
1423 937 1514 970 Hinc
1536 944 1593 971 est
1617 938 1715 983 quod
1742 950 1809 972 nos
1829 939 1963 972 vestris
1984 939 2124 984 suppli-

246 1001 451 1036 cationibus
471 1002 634 1036 inclinati
658 1002 764 1037 vobis
788 1003 1000 1037 auctoritate
1024 1004 1248 1049 presentium
1271 1003 1507 1050 indulgemus
1524 1011 1565 1038 ut
1589 1011 1639 1046 tu,
1658 1004 1723 1046 fili,
1746 1005 1929 1050 provisor,
1952 1017 2016 1039 seu
2039 1018 2123 1051 pro-

245 1075 432 1104 curatores
454 1081 548 1115 quos
569 1070 613 1103 ad
635 1070 881 1116 promovenda
904 1071 1050 1116 negotia
1073 1070 1204 1104 domus
1224 1077 1345 1104 vestre
1366 1071 1543 1105 duxeritis
1560 1071 1797 1113 ordinandos,
1821 1079 1918 1106 extra
1940 1072 2120 1106 civitatem

246 1137 487 1170 Parisiensein
510 1149 622 1183 super
641 1136 748 1171 bonis
769 1149 840 1183 que
861 1138 952 1171 infra
969 1137 1149 1171 civitatem
1171 1144 1206 1171 et
1226 1137 1401 1171 diocesim
1428 1138 1625 1172 Parisiens.
1649 1137 1803 1180 habetis,
1830 1145 1890 1172 aut
1914 1138 2120 1172 actionibus

245 1203 515 1249 personalibus,
537 1204 697 1249 quandiu
719 1204 831 1250 parati
854 1204 996 1238 fueritis
1026 1216 1146 1238 coram
1171 1204 1372 1238 venerabili
1399 1205 1508 1238 fratre
1534 1212 1660 1239 nostro
1679 1232 1700 1238 ..
1723 1206 1919 1239 parisiensi
1946 1206 2120 1251 episcopo

244 1276 340 1304 stare
357 1270 445 1316 juri,
470 1283 488 1304 a
509 1282 690 1316 quoquam
711 1270 802 1304 trahi
824 1282 897 1304 non
923 1271 1074 1316 possitis
1094 1271 1132 1304 in
1152 1283 1296 1304 causam
1319 1283 1384 1317 per
1408 1271 1547 1305 litteras
1570 1272 1790 1318 apostolicas
1811 1284 1881 1318 que
1907 1273 1951 1306 de
1977 1272 2118 1306 indulto

244 1336 453 1382 hujusmodi
474 1337 615 1383 plenam
638 1343 673 1371 et
693 1349 901 1383 expressam
928 1349 1002 1370 non
1026 1338 1180 1371 fecerint
1204 1338 1438 1371 mentionem.
1461 1338 1700 1372 Prffsentibus
1722 1346 1805 1384 post
1827 1339 2118 1385 quinquennium

244 1404 391 1438 minime
425 1404 602 1438 valituris.
638 1403 736 1437 Nulli
770 1416 872 1450 ergo,
907 1410 987 1445 etc.‚
1019 1411 1144 1438 nostre
1178 1405 1446 1447 concessionis,
1480 1410 1544 1439 etc.
1581 1406 1618 1439 Si
1653 1406 1735 1451 quis
1769 1412 1901 1447 autem,
1937 1412 2000 1440 etc.
2038 1408 2116 1440 Dat.

243 1471 412 1517 Lugduni
433 1482 519 1504 non.
540 1471 713 1512 Januarii,
736 1470 968 1517 pontificatus
989 1471 1105 1504 nostri
1126 1483 1222 1504 anno
1243 1471 1364 1504 tertio.

335 1569 398 1601 1103.
410 1569 467 1593 Vnt.
483 1569 606 1602 Gregorii
620 1569 640 1593 Χ
655 1577 698 1593 an.
714 1570 737 1598 3,
753 1577 795 1602 ep.
811 1570 850 1598 ³³,
866 1569 912 1593 fol.
929 1569 983 1593 163.
994 1569 1203 1598 —llemeraeus,
1219 1570 1362 1595 Sorbonae
1376 1569 1507 1600 oriqine&
1521 1569 1589 1593 Bihl.
1605 1573 1658 1593 nat.
1673 1570 1768 1598 Paris„
1780 1578 1829 1594 ms.
1841 1570 1887 1594 lat.
1900 1571 1970 1598 5493,
1987 1570 2031 1594 sol.
2044 1570 2115 1594 233⁵.

240 1613 379 1643 sont-inin,
395 1618 424 1637 n‘·
438 1614 494 1643 2³³,
510 1613 555 1638 ubi
570 1613 636 1638 istae
650 1617 677 1637 et
689 1613 793 1638 litterae
807 1618 837 1637 n⁰
850 1614 897 1638 45⁹
911 1613 996 1638 editae
1010 1621 1151 1646 perperam
1167 1614 1200 1638 ud
1215 1622 1259 1639 an.
1275 1614 1338 1638 1273
1352 1614 1432 1645 (1274)
1448 1616 1607 1638 referuntur.

335 1698 358 1722 1.
376 1697 518 1723 Guillelmo
533 1698 565 1722 de
579 1698 848 1722 Monte-Morenciaco.
864 1698 929 1722 Vide
944 1698 1014 1723 inl'rn
1027 1703 1057 1722 n⁰
1071 1699 1126 1722 469.

237 1906 352 1945 458.
378 1916 506 1952 Gregorii
530 1917 559 1942 X
575 1915 691 1943 litterae
710 1914 751 1942 ad
772 1915 951 1942 Guillelmum
968 1916 1143 1952 provisorem
1168 1919 1195 1942 et
1214 1915 1369 1950 magistros
1390 1914 1491 1941 domus
1512 1914 1672 1949 Sor-bonae,
1695 1918 1726 1941 ut
1746 1914 1820 1941 bona
1840 1915 1912 1951 ipsis
1932 1924 1951 1941 a
1973 1915 2112 1950 magistro

329 1964 479 2000 Gaus'rido,
496 1964 606 1992 decano
621 1965 792 2000 Par-leiensi,
809 1963 927 1999 collata,
951 1964 1078 2000 vendere,
1095 1964 1235 1998 alienare,
1253 1968 1316 1999 etc„
1334 1972 1518 2000 nequaquam
1533 1964 1596 1999 cogi
1609 1963 1730 1999 possint.

1445 2062 1523 2093 1276,
1537 2062 1658 2089 danuam·
1669 2063 1694 2092 5.
1711 2062 1826 2095 Lugduni.

327 2138 533 2184 Gregorius
557 2138 754 2185 episcopus
783 2150 913 2172 servus
947 2149 1136 2172 servorum
1172 2138 1238 2170 Dei
1273 2137 1417 2171 dilectis
1451 2137 1537 2171 filiis
1565 2163 1586 2170 ..
1614 2136 1794 2182 provisori
1825 2143 1861 2170 et
1890 2135 2112 2182 pauperibus

239 2206 423 2252 magistris
444 2205 574 2240 domus
594 2205 639 2240 de
659 2205 740 2240 vico
761 2205 806 2240 ad
831 2211 953 2252 portas
978 2212 1060 2238 ante
1080 2204 1250 2251 palatium
1274 2204 1319 2238 de
1341 2203 1509 2238 Thermis
1530 2203 1691 2237 Parisius
1716 2203 1753 2236 in
1774 2203 1979 2248 theologica
2000 2202 2112 2236 sacul-

239 2280 309 2308 tate
329 2271 563 2307 studentibus
582 2272 735 2306 salutem
756 2279 792 2306 et
809 2272 1045 2318 apostolicam
1066 2271 1373 2305 benedictionem.
1395 2270 1621 2304 Provisionis
1642 2277 1767 2304 nostre
1788 2270 1981 2315 provenire
2001 2268 2111 2302 debet

237 2340 386 2382 auxilio,
413 2346 453 2374 ut
477 2339 609 2373 domus
634 2346 768 2380 vestra,
790 2350 896 2385 quam
924 2339 1066 2372 sincera
1096 2338 1285 2384 diligimus
1306 2338 1343 2371 in
1363 2337 1518 2371 Domino
1543 2337 1704 2378 caritate,
1728 2335 1980 2382 spiritualibus
2001 2335 2109 2369 bonis

238 2406 403 2453 proficiat
422 2413 458 2440 et
478 2405 729 2452 temporalium
756 2405 997 2451 prosperitate
1021 2411 1244 2438 concrescat.
1272 2404 1364 2438 Sane
1389 2403 1516 2449 petitio
1541 2410 1661 2437 vestra
1687 2402 1794 2436 nobis
1815 2401 1972 2436 exhibita
1993 2402 2108 2436 conti—

238 2473 344 2507 nebat
379 2473 477 2519 quod
514 2473 670 2507 dilectus
699 2471 797 2506 filius
826 2471 1000 2517 magister
1028 2470 1228 2505 Gausridus
1258 2470 1303 2503 de
1334 2471 1459 2509 Barr0,
1494 2469 1655 2503 decanus
1689 2468 1844 2502 ecclesie
1875 2468 2106 2510 parisiensis,

236 2540 409 2586 quasdam
435 2540 577 2581 domos,
605 2546 733 2580 terras,
758 2538 896 2580 vineas,
923 2537 1181 2584 possessiones
1211 2543 1246 2571 et
1271 2536 1339 2570 alia
1360 2536 1454 2570 bona
1479 2536 1523 2570 ad
1545 2535 1663 2582 ipsum
1691 2536 1830 2569 ratione
1856 2547 2013 2581 persone
2041 2547 2107 2569 sue

234 2607 432 2653 spectantia
452 2613 488 2640 et
512 2606 549 2640 in
574 2606 741 2648 districtu
767 2618 806 2639 ac
836 2604 1020 2638 territorio
1046 2615 1283 2650 personarum
1307 2602 1636 2636 ecclesiasticarum
1662 2601 1914 2643 consistentia,
1940 2601 2046 2635 vobis
2071 2608 2106 2635 et

235 2673 360 2708 domui
390 2679 510 2707 vestre
536 2672 690 2707 contulit
718 2672 849 2706 intuitu
881 2670 1060 2717 pietatis¹.
1091 2671 1182 2705 Cum
1213 2670 1326 2715 igitur
1354 2669 1400 2702 se.
1428 2681 1478 2702 re.
1510 2668 1717 2702 Alexander
1746 2680 1836 2714 papa
1866 2668 2107 2714 predecessor

236 2746 361 2774 noster
385 2739 528 2774 duxerit
547 2738 777 2773 statuendum
802 2745 841 2772 ut
861 2750 933 2771 non
953 2737 1059 2771 liceat
1079 2736 1238 2771 dominis
1259 2734 1520 2782 temporalibus
1540 2734 1716 2769 ecclesias
1737 2741 1772 2768 et
1791 2746 1968 2781 personas
1989 2734 2105 2768 eccle-

235 2806 400 2841 siasticas
426 2805 647 2852 compellere
671 2805 714 2840 ad
742 2804 1016 2839 distrahendum
1047 2803 1104 2838 vel
1133 2803 1364 2837 alienandum
1390 2809 1451 2836 aut
1474 2808 1573 2836 extra
1596 2814 1739 2835 manum
1766 2813 1867 2835 suain
1895 2801 2103 2847 ponendum

235 2873 377 2916 domos,
400 2873 536 2920 predia,
559 2872 616 2907 vel
641 2884 877 2919 quascunque
898 2870 1156 2918 possessiones
1176 2869 1221 2904 ab
1246 2869 1384 2903 eisdem
1406 2868 1574 2903 ecclesiis
1595 2875 1631 2902 et
1652 2868 1821 2915 personis
1844 2867 2103 2902 ecclesiasticis

234 2939 397 2986 legitime
421 2939 596 2986 acquisita
625 2939 682 2973 vel
707 2939 813 2973 etiam
838 2937 1071 2984 acquirenda,
1104 2949 1171 2971 nos
1200 2936 1363 2982 ejusdem
1395 2935 1671 2982 predecessoris
1696 2934 1863 2980 vestigiis
1892 2933 2102 2967 inherentes
