2618 3640
679 427 726 448 AB
759 425 1002 448 ALEXANDRO
1036 425 1086 447 111
1121 425 1252 453 USQUE
1288 425 1336 446 An
1371 424 1512 446 ANNUM
1547 424 1637 446 MCC.
2065 415 2102 447 11

218 502 381 536 adiciens
398 513 437 535 se
458 501 503 534 ad
523 500 592 534 hoc
607 512 700 547 pene
717 500 810 533 ultra
831 500 930 534 vires
946 499 1126 532 facultatis
1147 511 1212 532 sue
1234 505 1367 532 certam
1386 499 1540 544 pecunie
1558 510 1733 531 summam
1757 505 1882 531 mutuo
1902 499 2102 544 accepisse.

219 569 308 603 Inde
329 575 398 611 est,
420 568 519 614 quod
543 567 819 616 universitatem
838 573 995 601 vestram
1021 567 1219 600 affectuose
1246 572 1419 611 rogantes
1442 577 1653 607 monemus,
1675 565 1847 610 quatinus
1873 565 1991 598 eidem
2018 572 2106 598 tam-

219 648 327 682 quam
352 635 454 669 fratri
479 642 516 669 et
538 634 714 669 canonico
739 641 877 676 vestro7
903 634 1098 680 presertim
1120 633 1165 666 de
1187 645 1258 678 quo
1285 633 1321 665 in
1348 632 1504 665 Domino
1531 644 1617 678 spes
1638 632 1822 665 uberioris
1845 632 1998 665 scientie
2025 645 2106 678 pre-

220 703 377 737 sumitur
397 702 435 735 in
454 701 585 744 scolis,
607 701 831 747 prebendam
858 713 924 747 per
949 700 1139 733 biennium
1166 700 1350 733 dumtaxat
1373 712 1439 745 pro
1466 699 1670 733 reverentia
1699 701 1859 732 Romane
1887 699 2042 732 ecclesie
2073 706 2109 732 et

220 782 368 816 precum
389 776 596 803 nostrarum
617 768 913 802 consideratione
934 767 1158 809 concedatis,
1180 767 1228 800 ita
1248 774 1288 800 ut
1308 773 1344 800 et
1361 767 1441 812 ipse
1457 766 1563 800 vobis
1585 767 1752 800 devotior
1769 766 1925 800 existere
1943 773 2108 799 teneatur

221 844 257 871 et
276 849 344 870 nos
364 837 496 870 exinde
517 843 587 870 tam
609 836 743 870 vestris
760 848 866 881 quam
889 835 1045 868 ecclesie
1066 841 1188 868 vestre
1209 833 1428 868 utilitatibus
1445 834 1651 880 promptius
1672 841 1709 867 et
1728 833 1924 867 sollicitius
1946 834 2106 879 aspirare

219 904 431 938 debeamus.

314 985 490 1013 Loewensald,
506 985 650 1015 Epistolae
660 984 831 1016 pontificum
843 984 1044 1008 Romanorum
1058 983 1191 1012 ineditae,
1211 992 1237 1015 p.
1256 984 1310 1006 200.
1329 997 1362 1000 —
1376 982 1529 1014 Capitulum
1548 982 1620 1006 istud
1639 982 1836 1006 versisimiliter
1851 982 2004 1006 Turonense
2026 982 2108 1006 fuisse

219 1033 332 1062 apparet
346 1038 377 1053 ex
391 1029 495 1053 duabus
510 1029 607 1053 litteris
622 1029 722 1052 ibidem
736 1029 965 1060 praecedentibus.
982 1029 1039 1052 Non
1054 1028 1142 1052 minus
1157 1027 1296 1060 probabile
1311 1031 1359 1056 est,
1376 1027 1427 1051 sub
1443 1036 1455 1051 «
1471 1027 1569 1051 scholis
1585 1035 1597 1050 »
1614 1027 1777 1051 Parisienses
1793 1026 1907 1058 intelligi
1922 1027 2027 1050 debere.

226 1191 301 1228 14.
330 1199 462 1226 Urbanus
482 1201 531 1226 III
547 1199 645 1226 domui
665 1201 692 1226 S.
715 1199 838 1226 Tltomae
857 1198 893 1225 de
913 1200 1032 1235 Lapara
1051 1199 1216 1225 Parisiensi
1235 1199 1343 1225 asserit
1360 1199 1560 1235 possessiones
1580 1207 1598 1224 (ι
1618 1198 1741 1224 Roberlo
1762 1199 1780 1223 I
1799 1198 1900 1224 comite
1920 1198 2059 1224 Drocensi
2073 1197 2109 1224 de

311 1250 411 1276 azor-is
425 1257 498 1275 suae
511 1249 632 1284 Agnetis
647 1252 675 1275 et
687 1248 815 1284 filiorum
830 1257 945 1274 suorum
961 1248 1139 1274 conniventia
1155 1249 1335 1283 assignatas.

1395 1311 1550 1341 1186-1187,
1565 1311 1628 1337 dulit*
1639 1312 1684 1340 22,
1702 1312 1821 1337 Veronae.

312 1382 483 1417 Urbanus
509 1382 707 1428 episcopus
733 1394 863 1415 servus
894 1393 1086 1415 servorum
1112 1381 1179 1414 Dei
1205 1381 1338 1414 dilecto
1369 1381 1444 1414 filio
1465 1381 1648 1415 Vuilelmo
1680 1380 1895 1426 presbytero
1927 1381 2109 1426 provisori

223 1449 354 1484 domus
379 1449 500 1483 Sancti
525 1449 664 1482 Thome
689 1449 858 1494 Martyris
884 1448 1046 1482 Par-isius
1067 1448 1218 1481 salutem
1246 1455 1281 1481 et
1306 1447 1541 1493 apostolicam
1567 1447 1875 1480 benedictionem.
1899 1448 1989 1481 Cum
2011 1448 2110 1493 prin-

222 1517 324 1563 cipes
344 1516 460 1550 seculi
481 1516 657 1550 divinitus
678 1516 844 1562 inspirati
865 1515 985 1561 aliqua
1006 1515 1051 1548 de
1071 1515 1180 1548 bonis
1202 1515 1279 1549 suis
1301 1515 1371 1561 piis
1392 1514 1523 1548 usibus
1543 1514 1738 1560 applicant⁷
1756 1515 1793 1547 in
1813 1514 1911 1547 bono
1934 1514 2110 1547 debemus

224 1595 288 1618 eos
326 1583 516 1630 proposito
555 1584 764 1625 confovere7
797 1589 833 1616 et
862 1595 908 1616 ne
937 1583 1070 1616 sactum
1100 1582 1247 1616 illorum
1286 1594 1350 1628 per
1379 1582 1534 1627 alicujus
1564 1582 1735 1615 malitiam
1765 1581 1882 1615 valeat.
1915 1582 2110 1622 immutari⁷

224 1650 465 1697 apostolieum
492 1651 546 1684 eis
576 1650 818 1696 patrocinium
848 1650 1040 1695 impertiri.
1073 1650 1174 1683 Sicut
1202 1656 1321 1683 autem
1351 1650 1389 1682 in
1418 1649 1603 1682 audientia
1637 1655 1761 1682 nostra
1783 1655 1839 1682 est
1868 1649 2110 1694 propositum,

224 1717 381 1752 dilectus
402 1717 500 1751 filius
527 1724 653 1751 noster
679 1716 814 1750 nobilis
840 1729 963 1750 comes
990 1717 1172 1750 Robertus
1194 1717 1316 1751 divine
1339 1716 1483 1762 pietatis
1507 1728 1629 1749 amore
1656 1716 1830 1761 quasdam
1857 1716 2000 1758 domos,
2023 1727 2112 1761 quas

224 1784 380 1819 habebat
399 1785 574 1827 Parisius‚
597 1785 799 1830 provisioni
821 1796 1021 1830 pauperum
1043 1784 1262 1817 clericorum
1284 1796 1365 1817 cum
1387 1783 1606 1829 quibusdam
1634 1783 1839 1817 redditibus
1861 1783 1905 1816 de
1928 1783 2052 1816 uxoris
2078 1790 2114 1816 et

224 1851 384 1886 filiorum
406 1863 557 1886 suorum
578 1852 811 1886 conniventia
833 1852 1032 1898 deputavit,
1055 1851 1243 1897 religiosis
1270 1851 1440 1897 personis
1466 1851 1503 1884 in
1530 1851 1658 1884 eodem
1680 1850 1761 1883 loco
1787 1857 1934 1883 auctore
1956 1850 2112 1883 Domino

224 1919 448 1961 constitutis,
465 1931 536 1965 que
553 1931 677 1953 secum
695 1919 829 1964 pariter
849 1919 886 1952 in
908 1919 1038 1952 eodem
1054 1918 1228 1952 laudabili
1249 1931 1360 1964 opere
1382 1918 1540 1952 debeant
1560 1918 1735 1952 exerceri.
1754 1918 1846 1962 Quia
1862 1918 1975 1963 igitur
1991 1924 2113 1963 postu-

225 1986 312 2020 lavit
331 1998 350 2020 a
370 1986 479 2020 nobis
499 1985 685 2032 benignus
706 1986 743 2019 in
765 1986 912 2020 Christo
934 1986 1033 2020 filius
1054 1993 1181 2020 noster
1201 1986 1392 2032 Philippus
1413 1985 1569 2019 illustris
1591 1987 1812 2019 Francorum
1838 1997 1902 2018 rex
1927 1991 1963 2018 et
1986 1985 2113 2030 regina

226 2065 317 2087 uxor
342 2053 474 2099 ipsius,
503 2053 700 2099 postulavit
724 2054 830 2087 ctiam
853 2060 888 2087 et
911 2054 985 2099 jam
1007 2053 1127 2087 dictus
1148 2066 1286 2094 comes,
1316 2060 1355 2086 ut
1382 2053 1616 2086 donationem
1645 2054 1725 2098 ejus
1746 2059 1871 2086 nostra
1892 2052 2113 2085 deberemus

225 2121 438 2154 auctoritate
459 2120 629 2154 firmare:
653 2121 781 2166 ipsam7
805 2127 914 2167 prout
941 2121 999 2166 pie
1027 2127 1063 2154 ct
1086 2120 1319 2154 laudabiliter
1343 2121 1433 2154 sacta
1465 2127 1533 2162 est.
1562 2120 1775 2153 auctoritate
1803 2119 2002 2166 apostolica
2026 2132 2113 2153 con-

226 2187 412 2222 firmamus
443 2194 479 2222 et
505 2188 689 2234 presentis
718 2188 845 2234 scripti
874 2188 1076 2234 patrocinio
1105 2188 1386 2221 communimus.
1417 2188 1615 2221 Statuimus
1641 2194 1775 2229 autem,
1807 2194 1847 2220 ut
1875 2199 1940 2233 per
1968 2187 2113 2220 dioece-

227 2266 354 2288 sanum
376 2255 589 2300 episcopum
611 2255 655 2288 ad
676 2267 769 2300 opus
788 2255 938 2288 fratrum
963 2262 999 2288 et
1018 2255 1152 2288 familie
1174 2255 1292 2300 ipsius
1312 2262 1419 2300 atquc
1441 2254 1668 2287 infirmorum
1693 2253 1990 2287 decumbentium
2012 2253 2113 2286 cimi-

228 2321 358 2355 terium
384 2321 516 2355 debeat
541 2321 723 2355 benedici.
757 2322 849 2356 Sanc
875 2321 1058 2355 novalium
1083 2329 1309 2364 vestrorum,
1337 2334 1408 2367 que
1438 2321 1598 2367 propriis
1625 2320 1792 2354 manibus
1820 2320 1877 2354 vel
1905 2319 2112 2365 sumptibus

227 2388 361 2429 colitis,
384 2388 460 2422 sive¹
487 2388 531 2421 de
562 2388 795 2422 nutrimentis
816 2388 1024 2422 animalium
1045 2395 1251 2422 vestrorum
1274 2389 1462 2422 hortorum
1484 2388 1542 2422 vel
1564 2388 1753 2421 domorum
1777 2387 1969 2428 fructibus,
1988 2386 2112 2420 nullus

227 2467 246 2489 a
274 2454 381 2489 vobis
409 2455 570 2488 decimas
598 2462 816 2501 extorquere
847 2462 1044 2501 presumat.
1073 2455 1171 2489 Nulli
1202 2468 1291 2501 ergo
1319 2455 1506 2488 hominum
1536 2455 1640 2488 liccat
1667 2454 1758 2487 hauc
1788 2454 1955 2500 paginam
1986 2460 2111 2487 nostre

227 2521 515 2556 confirmationis
540 2529 577 2556 et
600 2522 860 2568 prohibitionis
890 2522 1092 2568 infringere
1117 2522 1175 2556 vel
1200 2523 1233 2555 ei
1259 2535 1349 2556 ausu
1380 2521 1573 2556 temerario
1599 2521 1792 2554 contraire.
1822 2521 1858 2554 Si
1884 2521 1967 2566 quis
1992 2527 2110 2554 autem

228 2589 296 2623 hoc
324 2595 499 2623 attentare
527 2589 807 2635 presumpserit,
835 2589 1124 2635 indignationem
1155 2589 1418 2635 omnipotentis
1446 2589 1512 2622 Dei
1543 2595 1579 2622 et
1605 2587 1794 2622 beatorum
1822 2588 1918 2621 Petri
1945 2595 1981 2622 et
2011 2587 2111 2621 Pauli

227 2656 477 2703 apostolorum
499 2657 579 2702 ejus
601 2668 640 2690 se
662 2657 805 2690 noverit
825 2657 1072 2690 incursurum.
1095 2657 1173 2690 Dat.
1195 2657 1343 2691 Veronc
1364 2657 1397 2701 xj
1420 2655 1489 2689 kal.
1511 2656 1682 2702 Augusti.

322 2737 430 2766 Dubois,
453 2737 528 2762 Hist.
553 2737 619 2762 eccl.
640 2737 734 2763 Paris.
767 2738 799 2766 11,
824 2737 878 2761 182.
909 2737 1023 2761 Bulaeus
1046 2738 1079 2766 11,
1104 2738 1159 2761 463.
1185 2738 1254 2761 111100
1276 2737 1389 2769 epistola
1415 2745 1475 2760 cum
1504 2737 1557 2760 11110
1588 2736 1732 2760 innocentii
1762 2737 1797 2760 111
1825 2736 1936 2760 inferius
1961 2736 2032 2760 edita
2064 2736 2113 2760 suit.

228 2782 389 2814 trun-cripta
403 2781 431 2806 in
446 2790 458 2805 (1
475 2782 624 2806 Inventnire
643 2782 676 2806 (10
695 2782 1066 2811 Suint-Nicolus-du-Louvre‚
1083 2782 1177 2814 appele
1197 2782 1221 2806 le
1240 2782 1324 2807 Livre
1340 2786 1402 2807 vert
1418 2790 1438 2806 1).
1456 2783 1488 2806 At
1502 2782 1551 2805 hoc
1566 2781 1743 2805 inventarium
1759 2782 1792 2805 ad
1807 2789 1855 2805 nos
1870 2789 1922 2805 non
1937 2781 2064 2813 pei-venit.
2081 2794 2112 2798 —

228 2826 258 2851 ln
279 2826 351 2850 hisce
374 2826 470 2850 litteris
491 2826 593 2851 Urbani
613 2827 650 2851 111
668 2827 756 2859 prima
776 2827 805 2851 fit.
820 2827 917 2851 mentio
937 2828 1031 2851 domus
1047 2828 1073 2851 S.
1095 2827 1210 2851 Thomue
1226 2827 1258 2851 de
1273 2827 1386 2859 Lupum.
1409 2827 1507 2851 Charta
1523 2826 1629 2851 Robcrti
1645 2827 1656 2850 1
1671 2826 1775 2850 comitis
1795 2826 1934 2850 Drocensis
1954 2826 1988 2849 nb
2003 2826 2111 2857 antiquo

227 2870 402 2900 desideratur,
419 2870 547 2895 habemus
567 2874 654 2895 temen
670 2871 744 2896 illum
763 2872 871 2896 Roberti
891 2872 924 2901 11,
941 2880 1008 2904 qnae
1028 2872 1086 2896 ideo
1106 2872 1216 2896 inferius
1236 2872 1397 2904 publicatur.
1414 2872 1535 2896 Clemens
1560 2872 1596 2895 ΙΙΙ
1617 2871 1659 2895 die
1678 2872 1708 2895 26
1727 2871 1791 2895 Jnlii
1812 2879 1881 2894 nnno
1898 2871 1959 2894 1189
1978 2870 2110 2894 canonicis

227 2915 410 2948 possessionen
425 2919 451 2940 01
464 2916 583 2940 redditu·
599 2916 633 2940 ad
648 2917 866 2941 sustentationem
877 2920 990 2949 quntum·
1005 2917 1192 2941 canonicorum
1207 2925 1222 2941 a
1233 2917 1346 2941 Roberto
1362 2917 1372 2940 1
1387 2917 1497 2940 collatas
1513 2916 1635 2940 asseruit.
1653 2916 1725 2940 Idem
1740 2915 1801 2940 tecit
1815 2924 1884 2939 011110
1900 2916 1960 2939 1192
1971 2915 2110 2946 Philippus

229 2961 372 2992 Augustus.
389 2960 452 2985 Vide
467 2961 624 2985 documenta
639 2961 710 2994 apud
725 2961 825 2986 Dubois
840 2962 858 2986 1.
874 2970 896 2986 c.
914 2965 940 2986 01
954 2962 1082 2986 Balneum
1097 2962 1130 2991 11,
1146 2963 1191 2986 464
1207 2970 1246 2994 sq.
1259 2962 1295 2986 Ut
1304 2961 1388 2986 videri
1403 2964 1491 2994 potest
1501 2970 1552 2985 non
1567 2964 1680 2993 tangunt
1694 2961 1780 2985 adhuc
1796 2961 1930 2984 scholares
1947 2961 1972 2983 S.
1985 2960 2109 2987 Τ110111110,

229 3004 275 3029 ned
291 3005 472 3029 tantummodo
486 3005 635 3030 canonicos.
652 3005 691 3030 Ct’.
708 3005 796 3039 Berky,
816 3006 1012 3038 Topoqraphie
1028 3006 1180 3038 histor-ique
1194 3008 1234 3032 du
1249 3006 1336 3031 vieuae
1351 3006 1436 3031 Paris
1452 3006 1472 3035 Ι1
1488 3007 1519 3029 96
1534 3014 1574 3038 sq.
