2580 3528
243 396 339 438 1268]
575 406 624 429 AB
657 406 763 428 Anno
798 405 876 444 neq
909 405 1042 434 usque
1077 405 1126 427 AD
1160 405 1390 427 reimerum
1424 405 1465 427 ιν
1498 405 1587 428 nec..
1623 405 1760 428 rums-c.
2048 398 2114 431 479

241 491 368 515 omnes
388 479 584 526 religiosos
603 480 856 524 cujuscunque
876 478 1040 520 Ordinis,
1062 478 1125 524 qui
1150 478 1320 512 decetero
1346 478 1384 511 in
1408 478 1520 511 scolis
1540 478 1598 512 vel
1619 478 1705 512 alibi
1730 479 1835 512 talem
1857 479 2017 512 habitum
2039 492 2112 513 non

240 546 475 594 gestaverint,
501 545 643 592 qualem
669 545 842 580 videlicet
865 545 1042 591 gestaturi
1067 551 1204 582 essent,
1231 545 1262 578 si
1288 545 1325 578 in
1351 545 1429 578 suis
1454 544 1624 578 claustris
1650 545 1708 578 vel
1736 546 1967 579 monasteriis
1996 558 2113 579 mora-

240 620 384 655 rentur3
405 612 471 647 hac
491 612 818 647 eadem-sententia
839 612 1059 646 innodantes
1079 611 1249 646 doctores
1270 618 1306 645 et
1325 612 1534 658 magistros,
1557 612 1619 657 qui
1640 612 1730 645 tales
1751 624 1818 645 suo
1840 611 1964 645 habitu
1985 612 2112 646 relicto

239 679 297 715 vel
316 679 420 727 leges
438 680 498 715 vel
517 679 703 726 physicam
723 679 917 713 docuerint
943 678 1147 720 audientes,
1173 678 1231 712 vel
1256 678 1294 712 in
1319 677 1431 712 scolis
1456 678 1534 712 suis
1555 679 1848 724 presumpserint
1868 679 2038 712 retinere.
2061 680 2113 712 Ne

239 754 358 781 autem
385 758 450 793 per
475 746 716 794 ignorantiam
744 758 784 780 se
812 746 930 792 possit
959 745 1042 791 quis
1070 757 1257 787 excusare,
1291 745 1513 791 precipimus
1545 745 1644 791 quod
1671 745 1878 791 supradicta
1903 746 2023 780 omnia
2050 758 2114 792 per

240 813 360 849 scolas
379 813 538 860 singulis
558 813 663 847 annis
684 825 750 859 per
769 812 934 846 locorum
954 813 1151 858 episcopos
1171 811 1414 858 publicentur.

333 938 401 963 Bibl.
417 938 504 971 Capit.
519 938 634 967 Ροιοιιίἰ,
650 946 699 962 ms.
716 938 746 962 13
760 937 838 970 (saec.
855 937 1006 967 XIII-XIV),
1023 937 1068 961 sol.
1085 937 1129 961 224
1136 937 1157 966 b,
1167 937 1218 961 sub
1233 937 1310 961 titulo
1324 945 1330 960 z
1346 945 1358 960 t(
1369 937 1406 960 Ne
1419 936 1507 960 clerici
1524 937 1565 960 vel
1581 937 1701 960 monachi
1717 937 1829 961 secular.
1846 937 1958 969 negotiis
1974 946 2001 961 se
2017 938 2116 962 immis-

239 986 315 1007 ceant
334 991 357 1007 n.
377 984 398 1007 A
418 983 464 1007 fol.
485 972 611 1007 224-23'112
629 982 655 1006 in
675 991 724 1006 me.
741 982 848 1006 laudato
863 981 1012 1006 continetur
1031 982 1150 1006 collectio
1169 981 1341 1005 decretalium
1361 985 1496 1013 extravag.
1515 989 1531 1004 a
1550 981 1678 1013 Gregorio
1698 982 1731 1005 lx
1751 990 1834 1013 usque
1849 982 1882 1005 ad
1898 982 2058 1006 Clementem
2071 983 2113 1007 lv.

239 1027 358 1060 Epistola
372 1035 455 1060 snpra
468 1027 600 1059 exscripta
616 1027 643 1051 in
662 1027 713 1051 im
727 1026 880 1051 collectione
899 1034 997 1050 nonum
1008 1027 1095 1050 locum
1109 1026 1217 1050 obtinet.
1234 1026 1345 1050 Cuinnm
1360 1026 1515 1058 pontificum
1530 1034 1546 1050 n
1560 1026 1688 1058 Gregorio
1704 1026 1737 1050 1x
1752 1034 1836 1058 usque
1851 1027 1884 1050 ad
1899 1026 2059 1051 Clementem
2079 1027 2113 1051 lV

239 1072 396 1096 ascribenda
413 1072 449 1096 sit
461 1080 553 1096 eruere
569 1080 622 1096 non
636 1079 790 1103 ponamus.

238 1211 352 1249 425.
377 1222 508 1247 Summus
526 1221 663 1257 pontifex
683 1219 899 1256 archiepiscopo
919 1220 1053 1246 Remensi
1071 1223 1099 1246 et
1121 1219 1244 1246 Guidoni
1263 1219 1398 1256 episcopo
1422 1219 1671 1246 Autissiodorensi
1692 1219 1728 1246 de
1750 1220 1928 1255 corrigendis
1948 1221 2114 1248 excessibus

326 1269 504 1307 perpetratis
518 1269 548 1302 in
567 1269 757 1295 Unio-enitare
771 1268 935 1295 Parisiensi
949 1268 1058 1294 scribit.

1597 1322 1654 1348 Amr.
1672 1323 1830 1350 1261-1268.

327 1410 615 1456 Archiepiscopo
643 1409 814 1443 Remensi
844 1415 879 1443 et
907 1409 952 1443 G.
981 1409 1278 1443 Autisiodorensi
1307 1409 1496 1455 episcopo.
1529 1410 1640 1453 Quasi
1672 1410 1807 1444 ssumen
1839 1412 1905 1444 Dei
1935 1412 2112 1457 repletum

239 1478 344 1524 aquis
369 1477 576 1511 Parisiense
605 1476 765 1510 studium
793 1475 1027 1510 scientiarum
1057 1475 1220 1509 ubertate
1247 1475 1444 1509 fecundum
1473 1488 1614 1510 morum
1643 1488 1768 1510 norma
1793 1484 1829 1511 et
1857 1477 1894 1510 in
1922 1479 2114 1524 utriusque

239 1543 423 1579 affluentia
444 1543 609 1577 doctrine
634 1542 845 1576 redundans
870 1555 914 1576 eo
939 1541 1065 1576 haberi
1091 1543 1223 1576 meruit
1246 1542 1284 1575 in
1309 1542 1540 1588 singulorum
1565 1543 1756 1577 affectione
1781 1545 2016 1589 prestantius,
2041 1557 2114 1591 quo

239 1611 360 1658 ipsum
391 1610 493 1645 velut
516 1610 562 1644 ad
585 1609 888 1644 illuminationem
913 1609 1078 1655 gentium
1105 1609 1280 1643 divinitus
1306 1609 1526 1651 institutum,
1553 1609 1724 1656 religioni
1745 1610 1942 1644 christiane
1968 1611 2054 1645 fidei
2079 1619 2115 1646 et

240 1684 453 1712 cunctorum
487 1675 712 1723 profectibus
745 1676 860 1710 fuisse
898 1675 1073 1721 probatur
1110 1675 1237 1709 utilius
1276 1682 1313 1710 et
1349 1682 1517 1722 speratur
1550 1676 1587 1709 in
1626 1683 1813 1722 posterum
1855 1678 1932 1711 Deo
1967 1685 2114 1712 auctore

240 1744 414 1778 futurum.
449 1743 626 1777 Fluminis
660 1749 825 1776 eternum
859 1741 1070 1788 hujusmodi
1107 1742 1287 1788 irriguum
1325 1743 1506 1776 civitatem
1545 1743 1612 1776 Dei
1646 1743 1824 1778 letificans
1865 1744 2116 1790 multipliciter

241 1809 484 1845 universalem
503 1809 695 1844 ecclesiam
715 1809 911 1843 illustravit
930 1815 966 1843 et
985 1809 1102 1855 ipsius
1123 1809 1288 1843 doctrina
1307 1821 1479 1843 crescens
1500 1816 1540 1843 ut
1564 1810 1685 1855 pluvia
1710 1810 1810 1844 velut
1829 1811 1982 1845 imbrem
2004 1824 2116 1858 super

239 1877 389 1912 herbam
415 1884 452 1911 et
477 1877 609 1911 stillam
638 1888 750 1923 super
775 1876 938 1923 gramina
966 1876 1023 1910 sui
1049 1876 1185 1922 eloquii
1211 1876 1346 1910 fluenta
1376 1876 1537 1919 diffudit,
1569 1877 1680 1911 rudes
1710 1878 1884 1912 erudiens
1916 1886 1951 1912 et
1980 1891 2115 1914 acuens

239 1945 352 1979 aciem
373 1956 413 1978 ac
434 1943 579 1990 plenius
602 1943 726 1977 lumen
751 1942 963 1976 illuminans
989 1942 1205 1976 doctiorum.
1234 1944 1309 1976 Hoc
1335 1949 1392 1977 est
1415 1943 1529 1989 igitur
1550 1943 1685 1978 ssumen
1710 1956 1802 1990 aque
1834 1945 1916 1979 vive
1946 1952 2113 1991 tanquam

239 2010 422 2045 cristallus
450 2009 683 2056 splendidum
713 2009 758 2043 de
788 2009 855 2043 Dei
875 2015 912 2043 et
936 2009 1021 2055 agni
1051 2009 1140 2043 sede
1170 2009 1376 2055 procedens
1402 2009 1567 2043 doctrina
1597 2010 1670 2044 vite
1697 2010 1885 2045 vivificans
1911 2012 2050 2046 animas
2079 2020 2114 2046 et

243 2076 406 2111 moribus
424 2077 562 2111 faciens
581 2088 621 2110 ac
641 2075 838 2111 virtutibus
859 2075 1109 2122 resplendere.
1138 2075 1259 2121 Ipsius
1283 2075 1404 2121 itaque
1430 2076 1542 2110 studii
1568 2077 1707 2110 fructus
1729 2077 1875 2121 uberes,
1902 2091 1995 2124 quos
2016 2080 2116 2113 velut

241 2155 329 2189 ager
349 2142 480 2189 plenus
506 2142 566 2177 cui
585 2142 772 2176 benedixit
797 2142 977 2176 Dominus
1004 2142 1041 2176 in
1062 2141 1217 2176 ecclesia
1238 2142 1436 2176 universali
1462 2143 1645 2188 produxit,
1673 2144 1907 2178 meditatione
1932 2146 2114 2191 frequenti

242 2209 473 2244 revolventes
492 2209 530 2243 in
549 2209 668 2243 animo
689 2221 734 2243 ex
753 2221 797 2243 eo
818 2209 924 2243 etiam
945 2209 1154 2255 specialiori
1181 2209 1310 2243 affectu
1337 2209 1382 2242 ad
1407 2210 1487 2255 ejus
1513 2211 1791 2256 prosperitatem
1815 2211 1991 2245 afficimur
2016 2213 2114 2258 quod

241 2276 342 2318 olim,
370 2275 455 2310 dum
482 2287 550 2310 nos
577 2276 696 2309 minor
715 2282 830 2310 status
850 2275 1014 2318 haberet,
1040 2275 1077 2308 in
1104 2276 1184 2321 ejus
1209 2275 1364 2309 laribus·
1387 2275 1570 2310 obversati
1596 2276 1641 2309 de
1666 2277 1766 2310 illius
1793 2277 1987 2311 dulcedine
2014 2286 2115 2325 grata

242 2342 434 2377 libavimus
454 2354 520 2388 per
540 2341 665 2387 plures
684 2353 800 2376 annos
821 2353 928 2375 secus
953 2341 1133 2376 decursus
1160 2341 1333 2375 sedentes
1354 2342 1502 2387 ipsius*.
1526 2342 1616 2375 Hinc
1637 2343 1743 2376 etiam
1766 2356 1987 2390 magnopere
2007 2346 2115 2379 ass'ec-

243 2415 359 2443 tamus
383 2414 423 2442 ut
446 2420 519 2454 quo
544 2407 659 2453 magis
685 2407 797 2441 studii
824 2406 990 2453 ejusdem
1016 2413 1229 2441 conservata
1250 2407 1492 2453 tranquillitas
1513 2408 1550 2441 in
1575 2409 1779 2442 communis
1806 2410 1970 2444 utilitatis
1996 2411 2115 2446 incre-

243 2481 361 2509 menta
385 2474 614 2515 diffunditur,
642 2485 686 2507 eo
713 2473 868 2520 amplius
896 2479 932 2507 et
956 2485 1023 2519 pax
1048 2473 1085 2507 in
1110 2485 1153 2507 eo
1179 2480 1346 2507 servetur
1371 2473 1568 2508 intrinseca
1589 2481 1625 2508 et
1649 2474 1740 2508 illud
1765 2477 1993 2511 extrinsecus
2018 2479 2114 2524 apud

242 2553 370 2575 omnes
403 2542 495 2575 fame
530 2540 691 2575 claritate
726 2539 941 2586 prefulgeat,
982 2539 1167 2585 nullisque
1206 2539 1370 2586 indignis
1404 2540 1583 2574 laceretur
1623 2541 1781 2587 eloquiis
1814 2543 1872 2577 vel
1906 2544 2113 2579 indecentie

243 2607 393 2642 maculis
417 2607 633 2641 involvatur.
659 2608 794 2641 Verum
819 2606 915 2640 sicut
940 2606 1113 2640 mirantes
1138 2605 1343 2640 audivimus
1368 2613 1404 2640 et
1428 2606 1595 2641 dolentes
1621 2608 1813 2643 referimus
1834 2622 1945 2656 super
1965 2611 2112 2645 solitum

242 2673 476 2720 splendorem
498 2673 614 2719 ipsius
635 2673 738 2719 quasi
765 2672 927 2706 densitas
951 2671 1154 2718 caliginose
1178 2671 1287 2706 nubis
1312 2672 1544 2718 oppanditur,
1573 2673 1658 2707 dum
1679 2682 1853 2710 consueta
1875 2677 1932 2710 sui
1954 2678 2113 2712 nominis

243 2741 380 2787 puritas
399 2739 603 2786 aliquorum
629 2738 720 2773 inibi
745 2738 814 2773 sub
839 2738 1031 2773 scolarium
1059 2738 1302 2784 appellatione
1328 2738 1539 2785 degentium
1560 2740 1734 2786 gravibus
1755 2742 1969 2777 excessibus
1999 2757 2113 2778 macu—

242 2806 347 2842 latur.
376 2806 478 2840 Licet
502 2806 598 2840 enim
629 2805 726 2839 civili
754 2806 860 2839 etiam
885 2817 1039 2839 censura
1067 2805 1179 2839 otium
1206 2805 1252 2838 sit
1278 2805 1315 2838 in
1340 2805 1527 2839 discendis
1553 2806 1693 2841 artibus
1720 2809 2000 2852 commodatum,
2024 2823 2114 2844 non-

243 2872 335 2908 nulli
355 2879 474 2907 tamen
493 2872 703 2918 hujusmodi
724 2872 886 2907 scolares
906 2872 1070 2918 ejusdem
1092 2872 1204 2906 studii
1226 2884 1296 2905 non
1319 2871 1466 2918 quidem
1487 2878 1526 2907 ut
1545 2873 1691 2919 expedit
1710 2875 1866 2909 studiosi
1888 2888 2112 2922 nequaquam

245 2939 349 2985 aquis
375 2938 482 2986 Syloe
508 2950 589 2973 cum
618 2938 765 2972 silentio
792 2938 965 2973 euntibus
985 2938 1172 2973 auriendis
1200 2938 1405 2981 intendunt,
1433 2938 1498 2973 sed
1526 2939 1599 2973 illis
1623 2939 1775 2986 abjectis
1803 2942 1911 2975 Rasin
1937 2950 1969 2976 et
2000 2943 2111 2977 filium
