2580 3528
427 370 490 403 1:38
1008 379 1329 401 CHARTULARIUM
1364 378 1555 400 UNivssns.
1592 378 1721 400 PAms.
2208 366 2306 408 [1231

425 454 557 499 injuria
573 453 631 487 vel
652 465 827 486 excessus
849 453 1025 486 inseratur
1046 453 1222 494 enormis,
1240 459 1364 498 utpote
1387 452 1515 485 mortis
1530 452 1589 486 vel
1610 451 1765 485 membri
1786 451 2039 493 mutilationis,
2058 450 2129 484 nisi
2145 462 2307 496 congrua

426 521 627 554 monitione
648 520 826 566 premissa
848 520 939 553 infra
960 520 1169 565 quindecim
1191 520 1270 552 dies
1293 519 1403 552 suerit
1422 519 1658 561 satisfactum,
1685 519 1794 552 liceat
1812 518 1917 552 vobis
1945 530 2061 564 usque
2082 517 2127 551 ad
2148 517 2310 551 satisfac-

426 588 562 621 tionem
584 587 802 633 condignam
826 586 1054 632 suspendere
1075 586 1265 619 lectiones.
1289 587 1333 619 Et
1357 586 1388 619 si
1409 586 1566 631 aliquem
1587 592 1749 619 vestrum
1770 585 1933 618 indebite
1957 584 2173 618 incarcerari
2194 584 2311 618 conti-

427 655 535 700 gerit,
562 655 614 688 sas
641 654 689 687 sit
713 654 834 696 vobis,
860 654 932 686 nisi
958 653 1158 686 monitione
1179 652 1366 698 prehabita
1393 659 1515 686 cesset
1541 652 1686 698 injuria,
1716 652 1834 686 statim
1862 665 1881 685 a
1908 652 2065 685 lectione
2093 663 2251 693 cessare,
2279 651 2310 684 si

428 728 547 755 tamen
564 722 600 754 id
620 720 805 755 videritis⁴
821 721 1006 766 expedire.
1028 720 1255 765 Precipimus
1276 726 1408 761 autem,
1428 726 1468 752 ut
1486 719 1705 752 Parisiensis
1726 719 1923 764 episcopus
1944 719 1997 752 sic
2018 718 2309 764 delinquentium

428 789 583 834 castiget
612 800 799 829 excessus,
836 788 934 833 quod
965 787 1159 820 scolarium
1190 793 1357 820 servetur
1386 786 1574 828 honestas,
1596 792 1632 819 et
1660 786 1836 819 maleficia
1862 798 1935 819 non
1965 792 2175 819 remaneant
2194 785 2312 830 impu-

429 856 522 896 nita;
554 855 619 888 sed
649 855 841 888 occasione
877 854 1168 899 delinquentium
1199 866 1273 886 non
1302 853 1491 899 capiantur
1520 853 1703 886 ullatenus
1733 853 1962 892 innocentes,
1994 852 2104 885 imino
2130 852 2162 885 si
2187 858 2311 885 contra

430 935 647 968 quemquam
683 922 845 967 suspicio
880 921 990 954 suerit
1023 927 1101 954 orta
1135 920 1351 966 probabilis,
1386 920 1541 953 honeste
1575 920 1746 953 detentus
1785 920 1917 953 idonea
1955 919 2122 953 cautione
2161 919 2312 964 prestita

430 989 661 1022 cessantibus
691 988 974 1021 carcerariorum
1004 987 1255 1021 exactionibus
1286 987 1498 1020 dimittatur.
1529 987 1636 1030 Quod
1657 986 1687 1020 si
1708 987 1800 1020 forte
1822 986 1891 1020 tale
1917 986 2055 1019 crimen
2075 985 2313 1028 commiserit,

431 1056 529 1101 quod
566 1055 851 1089 incarceratione
886 1055 934 1088 sit
969 1066 1075 1100 opus,
1112 1055 1309 1100 episcopus
1344 1053 1581 1099 culpabilem⁵
1615 1054 1653 1086 in
1687 1065 1833 1087 carcere
1867 1052 2059 1094 detinebit,
2095 1052 2314 1086 cancellario

430 1122 564 1156 habere
600 1122 787 1168 proprium
827 1134 1010 1155 carcerem
1051 1122 1197 1167 penitus
1237 1121 1445 1154 interdicto.
1491 1120 1734 1154 Prohibemus
1774 1120 1939 1165 insuper,
1975 1132 2020 1153 ne
2060 1119 2213 1153 scolaris
2248 1130 2314 1164 pro

430 1196 616 1223 contracto
645 1189 768 1222 debito
800 1189 970 1222 decetero
998 1188 1172 1233 capiatur,
1195 1200 1277 1221 cum
1298 1187 1367 1221 hoc
1389 1188 1435 1221 sit
1459 1188 1646 1221 canonicis
1668 1194 1703 1220 et
1726 1187 1902 1233 legitimis
1924 1185 2176 1220 sanctionibus
2202 1185 2315 1219 inter-

430 1257 578 1290 dictum.
610 1256 680 1290 Sed
707 1268 774 1289 nec
803 1256 1000 1301 episcopus
1030 1255 1088 1289 vel
1119 1255 1307 1288 officialis⁶
1337 1256 1417 1300 ejus
1448 1267 1513 1288 seu
1543 1254 1784 1288 cancellarius
1815 1266 1944 1300 penam
1975 1253 2220 1299 pecuniariam
2249 1263 2314 1298 pro

430 1323 816 1356 excommunicationis
848 1322 1000 1356 emenda
1034 1322 1093 1356 vel
1122 1322 1191 1355 alia
1221 1321 1384 1367 qualibet
1413 1334 1569 1355 censura
1599 1321 1774 1366 requiret,
1802 1333 1868 1354 nec
1894 1320 2133 1354 cancellarius
2159 1332 2177 1353 a
2201 1319 2316 1353 licen·-

430 1391 563 1424 tiandis
595 1390 778 1435 magistris
803 1391 1051 1434 juramentum
1081 1389 1139 1423 vel
1170 1389 1417 1422 obedientiam
1449 1401 1514 1421 seu
1545 1388 1649 1421 aliam
1680 1388 1803 1433 exiget
1829 1388 2047 1429 cautionem,
2076 1399 2142 1420 nec
2167 1386 2315 1431 aliquod

431 1457 716 1490 emolumentum
753 1469 818 1489 seu
853 1456 1135 1502 promissionem
1171 1456 1325 1501 recipiet
1358 1468 1424 1501 pro
1455 1455 1602 1488 licentia
1635 1455 1872 1488 concedenda
1901 1455 2109 1499 juramento
2145 1453 2316 1498 superius

431 1526 615 1558 nominato
636 1531 843 1557 contentus
871 1525 984 1556 Porro
1006 1523 1213 1556 vacationes
1235 1523 1349 1556 estive
1376 1535 1450 1555 non
1478 1522 1719 1555 extendantur
1740 1522 1911 1555 decetero
1932 1520 2026 1554 ultra
2047 1532 2226 1562 mensem,
2250 1519 2316 1553 sed

430 1597 658 1630 vacationum
685 1602 848 1640 tempore
877 1594 1088 1628 bachellarii
1115 1595 1146 1627 si
1171 1594 1357 1628 voluerint
1383 1606 1468 1627 suas
1496 1593 1713 1626 continuent
1736 1593 1928 1626 lectiones.
1958 1591 2171 1625 Inhibemus
2198 1597 2316 1624 autem

432 1664 658 1708 expressius,
681 1669 720 1695 ut
740 1661 901 1695 scolares
923 1673 987 1706 per
1007 1662 1189 1695 civitatem
1216 1661 1341 1694 armati
1363 1673 1437 1693 non
1458 1660 1600 1701 vadant,
1624 1667 1659 1693 et
1686 1659 1892 1693 turbatores
1919 1659 2019 1704 pacis
2040 1665 2072 1692 et
2096 1658 2207 1691 studii
2229 1657 2318 1692 Uni-

431 1731 586 1764 versitas
608 1742 681 1762 non
708 1729 890 1762 defendat.
915 1730 958 1761 Et
978 1728 1045 1770 illi,
1072 1728 1134 1773 qui
1163 1728 1334 1761 simulant
1360 1740 1399 1760 se
1421 1727 1596 1769 scolares,
1621 1739 1688 1760 nec
1716 1733 1835 1760 tamen
1861 1726 1980 1759 scolas
1999 1726 2232 1770 frequentant
2251 1736 2318 1757 nec

433 1797 645 1843 magistrum
668 1796 826 1841 aliquem
848 1795 1080 1841 profitentur,
1103 1807 1330 1840 nequaquam
1353 1794 1547 1828 scolarium
1568 1794 1750 1839 gaudeant
1769 1793 1948 1826 libertate.
1970 1793 2027 1826 Ad
2047 1792 2114 1825 hec
2130 1791 2317 1837 jubemus,

433 1871 469 1897 ut
500 1863 665 1909 magistri
693 1863 823 1896 artium
854 1874 961 1895 unam
992 1861 1187 1895 lectionem
1218 1862 1263 1894 de
1293 1861 1480 1894 Prisciano
1511 1868 1547 1894 et
1575 1873 1687 1894 unum
1719 1867 1802 1906 post
1830 1860 1939 1893 alium
1965 1859 2148 1892 ordinarie
2174 1869 2319 1903 semper

433 1931 569 1977 legant,
605 1938 641 1964 et
674 1930 779 1963 libris
814 1929 888 1963 illis
923 1929 1163 1970 naturalibus,
1195 1929 1257 1974 qui
1287 1929 1323 1961 in
1352 1928 1518 1963 Concilio
1546 1927 1781 1974 provinciali⁷
1807 1939 1850 1960 ex
1878 1933 1976 1960 certa
2005 1938 2113 1959 causa
2142 1924 2317 1971 prohibiti

433 1999 549 2039 fuere,
578 1998 738 2031 Parisius
766 2009 839 2029 non
870 2003 1029 2037 utantur,
1058 2008 1251 2041 quousque
1282 1995 1473 2029 examinati
1502 1995 1639 2028 suerint
1663 2001 1698 2028 et
1722 1994 1767 2027 ab
1790 1994 1889 2027 omni
1917 2005 2082 2026 errorum
2112 1992 2317 2037 suspitione

434 2065 590 2111 purgati.
629 2063 795 2109 Magistri
824 2075 911 2097 vero
948 2070 983 2096 et
1012 2063 1174 2096 scolares
1206 2062 1390 2108 theologie
1418 2062 1455 2095 in
1482 2061 1650 2095 facultate
1686 2073 1791 2107 quam
1826 2060 2044 2106 profitentur
2078 2071 2118 2093 se
2148 2058 2319 2092 studeant

435 2131 666 2165 laudabiliter
700 2142 884 2171 exercere,
919 2142 985 2163 nec
1022 2129 1263 2175 philosophos
1298 2141 1337 2162 se
1372 2135 1570 2170 ostentent,
1606 2128 1671 2162 sed
1706 2134 1871 2174 satagant
1903 2127 1983 2160 fieri
2017 2126 2215 2167 theodocti,
2251 2136 2318 2158 nec

435 2199 631 2244 loquantur
656 2198 692 2230 in
718 2198 842 2242 lingua
864 2196 989 2242 populi
1016 2203 1051 2229 et
1076 2196 1201 2241 populi
1227 2196 1389 2241 linguam
1414 2195 1586 2228 hebream
1614 2207 1696 2228 cum
1717 2195 1863 2228 Azotica
1884 2193 2165 2234 confundentes,
2188 2191 2254 2226 sed
2273 2191 2318 2225 de

435 2266 509 2299 illis
544 2272 680 2299 tantum
712 2265 748 2297 in
778 2263 889 2297 scolis
924 2262 1181 2308 questionibus
1214 2263 1413 2308 disputent,
1446 2274 1516 2307 que
1547 2274 1612 2308 per
1640 2262 1756 2295 libros
1787 2261 2016 2306 theologicos
2046 2267 2081 2293 et
2111 2265 2318 2293 sanctorum

437 2340 578 2378 patrum
601 2338 771 2365 tractatus
793 2331 935 2363 valeant
955 2330 1153 2363 terminari.
1177 2331 1345 2362 Preterea
1367 2329 1412 2362 de
1433 2329 1541 2362 bonis
1564 2328 1772 2371 scolarium,
1795 2328 1856 2374 qui
1878 2327 2037 2361 intestati
2058 2326 2242 2360 decedunt
2260 2324 2318 2358 vel

437 2412 558 2433 rerum
582 2411 727 2432 suarum
750 2397 1016 2431 ordinationem
1039 2396 1119 2429 aliis
1147 2408 1221 2429 non
1247 2396 1488 2438 committunt,
1513 2396 1565 2429 sic
1593 2396 1762 2429 duximus
1788 2394 2068 2441 providendum,
2089 2392 2261 2427 videlicet
2281 2397 2320 2424 ut

439 2467 635 2512 episcopus
660 2472 694 2498 ct
722 2476 818 2497 unus
839 2464 883 2497 de
906 2463 1103 2509 magistris,
1134 2475 1240 2508 quem
1269 2462 1401 2496 adhoc
1430 2463 1658 2496 Universitas
1686 2461 1920 2503 ordinaverit,
1951 2460 2169 2506 recipientes
2199 2458 2319 2492 omnia

438 2534 532 2567 bona
554 2532 715 2566 defuncti
736 2539 770 2564 et
795 2532 831 2563 in
852 2531 933 2564 loco
955 2537 1031 2563 tuto
1053 2537 1088 2563 et
1108 2530 1242 2563 idoneo
1264 2530 1492 2575 deponentes
1513 2536 1672 2563 statuent
1691 2536 1829 2562 certum
1853 2529 1961 2570 diem,
1985 2539 2056 2572 quo
2078 2526 2177 2559 illius
2197 2524 2319 2558 obitus

439 2601 475 2633 in
506 2599 615 2645 patria
644 2611 707 2632 sua
728 2598 843 2631 valeat
868 2597 1040 2638 nuntiari,
1067 2604 1102 2630 et
1125 2596 1178 2629 illi
1199 2597 1243 2630 ad
1267 2609 1359 2642 quos
1390 2596 1569 2629 bonorum
1593 2597 1673 2641 ejus
1695 2602 1750 2629 est
1770 2595 1958 2629 successio
1984 2592 2152 2627 devoluta
2177 2591 2321 2637 possint

439 2666 601 2700 Parisius
622 2665 795 2698 accedere
816 2664 874 2697 vcl
895 2664 1065 2696 idoneum
1089 2663 1255 2696 nuntium
1278 2663 1479 2704 destinare3
1503 2669 1539 2696 et
1559 2663 1589 2695 si
1609 2662 1778 2696 venerint
1801 2661 1859 2696 vel
1880 2660 2058 2701 miserint,
2081 2657 2320 2691 restituentur

440 2734 494 2767 eis
524 2733 618 2765 bona
649 2744 729 2764 cum
764 2730 902 2763 cautela
937 2742 1007 2774 quc
1042 2730 1152 2762 suerit
1184 2729 1402 2763 adhibenda.
1440 2730 1476 2762 Si
1506 2741 1593 2762 vero
1628 2741 1701 2762 non
1731 2727 1976 2773 comparuerit
2004 2725 2149 2770 aliquiS,
2188 2730 2318 2757 extunc

441 2800 637 2846 episcopus
668 2805 702 2831 et
730 2797 903 2842 magister
932 2796 1026 2829 bona
1054 2796 1132 2841 ipsa
1160 2808 1225 2841 pro
1253 2796 1369 2829 anima
1396 2796 1557 2828 defuncti
1589 2801 1697 2841 prout
1721 2794 1893 2840 expedire
1917 2792 2076 2827 viderint
2101 2790 2319 2836 erogabunt,

441 2867 512 2900 nisi
551 2867 674 2899 forsan
704 2877 747 2898 cx
783 2864 901 2908 aliqua
928 2864 1026 2907 justa
1057 2874 1164 2895 causa
1197 2863 1323 2896 venire
1354 2862 1587 2908 nequiverint
1615 2873 1869 2902 successores,
1907 2867 1943 2894 et
1971 2867 2055 2893 tunc
2090 2857 2253 2903 erogatio
2282 2857 2319 2889 in

441 2941 585 2979 tempus
610 2943 812 2977 congruum
840 2930 1039 2963 differatur.
1073 2930 1209 2963 Verum
1245 2929 1327 2974 quia
1353 2929 1517 2974 magistri
1543 2935 1579 2962 et
1603 2928 1778 2970 scolares,
1813 2928 1875 2973 qui
1910 2926 2077 2972 dampnis
2108 2932 2143 2958 et
2174 2923 2319 2969 injuriis

568 2992 605 3015 18.

2576 863 2580 875 -.
2575 800 2580 858 uma..
2579 791 2580 794 „
2573 733 2580 784 „tata-
2571 711 2580 726 ι.
2573 661 2580 706 ,Λή-μ

2573 1727 2580 1779 ,ΛΑ-Α
2571 1673 2580 1727 „mz—
2575 1617 2580 1657 .....

2573 3079 2580 3128 <hm
2571 2789 2580 3072 ...Q—m
