2580 3528
247 402 344 444 1277]
595 413 643 435 Aa
676 413 783 436 Auno
816 412 895 436 ucc
929 412 1061 442 usqua
1090 412 1141 435 An
1173 413 1400 435 ramerum
1435 413 1475 435 iv
1511 414 1599 436 asc.
1638 414 1774 437 ruffio.
2057 407 2119 440 551

337 487 412 522 128.
442 486 550 530 Quod
579 485 684 528 illud,
715 486 815 532 quod
845 486 890 520 de
921 486 979 519 sui
1008 493 1135 520 natura
1165 498 1239 520 non
1269 493 1326 520 est
1358 486 1636 521 determinatum
1661 487 1707 520 ad
1732 499 1815 520 esse
1841 488 1898 521 vel
1923 501 1996 521 non
2022 501 2118 531 esse,

244 565 318 588 non
343 553 618 594 determinatur,
644 553 716 586 nisi
742 565 807 598 per
831 553 982 598 aliquid,
1009 553 1109 598 quod
1133 560 1190 587 est
1215 553 1463 587 necessarium
1490 560 1659 599 respectu
1686 554 1755 586 sui.

335 625 410 658 129.
441 623 548 668 Quod
572 624 742 658 voluntas
767 630 936 658 manente
964 624 1135 670 passione
1160 631 1196 658 et
1215 624 1367 658 scientia
1389 624 1597 670 particulari
1617 625 1654 657 in
1675 631 1754 658 actu
1777 635 1850 657 non
1873 630 1991 670 potest
2011 637 2119 670 agere

243 697 368 724 contra
393 701 484 724 eam.

335 762 410 795 130.
441 761 561 805 Quod,
587 762 619 795 si
644 762 735 795 ratio
762 769 870 804 recta,
895 769 931 796 et
955 762 1124 796 voluntas
1144 769 1252 796 recta.
1273 782 1318 787 —
1338 763 1468 803 Error3
1491 762 1575 808 quia
1595 769 1720 796 contra
1740 762 1901 808 glossam
1923 763 2120 808 Augustini

244 839 357 874 super
379 827 472 862 illud
497 827 626 874 psalmi
653 840 661 862 :
687 843 703 860 α
728 828 948 874 Concupivit
976 829 1093 862 anima
1119 841 1196 862 mea
1223 828 1433 862 desiderare
1461 842 1491 870 »‚
1515 834 1595 870 etc.⁷
1626 836 1662 862 et
1690 830 1774 875 quia
1803 829 2005 862 secundum
2036 829 2117 870 hoc,

244 894 288 928 ad
313 894 567 928 rectitudinem
589 894 786 929 voluntatis
807 907 881 929 non
901 902 999 929 esset
1021 895 1227 929 necessaria
1252 895 1380 941 gratia,
1397 895 1463 929 sed
1488 896 1639 929 scientia
1665 895 1798 938 solum,
1816 894 1915 941 quod
1937 901 1992 929 est
2017 907 2121 928 error

244 959 394 1007 Pelagii.

333 1033 408 1066 131.
430 1032 537 1077 Quod
557 1032 742 1067 voluntate
762 1033 940 1067 existente
961 1034 998 1066 in
1019 1033 1080 1067 tali
1101 1034 1357 1079 dispositione,
1376 1034 1412 1067 in
1433 1046 1502 1079 qua
1524 1041 1604 1068 nata
1623 1041 1680 1068 est
1701 1034 1837 1068 moveri
1858 1041 1894 1067 et
1915 1034 2116 1067 manente“

243 1099 296 1133 sic
321 1099 515 1145 disposito,
546 1099 645 1145 quod
669 1106 790 1133 natum
821 1107 879 1134 est
902 1112 1063 1139 movere,
1090 1100 1318 1146 impossibile
1345 1107 1400 1134 est
1424 1101 1646 1135 voluntatem
1673 1113 1746 1134 non
1771 1101 1879 1135 velle.

333 1171 409 1204 132.
431 1170 538 1214 Quod
563 1169 664 1204 orbis
689 1177 746 1205 est
769 1183 876 1205 causa
901 1171 1099 1205 voluntatis
1124 1171 1269 1212 medici,
1297 1178 1336 1205 ut
1361 1179 1477 1205 sanet.

334 1242 408 1275 133.
430 1241 537 1285 Quod
566 1241 734 1275 voluntas
764 1249 800 1275 et
828 1242 1037 1276 intellectus
1067 1254 1140 1275 non
1170 1249 1363 1276 moventur
1396 1243 1433 1276 in
1467 1249 1548 1276 actu
1583 1255 1648 1288 per
1681 1255 1734 1284 se,
1770 1241 1836 1276 sed
1871 1254 1936 1289 per
1969 1254 2112 1277 causam

242 1307 513 1354 sempiternam,
539 1306 681 1341 scilicet
703 1320 857 1354 corpora
882 1308 1043 1342 celestia.

332 1379 407 1412 134.
429 1377 536 1422 Quod
561 1379 757 1424 appetitus,
783 1379 1015 1413 cessantibus
1041 1379 1326 1425 impedimentis,
1353 1380 1562 1413 necessario
1588 1387 1755 1414 movetur
1779 1379 1823 1414 ab
1849 1380 2049 1426 appetibili.
2075 1401 2120 1407 —

241 1445 354 1479 Error
377 1451 435 1479 est
457 1445 502 1478 de
527 1445 764 1480 intellectivo.

331 1516 407 1550 135.
428 1516 535 1560 Quod
555 1515 724 1550 voluntas
749 1516 952 1551 secundum
978 1529 1018 1551 se
1044 1524 1101 1551 est
1119 1517 1396 1551 indeterminata
1422 1517 1466 1551 ad
1496 1517 1662 1563 opposita
1689 1518 1783 1551 sicut
1804 1517 1970 1558 materia;
1997 1511 2117 1552 deter-

241 1582 398 1616 minatur
422 1589 540 1616 autem
566 1582 610 1616 ab
635 1583 874 1629 appetibili⁸⁷,
900 1583 996 1617 sicut
1020 1584 1167 1618 materia
1192 1583 1237 1618 ab
1261 1591 1404 1630 agente.

333 1654 408 1688 136.
431 1653 538 1698 Quod
562 1653 671 1687 homo
696 1666 810 1700 agens
836 1667 880 1688 ex
904 1655 1076 1701 passione
1102 1662 1225 1689 coacte
1251 1656 1336 1702 agit.

331 1725 407 1759 137.
429 1725 536 1769 Quod
565 1725 731 1771 quamvis
759 1726 948 1772 generatio
978 1726 1167 1760 hominum
1198 1727 1317 1773 possit
1350 1727 1526 1767 deficere,
1556 1727 1726 1761 virtute⁸⁸
1756 1727 1863 1773 primi
1894 1735 2012 1762 tamen
2043 1741 2116 1762 non

241 1790 404 1842 deficiet3
437 1792 521 1838 quia
554 1791 655 1826 orbis
683 1792 823 1838 primus
848 1805 922 1827 non
947 1793 1066 1827 solum
1092 1801 1214 1828 movet
1241 1794 1285 1827 ad
1315 1793 1589 1840 generationem
1615 1794 1893 1836 elementorum,
1919 1795 1985 1828 sed
2010 1796 2116 1829 etiam

240 1857 440 1892 hominum.

332 1930 406 1964 138.
434 1930 555 1974 Quod,
594 1942 675 1964 cum
715 1932 814 1965 Deus
854 1944 927 1966 non
969 1939 1200 1978 comparetur
1233 1932 1277 1966 ad
1311 1932 1406 1966 entia
1441 1932 1478 1965 in
1514 1932 1652 1965 ratione
1686 1944 1794 1965 cause
1828 1933 2024 1967 materialis
2058 1933 2115 1967 vel

239 1995 420 2038 formalis,
465 2008 538 2030 non
583 1997 668 2031 facit
703 1998 874 2032 accidens
913 2010 996 2033 esse
1039 1999 1119 2033 sine
1158 1998 1339 2045 subjecto,
1380 1998 1424 2032 de
1459 1999 1564 2044 cujus
1600 1999 1739 2032 ratione
1774 2006 1830 2033 est
1870 2006 1949 2033 actu
1992 1999 2114 2033 inesse

241 2061 460 2108 subjecto”.

332 2134 406 2168 139.
424 2134 531 2178 Quod
555 2135 726 2170 accidens
751 2136 913 2170 existens
938 2137 1018 2170 sine
1047 2136 1214 2182 subjecto
1240 2149 1314 2170 non
1344 2143 1401 2170 est
1424 2136 1607 2173 accidens,
1635 2136 1705 2170 nisi
1731 2137 1928 2182 equivoce;
1956 2144 1992 2170 et
2016 2137 2112 2182 quod

240 2198 470 2246 impossibile
494 2207 551 2235 est
575 2202 808 2248 quantitatem
834 2202 912 2237 sive
937 2203 1204 2237 dimensionem
1235 2215 1318 2237 esse
1349 2215 1414 2249 per
1443 2215 1502 2244 se;
1533 2202 1601 2236 hoc
1632 2203 1727 2236 enim
1759 2210 1858 2237 esset
1887 2203 2000 2248 ipsam
2031 2215 2114 2236 esse

240 2264 478 2300 substantiam
485 2292 493 2300 .

334 2337 408 2371 140.
430 2337 537 2382 Quod
557 2338 676 2372 facere
697 2339 867 2373 accidens
888 2351 971 2374 esse
992 2340 1072 2374 sine
1093 2340 1272 2386 subjecto,
1294 2340 1403 2374 habet
1423 2341 1598 2374 rationem
1620 2340 1875 2386 impossibilis,
1897 2340 2115 2387 implicantis

239 2402 577 2437 contradictionem.

329 2474 403 2507 141.
426 2474 534 2518 Quod
559 2475 658 2508 Deus
684 2487 756 2509 non
788 2482 908 2522 potest
936 2477 1055 2510 facere
1085 2477 1255 2511 accidens
1285 2489 1368 2511 esse
1399 2477 1479 2511 sine
1509 2476 1690 2523 subjectu,
1722 2490 1787 2511 nec
1819 2477 1943 2523 plures
1974 2478 2115 2511 dimen-

240 2539 366 2574 siones
390 2540 500 2575 simul
524 2553 620 2575 esse.

331 2612 407 2646 142.
428 2612 537 2656 Quod
562 2624 606 2646 ex
630 2613 840 2648 diversitate
866 2613 1029 2648 locorum
1055 2614 1293 2660 acquiruntur
1319 2615 1556 2649 necessitates
1581 2622 1789 2650 eventuum.

331 2683 406 2716 143.
428 2683 535 2727 Quod
565 2695 608 2717 ex
638 2684 795 2718 diversis
825 2685 943 2731 signis
972 2685 1041 2719 celi
1071 2685 1264 2732 signantur
1293 2685 1438 2720 diverse
1470 2686 1701 2720 conditiones
1733 2686 1769 2719 in
1801 2685 2012 2721 hominibus
2044 2693 2112 2720 tam

239 2747 420 2783 donorum
444 2749 701 2795 spiritualium,
732 2763 838 2797 quam
865 2763 986 2785 rerum
1013 2752 1316 2798 temporalium⁷⁰.

331 2815 405 2849 144.
426 2815 534 2859 Quod
559 2828 667 2851 omne
692 2816 843 2860 bonum,
869 2817 967 2864 quod
997 2817 1135 2852 homini
1160 2818 1338 2865 possibile
1369 2825 1438 2861 est,
1462 2819 1631 2854 consistit
1661 2819 1697 2853 in
1728 2819 1924 2854 virtutibus
1954 2819 2112 2853 intellec-

240 2879 412 2916 tualibus.

331 2947 406 2982 145.
427 2948 534 2992 Quod
560 2949 658 2983 nulla
683 2950 827 2996 questio
853 2957 910 2985 est
933 2950 1166 2997 disputabilis
1188 2963 1252 2998 per
1272 2951 1462 2994 rationem,
1483 2963 1590 2998 quam
1611 2951 1853 2998 philosophus
1880 2962 1951 2985 non
1978 2950 2109 2986 debeat
