2580 3528
467 379 532 412 296
1049 390 1367 412 ann‘rULARNJM
1402 388 1592 411 UNtvEns.
1629 388 1759 411 PARIS.
2239 381 2340 421 [1255

468 462 721 504 decernentes,
743 475 886 496 necnon
907 463 951 496 ad
972 463 1159 508 pristinam
1185 462 1387 495 libertatem
1410 468 1569 494 nostram
1592 467 1627 494 et
1647 467 1778 494 statum
1802 461 2003 508 antiquum,
2025 462 2062 496 in
2083 475 2155 508 quo
2176 470 2340 509 tempore

467 535 588 562 vestre
627 529 868 574 promotionis
907 541 1068 570 eramus,
1103 529 1213 562 salvis
1247 529 1283 561 in
1319 527 1488 561 omnibus
1524 534 1559 560 et
1598 539 1662 572 per
1695 528 1815 561 omnia
1853 528 2083 563 libertatibus
2122 530 2340 564 Parisiensis

468 595 637 636 ecclesie,
659 607 726 628 nos
748 595 890 640 pietatis
911 595 1042 628 intuitu
1063 595 1293 635 reducentes,
1315 594 1359 626 ad
1380 593 1559 626 dictorum
1580 594 1729 626 fratrum
1755 594 1979 638 societatem,
2000 608 2105 641 quam
2127 597 2339 630 servitutem

467 661 718 706 gravissimam
739 673 778 694 ac
799 661 905 694 nobis
926 661 1086 693 illicitam
1113 667 1334 705 reputamus,
1358 671 1425 692 nos
1451 666 1575 692 contra
1601 661 1715 693 Deum
1742 667 1778 694 et
1802 661 1975 695 canonica
1994 674 2034 695 ac
2053 662 2215 708 legitima
2236 663 2341 696 insti-

468 734 541 760 tuta
562 740 694 773 cogere
716 739 787 760 non
804 727 935 760 velitis.
954 727 1139 771 Alioquin,
1158 738 1237 758 cum
1261 726 1340 758 sine
1361 726 1497 759 nostris
1518 733 1554 759 et
1573 726 1726 760 aliorum
1747 727 1936 773 periculis,
1953 740 2023 774 que
2044 729 2157 774 parati
2173 741 2340 763 essemus

468 794 504 826 in
532 793 742 838 provinciali
763 800 824 826 aut
842 793 1005 837 generali
1026 792 1205 833 Concilio,
1228 792 1322 825 sicut
1341 792 1544 837 predictum
1567 800 1635 835 est,
1657 793 1855 836 declarare,
1876 795 1920 828 ad
1941 795 2150 829 societatem
2178 803 2338 830 nostram

467 872 531 893 eos
551 860 749 893 secundum
773 866 901 891 statum
924 871 1047 891 eorum
1071 865 1277 903 presentem
1299 858 1410 892 salvis
1429 859 1665 893 conscientiis
1686 860 1876 894 admittere
1892 873 2130 906 nequeamus,
2147 863 2338 905 noveritis,

467 938 533 959 1105
554 926 674 971 potius
695 926 854 958 studium
876 931 1040 957 nostrum
1062 925 1098 957 in
1119 937 1272 970 regnum
1298 925 1398 958 aliud
1423 925 1662 959 translaturos
1682 933 1743 960 aut
1762 927 1793 960 si
1814 927 1913 961 aliud
1932 927 2037 962 vobis
2058 928 2340 974 prohibentibus

466 993 582 1025 facere
603 1004 676 1024 non
697 1003 903 1036 possemus,
926 991 1041 1036 magis
1062 991 1234 1036 eligimus
1256 1003 1335 1024 cum
1353 993 1493 1037 jactura
1514 999 1638 1026 nostra
1659 993 1820 1026 studium
1842 994 2084 1039 relinquendo
2105 995 2149 1028 ad
2170 996 2340 1041 proprios

466 1059 559 1091 lares
585 1058 717 1091 reverti
739 1057 843 1090 011111
869 1058 985 1090 nativa
1011 1058 1149 1102 perfrui
1175 1057 1356 1100 libertate,
1378 1071 1483 1104 quam
1512 1066 1635 1093 coacte
1662 1072 1702 1093 ac
1729 1060 1936 1105 periculose
1964 1061 2149 1095 societatis
2176 1062 2338 1107 ipsorum

465 1125 611 1157 fratrum
646 1124 820 1157 servitute
855 1124 1076 1157 intolerabili
1109 1125 1290 1158 suffocari.
1327 1126 1408 1169 Quo
1442 1137 1542 1168 casu,
1573 1127 1672 1171 quod
1707 1126 1812 1169 absit,
1851 1128 2087 1174 contingente
2121 1140 2195 1161 non
2228 1128 2340 1175 longe

466 1191 615 1223 distaret
645 1190 689 1223 ab
724 1190 877 1223 ecclesia
913 1190 972 1223 illa
1006 1191 1211 1224 maledictio
1244 1192 1388 1225 Isaiae:
1418 1207 1434 1224 «
1462 1194 1600 1226 Exceca
1635 1206 1698 1226 cor
1731 1193 1857 1239 populi
1891 1194 2013 1240 hujus,
2051 1201 2086 1228 et
2118 1206 2225 1228 aures
2260 1196 2339 1241 ejus

464 1269 631 1302 aggrava,
654 1263 689 1290 et
709 1257 836 1290 0011105
858 1258 937 1301 ejus
959 1257 1100 1291 claude.
1120 1271 1136 1289 »
1154 1260 1256 1292 Tunc
1278 1259 1372 1292 enim
1395 1266 1545 1305 propter
1566 1260 1745 1293 defectum
1768 1261 1919 1295 scientie
1936 1261 2071 1306 fierent
2090 1262 2339 1307 speculatores

464 1323 619 1356 ecclesie
658 1324 733 1356 ceci
772 1336 912 1365 omnes,
943 1336 1052 1357 canes
1082 1326 1172 1358 muti
1208 1338 1282 1359 non
1315 1326 1478 1366 valentes
1512 1326 1656 1360 latrare.
1688 1329 1789 1361 Tunc
1825 1328 2011 1362 Samsonis
2044 1328 2174 1374 vulpes
2206 1329 2340 1363 caudas

465 1390 639 1423 habentes
660 1391 703 1423 ad
725 1390 879 1423 invicem
905 1391 1094 1436 colligatas
1119 1392 1247 1437 procul
1269 1392 1381 1426 dubio
1403 1400 1563 1439 segetes,
1584 1394 1710 1427 vineas
1736 1401 1771 1427 et
1795 1394 1926 1428 oliveta
1947 1395 2103 1428 ecclesie
2128 1395 2230 1429 nullo
2255 1407 2340 1441 pro-

464 1456 612 1490 hibente
633 1457 892 1490 inevitabiliter
912 1465 1199 1491 concremarent.
1221 1460 1322 1492 Tunc
1344 1460 1463 1501 etiam,
1487 1460 1585 1505 quod
1606 1460 1713 1502 absit,
1735 1461 1934 1494 finiendum
1956 1462 2053 1494 Petri
2073 1462 2193 1495 timeri
2213 1469 2341 1508 posset

465 1524 655 1568 imperium
679 1525 779 1568 juxta
809 1524 1040 1557 heresiarche
1064 1525 1241 1558 Joachimi
1269 1525 1480 1572 prophetias
1507 1527 1544 1559 in
1570 1527 1665 1560 libro
1692 1527 1770 1570 illo,
1801 1528 1862 1573 qui
1893 1528 2099 1573 perniciose
2130 1536 2166 1562 et
2193 1529 2347 1562 damna-

464 1590 586 1623 biliter
622 1591 798 1624 Eternum
831 1591 1068 1637 Evangelium
1108 1592 1340 1637 appellatur⁸.
1375 1595 1542 1628 Vestram
1581 1594 1710 1639 igitur,
1751 1601 1853 1640 pater
1895 1601 2036 1637 sancte,
2076 1595 2340 1641 benignitatem
2387 1639 2389 1641 ι

462 1658 632 1690 attentius
658 1669 861 1699 exoramus,
888 1665 927 1691 ut
958 1658 1225 1704 beneplacitum
1251 1666 1412 1693 vestrum
1437 1672 1548 1706 super
1569 1661 1759 1706 premissis
1787 1661 1907 1703 nobis,
1930 1661 1961 1695 si
1982 1661 2112 1707 placet,
2134 1662 2214 1695 sine
2238 1674 2339 1696 more

465 1724 657 1769 dispendio
679 1724 937 1766 rescribentes,
960 1726 1097 1759 animas
1123 1732 1267 1759 nostras
1293 1727 1431 1760 diutius
1457 1727 1685 1772 suspendere
1706 1740 1779 1760 non
1799 1728 1932 1770 velitis,
1955 1728 2020 1761 sed
2041 1728 2139 1761 finali
2159 1740 2339 1774 responso

463 1797 585 1823 vestro
612 1791 722 1823 corda
753 1798 874 1824 nostra
906 1792 1067 1836 quietare
1096 1793 1313 1838 dignemini,
1340 1800 1380 1827 ut
1409 1794 1611 1827 secundum
1638 1794 1736 1839 quod
1761 1795 1964 1840 predictum
1993 1802 2059 1837 est,
2088 1795 2340 1829 incunctanter

465 1857 571 1891 nobis
592 1865 628 1890 et
648 1858 769 1891 studio
792 1865 917 1891 nostro
949 1859 1142 1904 providere
1173 1860 1402 1893 commodius
1434 1861 1629 1894 valeamus.
1662 1861 1768 1904 Quod
1799 1862 1830 1894 si
1860 1861 2137 1907 rescriptionem
2167 1868 2338 1904 vestram,

464 1925 561 1969 quod
589 1924 694 1966 absit,
725 1925 900 1959 duxeritis
930 1926 1180 1968 differendam,
1210 1927 1410 1960 timendum
1438 1934 1494 1961 est
1521 1927 1757 1961 vehementer
1791 1939 1836 1960 ne
1868 1928 2028 1961 studium
2059 1934 2223 1961 nostrum
2256 1940 2340 1974 pre-

466 1991 615 2032 dictum,
637 1991 733 2035 quod
756 1992 799 2024 de
822 1992 879 2024 dic
901 1993 937 2025 in
959 1993 1054 2025 diem
1075 2000 1146 2026 tam
1168 1994 1205 2026 in
1226 2006 1379 2027 numero
1404 2006 1644 2039 personarum
1671 2006 1777 2039 quam
1798 1995 1835 2027 in
1855 1995 1999 2028 fervore
2025 1994 2198 2028 studendi
2223 1995 2340 2041 magis

465 2069 504 2089 ac
526 2058 640 2102 magis
667 2059 841 2091 minuitur
867 2066 1015 2104 propter
1041 2060 1302 2105 negligentiam
1329 2061 1552 2106 corrigendi,
1575 2061 1667 2094 infra
1692 2060 1803 2095 breve
1829 2067 1972 2106 tempus
1993 2061 2141 2094 omnino
2162 2062 2341 2108 irrepara-

466 2123 587 2157 biliter
608 2124 826 2158 destruatur.
849 2127 923 2159 Nos
944 2133 1061 2159 autem
1090 2127 1253 2172 magistri
1275 2133 1310 2160 et
1330 2127 1515 2160 auditores
1537 2128 1698 2160 omnium
1719 2127 1941 2170 facultatum,
1963 2128 2148 2173 magistris
2167 2128 2340 2162 fratribus

465 2198 645 2223 eteorum
671 2192 899 2225 auditoribus
926 2194 1096 2227 duntaxat
1123 2194 1296 2239 exceptis,
1319 2194 1488 2239 quoniam
1516 2194 1679 2240 sigillum
1707 2206 1898 2228 commune
1918 2207 1992 2228 non
2012 2194 2188 2228 habemus
2214 2201 2340 2240 utpote

465 2257 508 2290 ab
531 2258 785 2292 Universitatis
811 2259 968 2305 collegio
1000 2261 1168 2305 separati,
1196 2260 1330 2306 sigillis
1362 2267 1515 2306 quatuor
1545 2261 1730 2294 nationum
1757 2261 1800 2294 ab
1826 2261 1974 2306 antiquo
2000 2261 2161 2295 Parisius
2189 2262 2341 2295 distinc-

466 2331 578 2357 tarum
605 2325 642 2357 in
667 2325 731 2358 hac
753 2326 870 2359 littera
892 2327 948 2359 usi
971 2339 1110 2360 sumus.
1133 2329 1261 2360 Datum
1283 2328 1444 2361 Parisius
1465 2329 1498 2373 vj
1526 2340 1611 2361 non.
1635 2327 1818 2370 Octobris,
1841 2340 1935 2361 anno
1955 2328 2101 2361 Domini
2121 2330 2170 2361 M⁰
2182 2329 2255 2362 CC⁰
2265 2329 2338 2363 LV.

558 2415 619 2437 Cod.
638 2415 694 2437 Vat.
712 2415 774 2446 Reg.
792 2417 845 2443 (106,
864 2416 907 2439 sol.
925 2416 980 2439 filib.
997 2416 1074 2439 Deest
1089 2416 1115 2439 in
1131 2417 1199 2440 Bibl.
1223 2416 1355 2448 Phillipps
1376 2417 1402 2440 in
1423 2417 1603 2446 Cheltenham,
1624 2425 1674 2440 ms.
1695 2418 1749 2441 876.
1765 2431 1796 2435 —
1811 2417 1879 2441 Bibl.
1897 2417 2008 2449 Collegit
2029 2417 2107 2449 Corp.
2129 2417 2228 2441 Christi
2243 2417 2340 2441 Canta-

467 2458 577 2489 brigiae,
593 2467 642 2482 ms.
660 2460 713 2487 107,
729 2468 755 2490 p.
773 2460 830 2488 107;
848 2460 920 2483 deest
935 2460 1047 2489 initium,
1062 2464 1088 2484 et
1101 2469 1242 2492 perperam
1257 2461 1411 2485 inscribitur
1425 2470 1437 2484 «
1453 2461 1565 2493 epistola
1585 2463 1696 2485 fratrum
1711 2462 1842 2485 Minorum
1857 2461 1890 2485 ad
1905 2470 2003 2493 papam
2014 2470 2036 2485 ».
2049 2475 2080 2479 —-
2094 2461 2163 2485 Bibl.
2175 2465 2229 2485 nat.
2244 2461 2339 2491 Parim,

469 2510 517 2525 ms.
534 2503 580 2526 lat.
598 2504 667 2531 9950,
687 2504 730 2526 sol.
747 2505 770 2531 4,
786 2512 816 2527 cx
831 2505 888 2528 cod.
905 2505 1049 2528 membran.
1067 2508 1120 2528 nat.
1137 2505 1272 2534 Picardae,
1290 2506 1334 2529 fol.
1352 2506 1405 2529 106.
1421 2520 1452 2523 —
1467 2506 1590 2534 Bulaeus,
1607 2506 1652 2534 111,
1670 2507 1724 2529 288.

561 2573 582 2596 1.
604 2574 690 2604 Supra
705 2578 734 2596 n⁰
752 2575 806 2598 2117.
822 2589 853 2592 —
868 2576 889 2598 2.
908 2584 919 2598 ((
936 2575 1100 2599 Occisionem
1120 2585 1131 2599 »
1147 2585 1199 2600 om.
1221 2577 1284 2600 cod.
1305 2578 1365 2608 Reg.
1381 2591 1413 2594 —
1427 2578 1449 2600 3.
1467 2577 1554 2608 Supra
1572 2581 1602 2600 n⁰
1621 2578 1676 2601 248.
1689 2590 1722 2594 —
1735 2578 1758 2600 4.
1775 2577 1838 2601 Cod.
1855 2577 1911 2600 vat.
1930 2585 1936 2600 ι
1953 2585 1965 2600 (1
1981 2576 2126 2600 militorum
2142 2584 2165 2600 ».
2179 2590 2211 2594 ·—
2226 2578 2248 2600 5.
2264 2575 2341 2600 Guil-

469 2617 562 2639 lelmns
583 2618 613 2639 de
635 2618 660 2640 S.
682 2619 774 2641 Amore
794 2619 836 2642 hic
856 2620 942 2650 primo
962 2624 1052 2651 aperte
1072 2624 1101 2644 ut
1120 2621 1268 2644 contrarius
1289 2621 1416 2644 fratribus
1432 2621 1640 2645 Mendicantibus
1661 2620 1816 2645 nominatim
1836 2621 1953 2650 affertur,
1970 2621 2091 2653 quamvis
2110 2620 2166 2652 ejus
2183 2620 2239 2651 jam
2259 2628 2342 2652 supra

470 2660 502 2683 nin
522 2661 575 2689 122,
598 2662 651 2689 172,
673 2662 725 2689 173,
750 2664 803 2691 238,
826 2664 921 2687 mentio
943 2666 1010 2688 facta
1031 2665 1073 2688 sit.
1094 2679 1126 2683 —-
1147 2667 1170 2689 6.
1191 2665 1284 2689 Nescio
1308 2674 1341 2689 an
1367 2665 1410 2688 hic
1432 2674 1518 2689 sermo
1538 2665 1573 2689 sit
1591 2664 1623 2689 de
1643 2665 1778 2690 Guillelmi
1797 2665 1866 2689 libro
1889 2666 1989 2689 famoso
2007 2673 2012 2688 τ
2037 2665 2187 2689 Tractatus
2206 2665 2294 2690 brevis
2309 2666 2342 2690 de

468 2705 605 2735 periculis
623 2707 842 2731 novissimorum
859 2713 1026 2738 temporum,
1048 2710 1079 2733 de
1095 2719 1146 2741 quo
1162 2710 1306 2733 Alexander
1324 2710 1357 2733 IV
1375 2713 1468 2741 postea
1489 2710 1567 2740 (infra
1586 2714 1616 2733 n⁰
1635 2710 1690 2742 288)
1705 2709 1779 2739 dixit,
1799 2710 1826 2733 in
1843 2710 1902 2741 ipso
1916 2709 1990 2733 inter
2004 2709 2056 2733 alia
2072 2709 2201 2740 quaedam
2215 2717 2342 2740 perversa

470 2752 560 2771 contra
575 2753 731 2780 potestatem
751 2754 776 2774 et
795 2753 977 2776 auctoritatem
997 2754 1107 2777 Romani
1127 2755 1260 2786 pontificis
1280 2754 1416 2778 contineri.
1438 2748 1513 2778 Ce‘rte
1532 2754 1582 2777 iste
1600 2754 1678 2783 liber,
1698 2754 1772 2786 cujus
1795 2755 1824 2777 23
1844 2754 1919 2777 codd.
1940 2762 2003 2777 mss.
2025 2753 2197 2785 inspeximus,
2217 2761 2259 2777 an.
2281 2754 2342 2777 1255

470 2793 555 2824 primo
571 2794 702 2825 apparuit,
719 2803 779 2818 nam
795 2796 951 2820 Guillclmus
971 2798 1027 2829 ipse
1047 2798 1073 2821 in
1094 2807 1151 2830 cap.
1175 2800 1189 2822 8
1210 2799 1355 2822 secundum
1374 2807 1438 2822 mss.
1460 2798 1621 2830 antiquiores
1641 2802 1667 2822 et
1685 2798 1802 2822 melioris
1822 2795 1898 2822 notas
1918 2798 2043 2826 affirmat,
2063 2796 2156 2821 horam
2175 2798 2342 2821 undecimam

471 2837 566 2860 durare
581 2837 614 2860 ab
630 2838 742 2861 adventu
760 2839 861 2862 Domini
878 2849 960 2872 usque
976 2842 1001 2864 in
1017 2843 1095 2866 finem
1110 2843 1210 2871 mundi,
1230 2852 1242 2866 ((
1258 2846 1283 2866 et
1298 2846 1398 2866 certum
1413 2846 1461 2870 est,
1478 2842 1630 2874 hujusmodi
1650 2842 1713 2865 hore
1733 2842 1770 2874 xj‘³
1787 2842 1843 2874 jam
1862 2842 1989 2865 transacti
2004 2845 2066 2865 sunt
2083 2841 2155 2865 mille
2169 2842 2226 2865 cclv
2240 2842 2302 2865 anni
2318 2850 2340 2870 »‚

471 2882 540 2912 quod
555 2885 580 2904 et
594 2882 620 2904 in
635 2883 725 2905 codem
740 2892 797 2915 cap.
814 2885 916 2915 repetit.
933 2886 972 2909 Cf.
989 2886 1097 2918 insuper
1112 2888 1174 2911 edit.
1190 2887 1359 2911 Constantine
1378 2888 1467 2918 (1632),
1483 2896 1510 2919 p.
1527 2888 1556 2910 37
1573 2895 1611 2918 sq.
1629 2885 1695 2910 Huic
1714 2887 1856 2910 concordat
1874 2886 1996 2917 Explicit
2010 2885 2037 2910 in
2053 2886 2115 2910 Cod.
2134 2887 2189 2909 Vat-
2213 2886 2259 2910 lut.
2281 2887 2342 2910 1160

472 2927 550 2955 (saec.
566 2926 643 2956 XIII),
666 2927 709 2950 rol.
726 2927 774 2950 471»
789 2936 793 2951 :
812 2937 822 2951 (ι
839 2929 952 2960 Explicit
970 2931 1038 2954 liber
1052 2932 1167 2963 scriptus
1182 2932 1301 2956 Parisius
1317 2935 1408 2955 contra
1422 2931 1556 2963 ypocritas
1572 2935 1597 2955 et
1613 2932 1693 2955 salsos
1709 2931 1848 2962 religiosos
1865 2939 1880 2954 0
1895 2931 2024 2963 magistro
2039 2931 2177 2954 Wilhelmo
2195 2932 2227 2955 de
2246 2932 2342 2955 Sancto

2570 3479 2580 3528 ‚us-2
2575 3426 2580 3443 -.
2573 3400 2580 3411 .‹.
2579 3384 2580 3387 „
2578 3338 2580 3343 ,
2579 3294 2580 3297 Α
