2580 3528
239 390 336 431 1259]
574 400 622 422 ΑΒ
655 399 761 421 Anno
793 399 872 422 uec
907 399 1040 427 usone
1075 399 1123 420 An
1158 399 1389 420 rniLlrrUM
1425 399 1465 421 iv
1501 399 1592 421 aas.
1629 400 1768 421 raxxc.
2047 391 2113 423 405

235 485 365 519 preces
400 484 528 506 omnes
557 473 595 506 in
624 472 693 506 hoc
722 484 821 511 casu,
853 473 986 505 etenim
1019 472 1137 517 ipsum
1169 479 1336 517 tanquam
1375 479 1576 505 monstrum
1608 473 1653 505 de
1684 473 1786 517 regui
1828 474 1940 506 nostri
1980 474 2114 506 finibus

235 539 412 586 perpetim
438 539 690 584 disposuimus
712 538 910 572 admoveri.

327 637 396 661 Bibt.
412 640 466 660 nat.
482 636 578 665 Paris„
600 644 650 660 ms.
666 637 711 660 tat.
727 637 799 665 9376,
815 636 860 660 fol.
878 636 917 660 71.
932 649 961 654 ·-
976 634 1114 663 Jourdnin,
1130 639 1160 658 n⁰
1176 635 1228 658 167.

327 721 349 744 1.
369 721 417 744 Mu.
434 728 440 744 :
459 729 470 743 κ
485 723 603 752 potestas
619 720 642 744 si
657 728 720 744 sane
735 720 866 744 debettam
882 728 904 743 ι).

231 856 345 894 357.
368 853 495 892 Litterae
510 863 645 890 ludovici
660 864 736 899 regis
751 863 792 890 ad
806 863 1005 891 Alexandrum
1021 865 1126 900 IVpro
1141 863 1236 890 reditu
1254 863 1399 890 Gnillelmi
1412 863 1448 889 de
1464 864 1569 889 Sancto
1584 864 1688 889 Amore
1704 863 1731 889 in
1746 863 1885 899 patriam.

322 967 558 1001 Sanctissimo
589 966 680 1012 patri
703 978 743 1000 ac
767 966 916 999 domino
939 965 1147 999 Alexandro
1171 965 1237 998 Dei
1260 965 1373 1010 gratia
1397 977 1539 998 summo
1566 965 1727 1010 pontifici
1752 965 1960 998 Ludovicus
1985 965 2109 998 eadem

229 1034 344 1080 gratia
381 1045 443 1067 rex
480 1034 698 1067 Francorum
739 1032 973 1066 devotissima
1010 1032 1142 1077 pedum
1180 1031 1303 1065 oscula
1341 1031 1542 1065 beatorum.
1587 1031 1767 1065 Generosi
1805 1038 1889 1064 sunt
1927 1031 2111 1077 principes

229 1106 326 1134 terre
351 1107 386 1134 et
410 1111 590 1146 generosa
615 1099 771 1133 emicant
799 1098 995 1144 parentela,
1023 1098 1085 1144 qui
1111 1105 1245 1143 quanto
1270 1098 1531 1143 generosiores
1560 1105 1658 1139 sunt,
1682 1104 1780 1131 tanto
1805 1098 1922 1142 magis
1950 1098 2109 1143 rigorem

228 1166 338 1200 animi
368 1166 425 1200 sui
454 1166 651 1200 multorum
678 1165 782 1199 decet
807 1164 978 1211 precibus
1004 1164 1173 1206 emolliri,
1201 1165 1297 1210 quia,
1325 1165 1417 1198 sicut
1443 1165 1530 1198 dicit
1556 1165 1704 1206 Seneca,
1731 1176 1936 1209 generosus
1967 1165 2109 1198 animus

228 1240 296 1275 est,
328 1233 390 1279 qui
419 1233 463 1266 ad
493 1233 662 1266 virtutem
693 1231 787 1265 bene
818 1231 1037 1276 disponitur.
1069 1231 1190 1264 Animi
1222 1231 1336 1276 pietas
1365 1238 1483 1264 autem
1515 1231 1630 1264 virtus
1661 1238 1728 1272 est,
1760 1231 1855 1264 sicut
1888 1238 2110 1276 protestatur

228 1299 345 1332 series
367 1295 647 1344 scripturarum;
672 1305 707 1330 et
729 1297 798 1330 hoc
820 1297 925 1330 etiam
951 1309 1015 1342 per
1038 1297 1189 1330 effectus
1210 1309 1298 1329 suos
1319 1296 1612 1342 comprobamus,
1638 1309 1708 1342 que
1729 1296 1895 1330 homines
1917 1297 2107 1330 discordes

227 1365 264 1399 in
301 1365 575 1399 consonantiam
615 1364 749 1410 redigit
787 1363 1020 1397 luculentam.
1062 1363 1154 1397 Sane
1193 1363 1307 1396 nostri
1348 1360 1533 1409 rigorenf
1547 1363 1656 1396 animi
1696 1364 1913 1397 Parisiensis
1957 1364 2001 1397 ad
2042 1364 2108 1397 hec

226 1431 368 1466 induxit
398 1431 626 1466 Universitas
657 1430 817 1464 assiduis
849 1442 996 1476 precum
1035 1429 1236 1471 blanditiis,
1274 1436 1311 1462 ut
1349 1429 1430 1463 talis
1468 1430 1654 1475 magister,
1692 1431 1753 1475 qui
1791 1431 1965 1463 offensam
2006 1431 2106 1475 regie

224 1499 431 1545 ingesserat
465 1497 657 1544 majestati,
694 1497 813 1543 ipsum
845 1496 977 1530 sentiat
1008 1496 1178 1529 decetero
1212 1496 1406 1537 mitiorem,
1440 1503 1475 1529 et
1506 1508 1613 1541 quem
1645 1497 1846 1529 feceramus
1879 1497 1923 1529 de
1958 1498 2110 1530 Francia·

224 1564 360 1599 finibus
383 1565 580 1607 admoveri,
605 1564 724 1610 ipsum
748 1563 793 1597 ad
818 1575 886 1596 nos
907 1562 1076 1604 velimus,
1102 1563 1172 1595 nisi
1195 1562 1240 1596 ab
1263 1562 1351 1595 h0c¹
1375 1569 1494 1596 vestra
1519 1562 1703 1608 discrepet
1722 1563 1906 1602 sanctitas,
1930 1564 2104 1596 revocari.

223 1632 315 1666 Cum
341 1631 454 1678 igitur
477 1630 698 1665 venerabilis
724 1629 918 1663 multitudo
943 1629 1105 1663 Parisius
1130 1629 1355 1662 studentium
1382 1629 1439 1662 sui
1465 1629 1511 1662 sit
1537 1641 1644 1662 causa
1670 1629 1781 1670 exilii,
1806 1630 1911 1674 cujus
1935 1641 1974 1662 se
1997 1641 2106 1662 cause

223 1705 446 1745 opposuerat
492 1698 736 1739 defensorem,
780 1696 990 1730 affectuosis
1037 1695 1209 1742 precibus
1254 1702 1375 1729 vestre
1420 1695 1669 1741 provolvimus
1711 1696 1890 1729 sanctitati
1935 1697 2105 1741 quatinus

222 1764 365 1810 (animi'
395 1765 511 1799 nostri
543 1764 702 1811 rigorem
735 1762 993 1797 Universitatis
1025 1762 1244 1796 Parisieusis
1276 1763 1464 1808 fregerunt
1498 1763 1638 1807 preces)
1676 1763 1851 1807 prefatum
1891 1763 2103 1808 magistrum

221 1831 309 1866 velit
329 1831 444 1865 nostri
464 1831 556 1864 fines
586 1830 704 1876 regni,
731 1829 763 1862 si
790 1829 940 1875 placeat,
967 1828 1097 1863 iterum
1127 1829 1289 1862 visitare.

314 1927 383 1951 Bibl.
400 1930 455 1952 nat.
472 1927 567 1956 Paris„
584 1935 635 1951 mn.
651 1927 696 1951 lut.
713 1927 785 1956 9³76,
803 1927 846 1951 fol.
864 1927 902 1951 71.
918 1940 949 1945 —-
965 1926 1104 1955 Jourdnin,
1119 1931 1147 1950 η’
1165 1927 1218 1950 168.

314 2011 337 2036 1.
355 2011 403 2036 Hs.
421 2019 426 2035 :
445 2019 457 2035 α
472 2011 506 2035 ud
520 2011 568 2035 hec
583 2019 648 2035 ».—
662 2012 686 2035 2.
702 2011 750 2035 Hs.
768 2018 774 2034 ι
794 2019 806 2034 α
823 2018 940 2035 amorem
956 2018 978 2034 n.

189 2186 200 2192 ”
220 2171 334 2210 358.
361 2180 545 2218 Theopham'a
568 2181 662 2208 vendit
682 2181 826 2216 fratribus
845 2180 961 2208 Ordinis
977 2182 1170 2208 Eremiearum
1187 2183 1214 2207 S.
1233 2181 1389 2216 Augustini
1404 2181 1517 2207 domum
1533 2190 1596 2207 cum
1617 2181 1697 2207 hor-lo
1718 2185 1801 2207 extra
1814 2186 1929 2218 portam
1947 2185 1973 2208 S.
1992 2183 2099 2208 Eusta-

309 2229 375 2265 chii,
402 2238 457 2266 quo
477 2229 536 2256 itur
549 2229 591 2256 ad
609 2231 733 2256 Mentem
749 2230 917 2266 Martyrum.

1311 2266 1385 2296 1259.
1400 2274 1490 2293 monae
1504 2266 1644 2296 Decembri.
1661 2265 1681 2300 [
1681 2267 1787 2293 Par-lolia
1787 2266 1813 2301 J.

308 2340 499 2374 Universis
521 2346 711 2386 presentes
732 2339 871 2373 litteras
894 2339 1116 2385 inspecturis
1139 2339 1303 2373 officiatis
1326 2340 1426 2373 curie
1450 2340 1668 2373 parisiensis
1692 2340 1843 2374 salutem
1868 2341 1904 2374 in
1929 2342 2096 2374 Domino.

217 2407 349 2440 Notum
374 2406 526 2440 facimus
551 2405 650 2451 quod
674 2417 795 2439 coram
820 2405 928 2440 nobis
953 2405 1148 2439 constituta
1173 2405 1408 2451 Theophania
1434 2405 1557 2439 relicta
1584 2406 1743 2439 defuncti
1779 2406 1933 2452 Philippi
1967 2408 2097 2441 Comin

216 2473 374 2507 asseruit
396 2472 494 2518 quod
524 2472 601 2518 ipsa
633 2471 800 2521 habebat,
827 2471 974 2506 tenebat
998 2479 1034 2505 et
1058 2471 1270 2517 possidebat
1295 2472 1474 2517 quandam
1499 2472 1645 2505 domum
1670 2484 1750 2506 cum
1775 2473 1930 2518 quodam
1950 2474 2096 2518 jardino

217 2539 335 2573 eidem
372 2539 496 2573 domui
532 2538 720 2584 adjacente
757 2539 861 2572 sitam
899 2538 1060 2572 Parisius
1092 2545 1189 2572 extra
1223 2550 1348 2572 muros
1380 2538 1472 2572 ultra
1506 2545 1644 2584 portam
1683 2539 1803 2573 Sancti
1840 2540 2025 2574 Eustachii
2060 2541 2096 2574 in

215 2605 310 2648 vico,
350 2617 415 2652 per
450 2617 557 2651 quem
595 2605 667 2639 itur
701 2605 746 2639 ad
783 2606 943 2639 Montem
980 2606 1190 2651 Martyrum,
1228 2605 1265 2638 in
1301 2611 1395 2638 terra
1431 2611 1467 2638 et
1502 2605 1664 2638 dominio
1701 2606 1838 2639 domini
1880 2607 2096 2640 Parisiensis

216 2672 393 2718 episcopi,
418 2679 600 2706 oneratam
625 2672 661 2705 in
684 2671 922 2718 quadraginta
943 2678 979 2705 et
994 2683 1067 2705 uno
1088 2671 1208 2705 solido
1226 2671 1418 2717 parisiens.
1441 2671 1676 2705 censualibus
1697 2671 1831 2706 debitis
1853 2680 1887 2706 et
1908 2673 2096 2708 solvendis

215 2738 399 2772 annuatim
434 2738 532 2772 dicto
573 2738 722 2772 domino
760 2738 957 2772 Parisiensi
997 2738 1184 2784 episcopo,
1229 2744 1266 2771 ut
1307 2737 1462 2780 dicebat,
1506 2738 1714 2784 contiguam
1751 2739 1893 2773 culture
1930 2741 2092 2785 ejusdem

216 2804 380 2850 episcopi
410 2811 449 2839 ut
477 2804 677 2846 asserebat,
708 2817 813 2851 quam
845 2804 1026 2850 siquidem
1059 2804 1205 2838 domum
1236 2816 1316 2838 cum
1349 2804 1445 2837 dicto
1470 2804 1616 2849 jardino
1647 2811 1682 2838 et
1711 2805 1882 2839 omnibus
1911 2806 1992 2839 aliis
2017 2807 2095 2840 suis

216 2871 467 2917 pertinenciis,
499 2878 606 2917 prout
635 2883 674 2905 se
705 2878 907 2918 comportat
934 2878 1016 2905 ante
1047 2878 1083 2904 et
1112 2878 1222 2912 retro,
1255 2871 1290 2904 in
1323 2870 1512 2904 latitudine
1543 2878 1576 2904 et
1607 2870 1851 2916 longitudine,
1878 2873 2030 2906 inferius
2061 2881 2092 2906 ct

215 2937 399 2983 superius,
430 2938 630 2972 secundum
662 2937 862 2984 quamlibet
891 2937 960 2972 sibi
993 2944 1142 2984 partem,
1176 2938 1311 2983 prefata
1341 2936 1575 2983 Theophania
1605 2950 1724 2971 coram
1756 2938 1862 2971 nobis
1900 2940 2093 2972 constituta
