<?xml version="1.0" encoding="UTF-8"?>
<!DOCTYPE html PUBLIC "-//W3C//DTD XHTML 1.0 Transitional//EN"
    "http://www.w3.org/TR/xhtml1/DTD/xhtml1-transitional.dtd">
<html xmlns="http://www.w3.org/1999/xhtml" xml:lang="en" lang="en">
 <head>
  <title>
</title>
<meta http-equiv="Content-Type" content="text/html;charset=utf-8" />
  <meta name='ocr-system' content='tesseract 3.04.00' />
  <meta name='ocr-capabilities' content='ocr_page ocr_carea ocr_par ocr_line ocrx_word'/>
</head>
<body>
  <div class='ocr_page' id='page_1' title='image "./chartulariumuniv01univuoft_0238.png"; bbox 0 0 2580 3528; ppageno 0'>
   <div class='ocr_carea' id='block_1_1' title="bbox 447 400 2322 441">
    <p class='ocr_par' dir='ltr' id='par_1_1' title="bbox 447 400 2322 441">
     <span class='ocr_line' id='line_1_1' title="bbox 447 400 2322 441; baseline -0.001 -7"><span class='ocrx_word' id='word_1_1' title='bbox 447 401 509 434; x_wconf 84' lang='lat'>196</span> <span class='ocrx_word' id='word_1_2' title='bbox 550 410 553 412; x_wconf 84' lang='grc'><em>·</em></span> <span class='ocrx_word' id='word_1_3' title='bbox 786 428 791 434; x_wconf 90' lang='grc'>,</span> <span class='ocrx_word' id='word_1_4' title='bbox 1024 409 1347 431; x_wconf 68' lang='lat' dir='ltr'>CHARTULAMUM</span> <span class='ocrx_word' id='word_1_5' title='bbox 1382 409 1572 431; x_wconf 68' lang='lat' dir='ltr'>cmvsns.</span> <span class='ocrx_word' id='word_1_6' title='bbox 1610 409 1739 431; x_wconf 68' lang='grc'>1111115.</span> <span class='ocrx_word' id='word_1_7' title='bbox 2223 400 2322 441; x_wconf 73' lang='lat'><strong>{1246</strong></span> 
     </span>
    </p>
   </div>
   <div class='ocr_carea' id='block_1_2' title="bbox 436 483 2322 1332">
    <p class='ocr_par' dir='ltr' id='par_1_2' title="bbox 436 483 2322 1332">
     <span class='ocr_line' id='line_1_2' title="bbox 443 483 2321 530; baseline -0.001 -11"><span class='ocrx_word' id='word_1_8' title='bbox 443 485 514 518; x_wconf 86' lang='lat' dir='ltr'>fide</span> <span class='ocrx_word' id='word_1_9' title='bbox 553 497 621 518; x_wconf 89' lang='grc'>1105</span> <span class='ocrx_word' id='word_1_10' title='bbox 650 485 811 530; x_wconf 89' lang='lat' dir='ltr'>predicta</span> <span class='ocrx_word' id='word_1_11' title='bbox 842 484 973 517; x_wconf 63' lang='lat' dir='ltr'>omnia&gt;</span> <span class='ocrx_word' id='word_1_12' title='bbox 995 490 1031 516; x_wconf 92' lang='lat' dir='ltr'>et</span> <span class='ocrx_word' id='word_1_13' title='bbox 1062 483 1207 529; x_wconf 85' lang='lat' dir='ltr'>singula</span> <span class='ocrx_word' id='word_1_14' title='bbox 1233 483 1271 516; x_wconf 92' lang='grc'>111</span> <span class='ocrx_word' id='word_1_15' title='bbox 1296 490 1511 528; x_wconf 87' lang='lat' dir='ltr'>perpetuum</span> <span class='ocrx_word' id='word_1_16' title='bbox 1543 489 1764 517; x_wconf 83' lang='lat' dir='ltr'>servaturos.</span> <span class='ocrx_word' id='word_1_17' title='bbox 1805 484 2053 518; x_wconf 89' lang='lat' dir='ltr'>Promittimus</span> <span class='ocrx_word' id='word_1_18' title='bbox 2089 484 2194 518; x_wconf 86' lang='lat' dir='ltr'>etiam&#39;</span> <span class='ocrx_word' id='word_1_19' title='bbox 2223 484 2321 530; x_wconf 93' lang='lat' dir='ltr'>quod</span> 
     </span>
     <span class='ocr_line' id='line_1_3' title="bbox 442 547 2322 598; baseline -0.001 -12"><span class='ocrx_word' id='word_1_20' title='bbox 442 559 566 586; x_wconf 85' lang='lat' dir='ltr'>contra</span> <span class='ocrx_word' id='word_1_21' title='bbox 594 552 756 598; x_wconf 88' lang='lat' dir='ltr'>predicta</span> <span class='ocrx_word' id='word_1_22' title='bbox 781 551 839 585; x_wconf 95' lang='lat' dir='ltr'>vel</span> <span class='ocrx_word' id='word_1_23' title='bbox 869 551 1017 596; x_wconf 84' lang='lat' dir='ltr'>aliquod</span> <span class='ocrx_word' id='word_1_24' title='bbox 1046 551 1090 584; x_wconf 89' lang='lat' dir='ltr'>de</span> <span class='ocrx_word' id='word_1_25' title='bbox 1118 550 1293 596; x_wconf 74' lang='lat' dir='ltr'>predictis</span> <span class='ocrx_word' id='word_1_26' title='bbox 1320 562 1504 595; x_wconf 87' lang='lat' dir='ltr'>nunquam</span> <span class='ocrx_word' id='word_1_27' title='bbox 1531 550 1652 595; x_wconf 91' lang='lat' dir='ltr'>aliquo</span> <span class='ocrx_word' id='word_1_28' title='bbox 1677 557 1841 596; x_wconf 90' lang='lat' dir='ltr'>tempore</span> <span class='ocrx_word' id='word_1_29' title='bbox 1866 551 2070 594; x_wconf 77' lang='lat' dir='ltr'><strong>veniemus,</strong></span> <span class='ocrx_word' id='word_1_30' title='bbox 2095 551 2153 585; x_wconf 92' lang='lat' dir='ltr'>vel</span> <span class='ocrx_word' id='word_1_31' title='bbox 2174 547 2322 597; x_wconf 88' lang='lat' dir='ltr'>privile—</span> 
     </span>
     <span class='ocr_line' id='line_1_4' title="bbox 441 616 2321 665; baseline -0.001 -13"><span class='ocrx_word' id='word_1_32' title='bbox 441 620 542 665; x_wconf 87' lang='lat' dir='ltr'>gium</span> <span class='ocrx_word' id='word_1_33' title='bbox 563 619 802 665; x_wconf 86' lang='lat' dir='ltr'>apostolieum</span> <span class='ocrx_word' id='word_1_34' title='bbox 829 618 1058 664; x_wconf 87' lang='lat' dir='ltr'>impetrando</span> <span class='ocrx_word' id='word_1_35' title='bbox 1083 617 1141 651; x_wconf 90' lang='lat' dir='ltr'>vel</span> <span class='ocrx_word' id='word_1_36' title='bbox 1167 618 1357 662; x_wconf 88' lang='lat' dir='ltr'>impetrato</span> <span class='ocrx_word' id='word_1_37' title='bbox 1383 617 1533 659; x_wconf 88' lang='lat' dir='ltr'>utendo,</span> <span class='ocrx_word' id='word_1_38' title='bbox 1559 617 1618 650; x_wconf 90' lang='lat' dir='ltr'>vel</span> <span class='ocrx_word' id='word_1_39' title='bbox 1638 616 1758 650; x_wconf 88' lang='lat' dir='ltr'>locum</span> <span class='ocrx_word' id='word_1_40' title='bbox 1784 618 1902 663; x_wconf 89' lang='lat' dir='ltr'>ipsum</span> <span class='ocrx_word' id='word_1_41' title='bbox 1925 618 2033 651; x_wconf 88' lang='lat' dir='ltr'>alicui</span> <span class='ocrx_word' id='word_1_42' title='bbox 2053 618 2111 652; x_wconf 91' lang='lat' dir='ltr'>vel</span> <span class='ocrx_word' id='word_1_43' title='bbox 2136 618 2321 664; x_wconf 85' lang='lat' dir='ltr'><strong>aliquibus</strong></span> 
     </span>
     <span class='ocr_line' id='line_1_5' title="bbox 440 677 2320 731; baseline 0 -12"><span class='ocrx_word' id='word_1_44' title='bbox 440 686 522 719; x_wconf 89' lang='lat' dir='ltr'>aliis</span> <span class='ocrx_word' id='word_1_45' title='bbox 544 686 719 720; x_wconf 87' lang='lat' dir='ltr'>tradendo</span> <span class='ocrx_word' id='word_1_46' title='bbox 748 698 813 719; x_wconf 89' lang='lat' dir='ltr'>seu</span> <span class='ocrx_word' id='word_1_47' title='bbox 839 684 1005 731; x_wconf 89' lang='lat' dir='ltr'>quolibet</span> <span class='ocrx_word' id='word_1_48' title='bbox 1029 684 1099 718; x_wconf 89' lang='lat' dir='ltr'>alio</span> <span class='ocrx_word' id='word_1_49' title='bbox 1127 684 1247 717; x_wconf 88' lang='lat' dir='ltr'>modo.</span> <span class='ocrx_word' id='word_1_50' title='bbox 1276 677 1471 717; x_wconf 84' lang='lat' dir='ltr'>Sciendum</span> <span class='ocrx_word' id='word_1_51' title='bbox 1491 695 1579 717; x_wconf 91' lang='lat' dir='ltr'>vero</span> <span class='ocrx_word' id='word_1_52' title='bbox 1597 684 1653 717; x_wconf 86' lang='lat' dir='ltr'>est</span> <span class='ocrx_word' id='word_1_53' title='bbox 1672 684 1770 729; x_wconf 92' lang='lat' dir='ltr'>quod</span> <span class='ocrx_word' id='word_1_54' title='bbox 1791 684 1946 729; x_wconf 78' lang='lat' dir='ltr'>predicti</span> <span class='ocrx_word' id='word_1_55' title='bbox 1966 684 2091 727; x_wconf 88' lang='lat' dir='ltr'>abbas,</span> <span class='ocrx_word' id='word_1_56' title='bbox 2118 692 2320 719; x_wconf 89' lang='lat' dir='ltr'>conventus</span> 
     </span>
     <span class='ocr_line' id='line_1_6' title="bbox 441 750 2319 797; baseline -0.001 -11"><span class='ocrx_word' id='word_1_57' title='bbox 441 760 475 787; x_wconf 90' lang='lat' dir='ltr'>et</span> <span class='ocrx_word' id='word_1_58' title='bbox 504 754 634 787; x_wconf 86' lang='lat' dir='ltr'>fratres</span> <span class='ocrx_word' id='word_1_59' title='bbox 664 753 778 786; x_wconf 85' lang='lat' dir='ltr'>dictas</span> <span class='ocrx_word' id='word_1_60' title='bbox 804 753 929 787; x_wconf 86' lang='lat' dir='ltr'>vineas</span> <span class='ocrx_word' id='word_1_61' title='bbox 960 758 1131 797; x_wconf 88' lang='lat' dir='ltr'>poterunt</span> <span class='ocrx_word' id='word_1_62' title='bbox 1155 751 1328 791; x_wconf 87' lang='lat' dir='ltr'>vendere,</span> <span class='ocrx_word' id='word_1_63' title='bbox 1360 756 1582 783; x_wconf 86' lang='lat' dir='ltr'>commutare</span> <span class='ocrx_word' id='word_1_64' title='bbox 1611 750 1670 783; x_wconf 93' lang='lat' dir='ltr'>vel</span> <span class='ocrx_word' id='word_1_65' title='bbox 1690 750 1761 783; x_wconf 93' lang='lat' dir='ltr'>alio</span> <span class='ocrx_word' id='word_1_66' title='bbox 1787 751 1896 784; x_wconf 91' lang='lat' dir='ltr'>modo</span> <span class='ocrx_word' id='word_1_67' title='bbox 1921 758 2019 785; x_wconf 89' lang='lat' dir='ltr'>extra</span> <span class='ocrx_word' id='word_1_68' title='bbox 2047 764 2191 785; x_wconf 90' lang='lat' dir='ltr'>manum</span> <span class='ocrx_word' id='word_1_69' title='bbox 2218 763 2319 786; x_wconf 88' lang='lat' dir='ltr'>suam</span> 
     </span>
     <span class='ocr_line' id='line_1_7' title="bbox 440 816 2320 866; baseline -0.001 -12"><span class='ocrx_word' id='word_1_70' title='bbox 440 832 591 866; x_wconf 91' lang='lat' dir='ltr'>ponere,</span> <span class='ocrx_word' id='word_1_71' title='bbox 614 820 645 853; x_wconf 94' lang='lat' dir='ltr'>si</span> <span class='ocrx_word' id='word_1_72' title='bbox 667 820 720 853; x_wconf 89' lang='lat' dir='ltr'>eis</span> <span class='ocrx_word' id='word_1_73' title='bbox 745 819 930 853; x_wconf 87' lang='lat' dir='ltr'>videbitur</span> <span class='ocrx_word' id='word_1_74' title='bbox 957 818 1142 863; x_wconf 80' lang='lat' dir='ltr'>expedire,</span> <span class='ocrx_word' id='word_1_75' title='bbox 1170 817 1217 850; x_wconf 90' lang='lat' dir='ltr'>ita</span> <span class='ocrx_word' id='word_1_76' title='bbox 1239 824 1358 850; x_wconf 89' lang='lat' dir='ltr'>tamen</span> <span class='ocrx_word' id='word_1_77' title='bbox 1379 816 1478 861; x_wconf 90' lang='lat' dir='ltr'>quod</span> <span class='ocrx_word' id='word_1_78' title='bbox 1498 816 1542 849; x_wconf 91' lang='lat' dir='ltr'>ab</span> <span class='ocrx_word' id='word_1_79' title='bbox 1564 817 1617 850; x_wconf 91' lang='lat' dir='ltr'>eis</span> <span class='ocrx_word' id='word_1_80' title='bbox 1639 823 1675 850; x_wconf 90' lang='lat' dir='ltr'>et</span> <span class='ocrx_word' id='word_1_81' title='bbox 1694 829 1711 849; x_wconf 91' lang='lat' dir='ltr'>a</span> <span class='ocrx_word' id='word_1_82' title='bbox 1734 817 2014 851; x_wconf 89' lang='lat' dir='ltr'>successoribus</span> <span class='ocrx_word' id='word_1_83' title='bbox 2035 830 2161 852; x_wconf 89' lang='lat' dir='ltr'>eorum</span> <span class='ocrx_word' id='word_1_84' title='bbox 2185 830 2320 852; x_wconf 87' lang='lat' dir='ltr'>census</span> 
     </span>
     <span class='ocr_line' id='line_1_8' title="bbox 440 883 2320 933; baseline -0.001 -12"><span class='ocrx_word' id='word_1_85' title='bbox 440 888 627 933; x_wconf 90' lang='lat' dir='ltr'>predictus</span> <span class='ocrx_word' id='word_1_86' title='bbox 648 886 756 920; x_wconf 90' lang='lat' dir='ltr'>nobis</span> <span class='ocrx_word' id='word_1_87' title='bbox 777 887 814 919; x_wconf 93' lang='lat' dir='ltr'>in</span> <span class='ocrx_word' id='word_1_88' title='bbox 835 892 1050 931; x_wconf 84' lang='lat' dir='ltr'>perpetuum</span> <span class='ocrx_word' id='word_1_89' title='bbox 1073 884 1315 930; x_wconf 80' lang='lat' dir='ltr'>persolvatur,</span> <span class='ocrx_word' id='word_1_90' title='bbox 1339 884 1433 916; x_wconf 86' lang='lat' dir='ltr'>sicut</span> <span class='ocrx_word' id='word_1_91' title='bbox 1458 883 1629 929; x_wconf 88' lang='lat' dir='ltr'>superius</span> <span class='ocrx_word' id='word_1_92' title='bbox 1651 890 1707 917; x_wconf 90' lang='lat' dir='ltr'>est</span> <span class='ocrx_word' id='word_1_93' title='bbox 1727 895 1954 929; x_wconf 87' lang='lat' dir='ltr'>expressum,</span> <span class='ocrx_word' id='word_1_94' title='bbox 1977 891 2013 918; x_wconf 90' lang='lat' dir='ltr'>et</span> <span class='ocrx_word' id='word_1_95' title='bbox 2033 885 2130 930; x_wconf 89' lang='lat' dir='ltr'>quod</span> <span class='ocrx_word' id='word_1_96' title='bbox 2155 885 2252 919; x_wconf 88' lang='lat' dir='ltr'>salva</span> <span class='ocrx_word' id='word_1_97' title='bbox 2273 886 2320 919; x_wconf 87' lang='lat' dir='ltr'>sit</span> 
     </span>
     <span class='ocr_line' id='line_1_9' title="bbox 439 951 2319 999; baseline -0.001 -12"><span class='ocrx_word' id='word_1_98' title='bbox 439 954 547 987; x_wconf 90' lang='lat' dir='ltr'>nobis</span> <span class='ocrx_word' id='word_1_99' title='bbox 570 954 711 999; x_wconf 87' lang='lat' dir='ltr'>justitia</span> <span class='ocrx_word' id='word_1_100' title='bbox 740 954 776 986; x_wconf 91' lang='lat' dir='ltr'>in</span> <span class='ocrx_word' id='word_1_101' title='bbox 804 953 910 986; x_wconf 88' lang='lat' dir='ltr'>dietis</span> <span class='ocrx_word' id='word_1_102' title='bbox 938 952 1056 986; x_wconf 90' lang='lat' dir='ltr'>vineis</span> <span class='ocrx_word' id='word_1_103' title='bbox 1084 958 1221 984; x_wconf 88' lang='lat' dir='ltr'>tantum</span> <span class='ocrx_word' id='word_1_104' title='bbox 1252 963 1318 996; x_wconf 88' lang='lat' dir='ltr'>pro</span> <span class='ocrx_word' id='word_1_105' title='bbox 1345 962 1458 984; x_wconf 88' lang='lat' dir='ltr'>censu</span> <span class='ocrx_word' id='word_1_106' title='bbox 1487 957 1613 984; x_wconf 90' lang='lat' dir='ltr'>nostro</span> <span class='ocrx_word' id='word_1_107' title='bbox 1642 951 1856 996; x_wconf 77' lang='lat' dir='ltr'>repetendo,</span> <span class='ocrx_word' id='word_1_108' title='bbox 1877 951 2054 997; x_wconf 88' lang='lat' dir='ltr'>capiendo</span> <span class='ocrx_word' id='word_1_109' title='bbox 2076 958 2111 985; x_wconf 89' lang='lat' dir='ltr'>et</span> <span class='ocrx_word' id='word_1_110' title='bbox 2136 951 2319 994; x_wconf 82' lang='lat' dir='ltr'>habendo,</span> 
     </span>
     <span class='ocr_line' id='line_1_10' title="bbox 439 1017 2319 1065; baseline -0.001 -11"><span class='ocrx_word' id='word_1_111' title='bbox 439 1022 534 1055; x_wconf 89' lang='lat' dir='ltr'>sicut</span> <span class='ocrx_word' id='word_1_112' title='bbox 558 1027 614 1054; x_wconf 90' lang='lat' dir='ltr'>cst</span> <span class='ocrx_word' id='word_1_113' title='bbox 643 1020 814 1065; x_wconf 90' lang='lat' dir='ltr'>superius</span> <span class='ocrx_word' id='word_1_114' title='bbox 845 1019 994 1060; x_wconf 87' lang='lat' dir='ltr'>dictum,</span> <span class='ocrx_word' id='word_1_115' title='bbox 1022 1031 1089 1052; x_wconf 89' lang='grc'>1100</span> <span class='ocrx_word' id='word_1_116' title='bbox 1115 1024 1287 1064; x_wconf 87' lang='lat' dir='ltr'>poterunt.</span> <span class='ocrx_word' id='word_1_117' title='bbox 1313 1017 1467 1063; x_wconf 86' lang='lat' dir='ltr'>predicti</span> <span class='ocrx_word' id='word_1_118' title='bbox 1491 1044 1511 1050; x_wconf 84' lang='lat'>..</span> <span class='ocrx_word' id='word_1_119' title='bbox 1537 1017 1661 1059; x_wconf 85' lang='lat' dir='ltr'>abbas,</span> <span class='ocrx_word' id='word_1_120' title='bbox 1691 1025 1893 1052; x_wconf 88' lang='lat' dir='ltr'>conventus</span> <span class='ocrx_word' id='word_1_121' title='bbox 1919 1025 1954 1051; x_wconf 92' lang='grc'>01</span> <span class='ocrx_word' id='word_1_122' title='bbox 1979 1019 2108 1052; x_wconf 87' lang='lat' dir='ltr'>fratres</span> <span class='ocrx_word' id='word_1_123' title='bbox 2129 1017 2276 1052; x_wconf 86' lang='lat' dir='ltr'>liberari</span> <span class='ocrx_word' id='word_1_124' title='bbox 2301 1028 2319 1052; x_wconf 87' lang='lat' dir='ltr'>a</span> 
     </span>
     <span class='ocr_line' id='line_1_11' title="bbox 438 1085 2319 1132; baseline -0.001 -11"><span class='ocrx_word' id='word_1_125' title='bbox 438 1088 628 1122; x_wconf 81' lang='lat' dir='ltr'>solucione</span> <span class='ocrx_word' id='word_1_126' title='bbox 662 1099 796 1120; x_wconf 89' lang='lat' dir='ltr'>census</span> <span class='ocrx_word' id='word_1_127' title='bbox 825 1086 1008 1132; x_wconf 83' lang='lat' dir='ltr'>jamdicti,</span> <span class='ocrx_word' id='word_1_128' title='bbox 1043 1085 1129 1118; x_wconf 88' lang='lat' dir='ltr'>licet</span> <span class='ocrx_word' id='word_1_129' title='bbox 1161 1085 1281 1118; x_wconf 90' lang='lat' dir='ltr'>locum</span> <span class='ocrx_word' id='word_1_130' title='bbox 1317 1085 1520 1130; x_wconf 89' lang='lat' dir='ltr'>predictum</span> <span class='ocrx_word' id='word_1_131' title='bbox 1555 1085 1591 1117; x_wconf 91' lang='lat' dir='ltr'>in</span> <span class='ocrx_word' id='word_1_132' title='bbox 1627 1097 1699 1130; x_wconf 90' lang='lat' dir='ltr'>quo</span> <span class='ocrx_word' id='word_1_133' title='bbox 1734 1085 1843 1118; x_wconf 89' lang='lat' dir='ltr'>modo</span> <span class='ocrx_word' id='word_1_134' title='bbox 1878 1092 1965 1118; x_wconf 90' lang='lat' dir='ltr'>sunt</span> <span class='ocrx_word' id='word_1_135' title='bbox 1996 1085 2102 1119; x_wconf 88' lang='lat' dir='ltr'>vinee</span> <span class='ocrx_word' id='word_1_136' title='bbox 2142 1097 2319 1131; x_wconf 86' lang='lat' dir='ltr'>processu</span> 
     </span>
     <span class='ocr_line' id='line_1_12' title="bbox 438 1151 2319 1200; baseline -0.001 -12"><span class='ocrx_word' id='word_1_137' title='bbox 438 1155 612 1200; x_wconf 89' lang='lat' dir='ltr'>temporis</span> <span class='ocrx_word' id='word_1_138' title='bbox 634 1166 707 1187; x_wconf 90' lang='lat' dir='ltr'>non</span> <span class='ocrx_word' id='word_1_139' title='bbox 731 1153 887 1187; x_wconf 81' lang='lat' dir='ltr'>habeant</span> <span class='ocrx_word' id='word_1_140' title='bbox 907 1165 973 1186; x_wconf 90' lang='lat' dir='ltr'>nec</span> <span class='ocrx_word' id='word_1_141' title='bbox 999 1152 1223 1198; x_wconf 82' lang='lat' dir='ltr'>possideant.</span> <span class='ocrx_word' id='word_1_142' title='bbox 1254 1153 1322 1185; x_wconf 92' lang='lat' dir='ltr'>Pro</span> <span class='ocrx_word' id='word_1_143' title='bbox 1345 1152 1440 1185; x_wconf 90' lang='lat' dir='ltr'>dicto</span> <span class='ocrx_word' id='word_1_144' title='bbox 1468 1158 1586 1185; x_wconf 88' lang='lat' dir='ltr'>autem</span> <span class='ocrx_word' id='word_1_145' title='bbox 1609 1164 1721 1185; x_wconf 90' lang='lat' dir='ltr'>censu</span> <span class='ocrx_word' id='word_1_146' title='bbox 1748 1152 1856 1185; x_wconf 91' lang='lat' dir='ltr'>nobis</span> <span class='ocrx_word' id='word_1_147' title='bbox 1877 1152 1914 1185; x_wconf 89' lang='lat' dir='ltr'>in</span> <span class='ocrx_word' id='word_1_148' title='bbox 1939 1159 2155 1198; x_wconf 90' lang='lat' dir='ltr'>perpetuum</span> <span class='ocrx_word' id='word_1_149' title='bbox 2177 1151 2319 1198; x_wconf 79' lang='lat' dir='ltr'>persol-</span> 
     </span>
     <span class='ocr_line' id='line_1_13' title="bbox 436 1219 2318 1267; baseline -0.001 -12"><span class='ocrx_word' id='word_1_150' title='bbox 436 1222 555 1256; x_wconf 91' lang='lat' dir='ltr'>vendo</span> <span class='ocrx_word' id='word_1_151' title='bbox 591 1221 785 1267; x_wconf 88' lang='lat' dir='ltr'>predicti..</span> <span class='ocrx_word' id='word_1_152' title='bbox 809 1220 933 1262; x_wconf 89' lang='lat' dir='ltr'>abbas,</span> <span class='ocrx_word' id='word_1_153' title='bbox 970 1226 1173 1254; x_wconf 89' lang='lat' dir='ltr'>conventus</span> <span class='ocrx_word' id='word_1_154' title='bbox 1208 1226 1241 1252; x_wconf 90' lang='lat' dir='ltr'>et</span> <span class='ocrx_word' id='word_1_155' title='bbox 1275 1219 1404 1252; x_wconf 86' lang='lat' dir='ltr'>fratres</span> <span class='ocrx_word' id='word_1_156' title='bbox 1440 1231 1479 1252; x_wconf 89' lang='lat' dir='ltr'>se</span> <span class='ocrx_word' id='word_1_157' title='bbox 1510 1226 1544 1252; x_wconf 92' lang='grc'>01</span> <span class='ocrx_word' id='word_1_158' title='bbox 1580 1219 1725 1252; x_wconf 89' lang='lat' dir='ltr'>domum</span> <span class='ocrx_word' id='word_1_159' title='bbox 1761 1219 2069 1253; x_wconf 86' lang='lat' dir='ltr'>Clarevallensem</span> <span class='ocrx_word' id='word_1_160' title='bbox 2105 1232 2248 1253; x_wconf 85' lang='lat' dir='ltr'>necnon</span> <span class='ocrx_word' id='word_1_161' title='bbox 2282 1226 2318 1253; x_wconf 86' lang='lat' dir='ltr'>et</span> 
     </span>
     <span class='ocr_line' id='line_1_14' title="bbox 437 1286 2318 1332; baseline -0.001 -10"><span class='ocrx_word' id='word_1_162' title='bbox 437 1289 583 1322; x_wconf 89' lang='lat' dir='ltr'>domum</span> <span class='ocrx_word' id='word_1_163' title='bbox 624 1289 773 1321; x_wconf 80' lang='lat' dir='ltr'>fratrum</span> <span class='ocrx_word' id='word_1_164' title='bbox 812 1288 993 1321; x_wconf 81' lang='lat' dir='ltr'>Parisius²</span> <span class='ocrx_word' id='word_1_165' title='bbox 1027 1286 1269 1328; x_wconf 85' lang='lat' dir='ltr'>studentium,</span> <span class='ocrx_word' id='word_1_166' title='bbox 1310 1286 1462 1331; x_wconf 89' lang='lat' dir='ltr'>insuper</span> <span class='ocrx_word' id='word_1_167' title='bbox 1497 1293 1532 1319; x_wconf 92' lang='lat' dir='ltr'>et</span> <span class='ocrx_word' id='word_1_168' title='bbox 1564 1286 1690 1320; x_wconf 83' lang='lat' dir='ltr'>vineas</span> <span class='ocrx_word' id='word_1_169' title='bbox 1734 1286 1916 1332; x_wconf 87' lang='lat' dir='ltr'>predictas</span> <span class='ocrx_word' id='word_1_170' title='bbox 1959 1286 2067 1320; x_wconf 89' lang='lat' dir='ltr'>nohis</span> <span class='ocrx_word' id='word_1_171' title='bbox 2110 1286 2318 1332; x_wconf 84' lang='lat' dir='ltr'>specialiter</span> 
     </span>
    </p>
   </div>
   <div class='ocr_carea' id='block_1_3' title="bbox 437 1353 2316 1401">
    <p class='ocr_par' dir='ltr' id='par_1_3' title="bbox 437 1353 2316 1401">
     <span class='ocr_line' id='line_1_15' title="bbox 437 1353 2316 1401; baseline -0.001 -12"><span class='ocrx_word' id='word_1_172' title='bbox 437 1356 658 1401; x_wconf 82' lang='lat' dir='ltr'>obligarunt.</span> <span class='ocrx_word' id='word_1_173' title='bbox 695 1356 823 1388; x_wconf 86' lang='lat' dir='ltr'>Datum</span> <span class='ocrx_word' id='word_1_174' title='bbox 854 1366 948 1387; x_wconf 88' lang='lat' dir='ltr'>anno</span> <span class='ocrx_word' id='word_1_175' title='bbox 986 1354 1132 1387; x_wconf 89' lang='lat' dir='ltr'>Domini</span> <span class='ocrx_word' id='word_1_176' title='bbox 1167 1353 1362 1386; x_wconf 86' lang='lat' dir='ltr'>millesimo</span> <span class='ocrx_word' id='word_1_177' title='bbox 1390 1353 1643 1386; x_wconf 86' lang='lat' dir='ltr'>ducentesimo</span> <span class='ocrx_word' id='word_1_178' title='bbox 1675 1353 1957 1399; x_wconf 85' lang='lat' dir='ltr'>quadragesimo</span> <span class='ocrx_word' id='word_1_179' title='bbox 1983 1360 2099 1396; x_wconf 85' lang='lat' dir='ltr'>sexto,</span> <span class='ocrx_word' id='word_1_180' title='bbox 2129 1353 2188 1387; x_wconf 91' lang='lat' dir='ltr'>die</span> <span class='ocrx_word' id='word_1_181' title='bbox 2217 1353 2316 1399; x_wconf 87' lang='lat' dir='ltr'>jovis</span> 
     </span>
    </p>
   </div>
   <div class='ocr_carea' id='block_1_4' title="bbox 437 1422 1019 1456">
    <p class='ocr_par' dir='ltr' id='par_1_4' title="bbox 437 1422 1019 1456">
     <span class='ocr_line' id='line_1_16' title="bbox 437 1422 1019 1456; baseline -0.003 0"><span class='ocrx_word' id='word_1_182' title='bbox 437 1424 473 1456; x_wconf 89' lang='lat' dir='ltr'>in</span> <span class='ocrx_word' id='word_1_183' title='bbox 494 1424 587 1456; x_wconf 87' lang='lat' dir='ltr'>festo</span> <span class='ocrx_word' id='word_1_184' title='bbox 609 1422 770 1456; x_wconf 89' lang='lat' dir='ltr'>omnium</span> <span class='ocrx_word' id='word_1_185' title='bbox 793 1422 1019 1455; x_wconf 87' lang='lat' dir='ltr'>Sanctorum.</span> 
     </span>
    </p>
   </div>
   <div class='ocr_carea' id='block_1_5' title="bbox 435 1516 2317 1684">
    <p class='ocr_par' dir='ltr' id='par_1_5' title="bbox 435 1516 2317 1684">
     <span class='ocr_line' id='line_1_17' title="bbox 530 1516 2316 1552; baseline -0.001 -8"><span class='ocrx_word' id='word_1_186' title='bbox 530 1521 586 1544; x_wconf 88' lang='lat' dir='ltr'>Duo</span> <span class='ocrx_word' id='word_1_187' title='bbox 607 1520 748 1552; x_wconf 77' lang='lat' dir='ltr'>originalia</span> <span class='ocrx_word' id='word_1_188' title='bbox 770 1520 796 1543; x_wconf 91' lang='grc'>111</span> <span class='ocrx_word' id='word_1_189' title='bbox 817 1520 893 1543; x_wconf 83' lang='grc' dir='ltr'>Α1011.</span> <span class='ocrx_word' id='word_1_190' title='bbox 915 1522 968 1543; x_wconf 78' lang='lat' dir='ltr'>nat.</span> <span class='ocrx_word' id='word_1_191' title='bbox 992 1519 1076 1543; x_wconf 80' lang='lat' dir='ltr'>Paris.</span> <span class='ocrx_word' id='word_1_192' title='bbox 1101 1520 1126 1542; x_wconf 94' lang='lat' dir='ltr'>S.</span> <span class='ocrx_word' id='word_1_193' title='bbox 1148 1520 1218 1547; x_wconf 76' lang='lat'>3669,</span> <span class='ocrx_word' id='word_1_194' title='bbox 1243 1523 1281 1541; x_wconf 73' lang='lat'>11⁰⁸</span> <span class='ocrx_word' id='word_1_195' title='bbox 1296 1519 1323 1542; x_wconf 91' lang='lat'>11</span> <span class='ocrx_word' id='word_1_196' title='bbox 1340 1522 1365 1542; x_wconf 83' lang='lat' dir='ltr'>ct</span> <span class='ocrx_word' id='word_1_197' title='bbox 1384 1519 1422 1541; x_wconf 83' lang='lat'>13.</span> <span class='ocrx_word' id='word_1_198' title='bbox 1444 1518 1522 1542; x_wconf 79' lang='lat' dir='ltr'>Deest</span> <span class='ocrx_word' id='word_1_199' title='bbox 1540 1518 1668 1550; x_wconf 76' lang='lat' dir='ltr'>sigillum,</span> <span class='ocrx_word' id='word_1_200' title='bbox 1688 1518 1733 1541; x_wconf 85' lang='lat' dir='ltr'>sed</span> <span class='ocrx_word' id='word_1_201' title='bbox 1754 1521 1836 1542; x_wconf 75' lang='lat' dir='ltr'>restat</span> <span class='ocrx_word' id='word_1_202' title='bbox 1855 1518 1882 1542; x_wconf 87' lang='lat' dir='ltr'>in</span> <span class='ocrx_word' id='word_1_203' title='bbox 1897 1519 2039 1550; x_wconf 78' lang='lat' dir='ltr'>posteriori</span> <span class='ocrx_word' id='word_1_204' title='bbox 2058 1519 2133 1542; x_wconf 81' lang='lat' dir='ltr'>filum</span> <span class='ocrx_word' id='word_1_205' title='bbox 2148 1518 2224 1543; x_wconf 47' lang='lat' dir='ltr'>serie.</span> <span class='ocrx_word' id='word_1_206' title='bbox 2241 1516 2316 1543; x_wconf 78' lang='lat' dir='ltr'>rubei</span> 
     </span>
     <span class='ocr_line' id='line_1_18' title="bbox 435 1563 2317 1595; baseline -0.001 -6"><span class='ocrx_word' id='word_1_207' title='bbox 435 1565 540 1589; x_wconf 84' lang='lat' dir='ltr'>coloris.</span> <span class='ocrx_word' id='word_1_208' title='bbox 557 1579 588 1583; x_wconf 86' lang='lat'>-—</span> <span class='ocrx_word' id='word_1_209' title='bbox 604 1565 672 1589; x_wconf 90' lang='lat' dir='ltr'>Bibl.</span> <span class='ocrx_word' id='word_1_210' title='bbox 694 1568 747 1588; x_wconf 78' lang='grc'>11111.</span> <span class='ocrx_word' id='word_1_211' title='bbox 771 1565 855 1588; x_wconf 74' lang='lat' dir='ltr'>Paris.</span> <span class='ocrx_word' id='word_1_212' title='bbox 878 1565 963 1591; x_wconf 82' lang='grc'>111673,</span> <span class='ocrx_word' id='word_1_213' title='bbox 985 1564 1029 1587; x_wconf 81' lang='lat' dir='ltr'>sol.</span> <span class='ocrx_word' id='word_1_214' title='bbox 1057 1563 1127 1592; x_wconf 75' lang='lat' dir='ltr'>273b,</span> <span class='ocrx_word' id='word_1_215' title='bbox 1153 1563 1198 1586; x_wconf 90' lang='lat' dir='ltr'>ubi</span> <span class='ocrx_word' id='word_1_216' title='bbox 1214 1564 1339 1588; x_wconf 76' lang='lat' dir='ltr'>vidimus</span> <span class='ocrx_word' id='word_1_217' title='bbox 1358 1563 1436 1594; x_wconf 80' lang='lat' dir='ltr'>hujus</span> <span class='ocrx_word' id='word_1_218' title='bbox 1452 1563 1559 1586; x_wconf 81' lang='lat' dir='ltr'>chartae</span> <span class='ocrx_word' id='word_1_219' title='bbox 1575 1564 1674 1587; x_wconf 75' lang='lat' dir='ltr'>factum</span> <span class='ocrx_word' id='word_1_220' title='bbox 1688 1571 1736 1594; x_wconf 82' lang='lat' dir='ltr'>per</span> <span class='ocrx_word' id='word_1_221' title='bbox 1751 1563 1922 1587; x_wconf 90' lang='lat' dir='ltr'>Guillelmum</span> <span class='ocrx_word' id='word_1_222' title='bbox 1941 1563 2096 1595; x_wconf 85' lang='lat' dir='ltr'>episcopum</span> <span class='ocrx_word' id='word_1_223' title='bbox 2111 1563 2195 1587; x_wconf 81' lang='lat' dir='ltr'>Paris.</span> <span class='ocrx_word' id='word_1_224' title='bbox 2221 1572 2232 1587; x_wconf 83' lang='lat'>«</span> <span class='ocrx_word' id='word_1_225' title='bbox 2248 1571 2317 1588; x_wconf 84' lang='lat' dir='ltr'>anno</span> 
     </span>
     <span class='ocr_line' id='line_1_19' title="bbox 436 1608 2317 1642; baseline -0.001 -8"><span class='ocrx_word' id='word_1_226' title='bbox 436 1614 461 1634; x_wconf 88' lang='lat' dir='ltr'>et</span> <span class='ocrx_word' id='word_1_227' title='bbox 480 1619 570 1634; x_wconf 80' lang='lat' dir='ltr'>mense</span> <span class='ocrx_word' id='word_1_228' title='bbox 591 1610 718 1642; x_wconf 76' lang='lat' dir='ltr'>predictis</span> <span class='ocrx_word' id='word_1_229' title='bbox 735 1618 757 1638; x_wconf 84' lang='lat'>»,</span> <span class='ocrx_word' id='word_1_230' title='bbox 779 1609 805 1632; x_wconf 92' lang='lat' dir='ltr'>id</span> <span class='ocrx_word' id='word_1_231' title='bbox 826 1613 866 1633; x_wconf 72' lang='lat' dir='ltr'>est,</span> <span class='ocrx_word' id='word_1_232' title='bbox 888 1609 958 1637; x_wconf 70' lang='lat'>1246,</span> <span class='ocrx_word' id='word_1_233' title='bbox 975 1617 1064 1632; x_wconf 84' lang='lat' dir='ltr'>mense</span> <span class='ocrx_word' id='word_1_234' title='bbox 1085 1608 1236 1632; x_wconf 78' lang='lat' dir='ltr'>Novembri.</span> <span class='ocrx_word' id='word_1_235' title='bbox 1253 1622 1283 1625; x_wconf 97' lang='lat'><strong>—</strong></span> <span class='ocrx_word' id='word_1_236' title='bbox 1298 1608 1352 1631; x_wconf 76' lang='lat' dir='ltr'>Hoc</span> <span class='ocrx_word' id='word_1_237' title='bbox 1374 1611 1399 1631; x_wconf 88' lang='lat' dir='ltr'>et</span> <span class='ocrx_word' id='word_1_238' title='bbox 1424 1616 1536 1639; x_wconf 86' lang='lat' dir='ltr'>sequens</span> <span class='ocrx_word' id='word_1_239' title='bbox 1558 1608 1744 1631; x_wconf 82' lang='lat' dir='ltr'>documentum</span> <span class='ocrx_word' id='word_1_240' title='bbox 1765 1608 1912 1640; x_wconf 84' lang='lat' dir='ltr'>respiciunt</span> <span class='ocrx_word' id='word_1_241' title='bbox 1932 1609 2028 1637; x_wconf 86' lang='lat' dir='ltr'>locum,</span> <span class='ocrx_word' id='word_1_242' title='bbox 2051 1608 2078 1632; x_wconf 88' lang='lat' dir='ltr'>in</span> <span class='ocrx_word' id='word_1_243' title='bbox 2098 1617 2149 1640; x_wconf 87' lang='lat' dir='ltr'>quo</span> <span class='ocrx_word' id='word_1_244' title='bbox 2169 1608 2317 1640; x_wconf 79' lang='lat' dir='ltr'>Collegium</span> 
     </span>
     <span class='ocr_line' id='line_1_20' title="bbox 436 1652 2316 1684; baseline -0.001 -6"><span class='ocrx_word' id='word_1_245' title='bbox 436 1655 461 1678; x_wconf 94' lang='lat' dir='ltr'>S.</span> <span class='ocrx_word' id='word_1_246' title='bbox 479 1654 608 1678; x_wconf 80' lang='lat' dir='ltr'>Bernardi</span> <span class='ocrx_word' id='word_1_247' title='bbox 623 1654 649 1677; x_wconf 89' lang='lat' dir='ltr'>in</span> <span class='ocrx_word' id='word_1_248' title='bbox 666 1654 806 1678; x_wconf 66' lang='lat' dir='ltr'>Cen-dinem</span> <span class='ocrx_word' id='word_1_249' title='bbox 821 1657 936 1677; x_wconf 84' lang='lat' dir='ltr'>erectum</span> <span class='ocrx_word' id='word_1_250' title='bbox 952 1656 999 1676; x_wconf 79' lang='lat' dir='ltr'>est.</span> <span class='ocrx_word' id='word_1_251' title='bbox 1017 1653 1081 1676; x_wconf 87' lang='lat' dir='ltr'>Vide</span> <span class='ocrx_word' id='word_1_252' title='bbox 1101 1652 1170 1676; x_wconf 76' lang='lat' dir='ltr'>infru</span> <span class='ocrx_word' id='word_1_253' title='bbox 1190 1656 1218 1675; x_wconf 81' lang='lat' dir='ltr'>n⁰</span> <span class='ocrx_word' id='word_1_254' title='bbox 1234 1652 1286 1675; x_wconf 79' lang='grc'>192.</span> <span class='ocrx_word' id='word_1_255' title='bbox 1304 1652 1467 1683; x_wconf 73' lang='lat' dir='ltr'>Praecipuus</span> <span class='ocrx_word' id='word_1_256' title='bbox 1489 1652 1612 1675; x_wconf 81' lang='lat' dir='ltr'>fundator</span> <span class='ocrx_word' id='word_1_257' title='bbox 1628 1652 1677 1676; x_wconf 81' lang='lat' dir='ltr'>fuit</span> <span class='ocrx_word' id='word_1_258' title='bbox 1696 1652 1847 1684; x_wconf 79' lang='lat' dir='ltr'>Alphonsus</span> <span class='ocrx_word' id='word_1_259' title='bbox 1868 1661 1954 1676; x_wconf 83' lang='lat' dir='ltr'>eomes</span> <span class='ocrx_word' id='word_1_260' title='bbox 1970 1652 2152 1676; x_wconf 78' lang='lat' dir='ltr'>Pictaviensis.</span> <span class='ocrx_word' id='word_1_261' title='bbox 2168 1652 2233 1676; x_wconf 89' lang='lat' dir='ltr'>Vide</span> <span class='ocrx_word' id='word_1_262' title='bbox 2247 1652 2316 1676; x_wconf 78' lang='lat' dir='ltr'>infra</span> 
     </span>
    </p>
   </div>
   <div class='ocr_carea' id='block_1_6' title="bbox 435 1699 715 1728">
    <p class='ocr_par' dir='ltr' id='par_1_6' title="bbox 435 1699 715 1728">
     <span class='ocr_line' id='line_1_21' title="bbox 435 1699 715 1728; baseline -0.004 -5"><span class='ocrx_word' id='word_1_263' title='bbox 435 1704 474 1723; x_wconf 78' lang='grc'>110·</span> <span class='ocrx_word' id='word_1_264' title='bbox 490 1700 543 1728; x_wconf 82' lang='grc'>218,</span> <span class='ocrx_word' id='word_1_265' title='bbox 561 1699 606 1722; x_wconf 78' lang='grc'>219</span> <span class='ocrx_word' id='word_1_266' title='bbox 622 1702 646 1722; x_wconf 86' lang='lat' dir='ltr'>et</span> <span class='ocrx_word' id='word_1_267' title='bbox 662 1700 715 1722; x_wconf 82' lang='lat'>232.</span> 
     </span>
    </p>
   </div>
   <div class='ocr_carea' id='block_1_7' title="bbox 532 1781 2317 1814">
    <p class='ocr_par' dir='ltr' id='par_1_7' title="bbox 532 1781 2317 1814">
     <span class='ocr_line' id='line_1_22' title="bbox 532 1781 2317 1814; baseline -0.001 -7"><span class='ocrx_word' id='word_1_268' title='bbox 532 1785 551 1807; x_wconf 88' lang='lat' dir='ltr'>l.</span> <span class='ocrx_word' id='word_1_269' title='bbox 569 1783 799 1807; x_wconf 82' lang='lat' dir='ltr'>Thiron-Gardais</span> <span class='ocrx_word' id='word_1_270' title='bbox 817 1782 1022 1813; x_wconf 86' lang='lat' dir='ltr'>(Eure-et-Loir).</span> <span class='ocrx_word' id='word_1_271' title='bbox 1038 1796 1069 1800; x_wconf 95' lang='lat'>—</span> <span class='ocrx_word' id='word_1_272' title='bbox 1085 1783 1107 1806; x_wconf 86' lang='grc'>2.</span> <span class='ocrx_word' id='word_1_273' title='bbox 1124 1782 1220 1813; x_wconf 81' lang='lat' dir='ltr'>Utique</span> <span class='ocrx_word' id='word_1_274' title='bbox 1235 1782 1352 1809; x_wconf 88' lang='lat' dir='ltr'>domum,</span> <span class='ocrx_word' id='word_1_275' title='bbox 1368 1781 1443 1812; x_wconf 87' lang='lat' dir='ltr'>eujus</span> <span class='ocrx_word' id='word_1_276' title='bbox 1459 1781 1557 1805; x_wconf 80' lang='lat' dir='ltr'>mentio</span> <span class='ocrx_word' id='word_1_277' title='bbox 1573 1782 1602 1805; x_wconf 79' lang='lat' dir='ltr'>fit</span> <span class='ocrx_word' id='word_1_278' title='bbox 1617 1781 1642 1804; x_wconf 89' lang='lat' dir='ltr'>in</span> <span class='ocrx_word' id='word_1_279' title='bbox 1658 1782 1715 1805; x_wconf 85' lang='lat' dir='ltr'>doc.</span> <span class='ocrx_word' id='word_1_280' title='bbox 1733 1786 1762 1805; x_wconf 71' lang='grc' dir='ltr'>11ο</span> <span class='ocrx_word' id='word_1_281' title='bbox 1776 1783 1806 1805; x_wconf 81' lang='grc'>53</span> <span class='ocrx_word' id='word_1_282' title='bbox 1822 1790 1903 1814; x_wconf 83' lang='lat' dir='ltr'>supra</span> <span class='ocrx_word' id='word_1_283' title='bbox 1926 1783 2018 1811; x_wconf 78' lang='lat' dir='ltr'>relato,</span> <span class='ocrx_word' id='word_1_284' title='bbox 2041 1782 2085 1806; x_wconf 87' lang='lat' dir='ltr'>ubi</span> <span class='ocrx_word' id='word_1_285' title='bbox 2107 1783 2202 1806; x_wconf 77' lang='lat' dir='ltr'>fratres</span> <span class='ocrx_word' id='word_1_286' title='bbox 2222 1783 2317 1806; x_wconf 79' lang='lat' dir='ltr'>saltem</span> 
     </span>
    </p>
   </div>
   <div class='ocr_carea' id='block_1_8' title="bbox 435 1826 1617 1860">
    <p class='ocr_par' dir='ltr' id='par_1_8' title="bbox 435 1826 1617 1860">
     <span class='ocr_line' id='line_1_23' title="bbox 435 1826 1617 1860; baseline -0.002 -9"><span class='ocrx_word' id='word_1_287' title='bbox 435 1829 524 1860; x_wconf 76' lang='lat' dir='ltr'>aliquo</span> <span class='ocrx_word' id='word_1_288' title='bbox 541 1832 659 1860; x_wconf 85' lang='lat' dir='ltr'>tempore</span> <span class='ocrx_word' id='word_1_289' title='bbox 674 1828 841 1856; x_wconf 81' lang='lat' dir='ltr'>studuerunt,</span> <span class='ocrx_word' id='word_1_290' title='bbox 859 1836 942 1859; x_wconf 90' lang='lat' dir='ltr'>usque</span> <span class='ocrx_word' id='word_1_291' title='bbox 957 1828 1020 1850; x_wconf 88' lang='lat' dir='ltr'>dum</span> <span class='ocrx_word' id='word_1_292' title='bbox 1036 1828 1069 1850; x_wconf 83' lang='lat' dir='ltr'>nd</span> <span class='ocrx_word' id='word_1_293' title='bbox 1084 1827 1170 1850; x_wconf 88' lang='lat' dir='ltr'>locum</span> <span class='ocrx_word' id='word_1_294' title='bbox 1187 1826 1212 1849; x_wconf 91' lang='lat' dir='ltr'>in</span> <span class='ocrx_word' id='word_1_295' title='bbox 1228 1826 1367 1851; x_wconf 82' lang='lat' dir='ltr'>Cardineto</span> <span class='ocrx_word' id='word_1_296' title='bbox 1382 1826 1617 1858; x_wconf 78' lang='lat' dir='ltr'>transmigrarunt.</span> 
     </span>
    </p>
   </div>
   <div class='ocr_carea' id='block_1_9' title="bbox 439 2000 2316 2092">
    <p class='ocr_par' dir='ltr' id='par_1_9' title="bbox 439 2000 2316 2092">
     <span class='ocr_line' id='line_1_24' title="bbox 439 2000 2316 2045; baseline -0.001 -9"><span class='ocrx_word' id='word_1_297' title='bbox 439 2000 547 2037; x_wconf 80' lang='grc'>167.</span> <span class='ocrx_word' id='word_1_298' title='bbox 573 2009 736 2045; x_wconf 79' lang='lat' dir='ltr'>Stephanus</span> <span class='ocrx_word' id='word_1_299' title='bbox 763 2008 857 2034; x_wconf 77' lang='lat' dir='ltr'>abbas</span> <span class='ocrx_word' id='word_1_300' title='bbox 883 2012 909 2034; x_wconf 87' lang='lat' dir='ltr'>et</span> <span class='ocrx_word' id='word_1_301' title='bbox 931 2012 1082 2034; x_wconf 67' lang='lat' dir='ltr'>conventus</span> <span class='ocrx_word' id='word_1_302' title='bbox 1108 2010 1134 2034; x_wconf 87' lang='lat' dir='ltr'>S.</span> <span class='ocrx_word' id='word_1_303' title='bbox 1163 2008 1307 2034; x_wconf 79' lang='lat' dir='ltr'>Bernardi</span> <span class='ocrx_word' id='word_1_304' title='bbox 1330 2008 1425 2034; x_wconf 80' lang='lat' dir='ltr'>Paris.</span> <span class='ocrx_word' id='word_1_305' title='bbox 1449 2007 1682 2044; x_wconf 74' lang='lat' dir='ltr'>compositionem</span> <span class='ocrx_word' id='word_1_306' title='bbox 1707 2007 1781 2033; x_wconf 83' lang='lat' dir='ltr'>inter</span> <span class='ocrx_word' id='word_1_307' title='bbox 1803 2008 1882 2043; x_wconf 80' lang='lat' dir='ltr'>ipsos</span> <span class='ocrx_word' id='word_1_308' title='bbox 1907 2011 1934 2033; x_wconf 81' lang='lat' dir='ltr'>et</span> <span class='ocrx_word' id='word_1_309' title='bbox 1956 2007 2106 2034; x_wconf 83' lang='lat' dir='ltr'>Acelinum</span> <span class='ocrx_word' id='word_1_310' title='bbox 2131 2007 2265 2034; x_wconf 80' lang='lat' dir='ltr'>abbatem</span> <span class='ocrx_word' id='word_1_311' title='bbox 2288 2012 2316 2034; x_wconf 80' lang='lat' dir='ltr'>et</span> 
     </span>
     <span class='ocr_line' id='line_1_25' title="bbox 524 2055 2183 2092; baseline 0 -9"><span class='ocrx_word' id='word_1_312' title='bbox 524 2061 687 2083; x_wconf 75' lang='lat' dir='ltr'>conventum</span> <span class='ocrx_word' id='word_1_313' title='bbox 706 2060 731 2083; x_wconf 76' lang='lat' dir='ltr'>S.</span> <span class='ocrx_word' id='word_1_314' title='bbox 749 2057 867 2083; x_wconf 80' lang='lat' dir='ltr'>Victoris</span> <span class='ocrx_word' id='word_1_315' title='bbox 881 2057 976 2083; x_wconf 79' lang='lat' dir='ltr'>Paris.</span> <span class='ocrx_word' id='word_1_316' title='bbox 992 2058 1102 2091; x_wconf 81' lang='lat' dir='ltr'>factam</span> <span class='ocrx_word' id='word_1_317' title='bbox 1120 2060 1265 2092; x_wconf 75' lang='lat' dir='ltr'>exponunt</span> <span class='ocrx_word' id='word_1_318' title='bbox 1281 2056 1316 2082; x_wconf 87' lang='lat' dir='ltr'>de</span> <span class='ocrx_word' id='word_1_319' title='bbox 1332 2056 1392 2083; x_wconf 83' lang='lat' dir='ltr'>loco</span> <span class='ocrx_word' id='word_1_320' title='bbox 1409 2057 1437 2082; x_wconf 81' lang='lat' dir='ltr'>in</span> <span class='ocrx_word' id='word_1_321' title='bbox 1456 2056 1610 2082; x_wconf 71' lang='grc' dir='ltr'>θαι-11111010</span> <span class='ocrx_word' id='word_1_322' title='bbox 1627 2055 1698 2092; x_wconf 83' lang='lat' dir='ltr'>ipsis</span> <span class='ocrx_word' id='word_1_323' title='bbox 1715 2065 1733 2081; x_wconf 90' lang='grc' dir='ltr'><em>α</em></span> <span class='ocrx_word' id='word_1_324' title='bbox 1746 2055 1899 2092; x_wconf 80' lang='lat' dir='ltr'>praedicto</span> <span class='ocrx_word' id='word_1_325' title='bbox 1912 2060 2049 2082; x_wconf 71' lang='lat' dir='ltr'>conventu</span> <span class='ocrx_word' id='word_1_326' title='bbox 2065 2056 2183 2083; x_wconf 79' lang='lat' dir='ltr'>tradito.</span> 
     </span>
    </p>
   </div>
   <div class='ocr_carea' id='block_1_10' title="bbox 1565 2145 2028 2176">
    <p class='ocr_par' dir='ltr' id='par_1_10' title="bbox 1565 2145 2028 2176">
     <span class='ocr_line' id='line_1_26' title="bbox 1565 2145 2028 2176; baseline 0.002 -5"><span class='ocrx_word' id='word_1_327' title='bbox 1565 2146 1640 2176; x_wconf 75' lang='lat'><strong><em>1246,</em></strong></span> <span class='ocrx_word' id='word_1_328' title='bbox 1656 2153 1746 2172; x_wconf 76' lang='lat' dir='ltr'>mense</span> <span class='ocrx_word' id='word_1_329' title='bbox 1761 2145 1897 2175; x_wconf 66' lang='lat' dir='ltr'>Novembri,</span> <span class='ocrx_word' id='word_1_330' title='bbox 1914 2145 2028 2172; x_wconf 69' lang='lat' dir='ltr'>Pan-[slis.</span> 
     </span>
    </p>
   </div>
   <div class='ocr_carea' id='block_1_11' title="bbox 433 2220 2322 2935">
    <p class='ocr_par' dir='ltr' id='par_1_11' title="bbox 433 2220 2322 2935">
     <span class='ocr_line' id='line_1_27' title="bbox 525 2220 2316 2266; baseline 0 -12"><span class='ocrx_word' id='word_1_331' title='bbox 525 2222 716 2255; x_wconf 86' lang='lat' dir='ltr'>Universis</span> <span class='ocrx_word' id='word_1_332' title='bbox 747 2228 937 2266; x_wconf 84' lang='lat' dir='ltr'>presentes</span> <span class='ocrx_word' id='word_1_333' title='bbox 966 2221 1104 2254; x_wconf 81' lang='lat' dir='ltr'>litteras</span> <span class='ocrx_word' id='word_1_334' title='bbox 1135 2220 1368 2265; x_wconf 74' lang='lat' dir='ltr'>inspecturiS,</span> <span class='ocrx_word' id='word_1_335' title='bbox 1400 2221 1510 2253; x_wconf 87' lang='lat' dir='ltr'>frater</span> <span class='ocrx_word' id='word_1_336' title='bbox 1541 2221 1590 2254; x_wconf 89' lang='lat' dir='ltr'>St.</span> <span class='ocrx_word' id='word_1_337' title='bbox 1621 2220 1740 2253; x_wconf 91' lang='lat' dir='ltr'>dictus</span> <span class='ocrx_word' id='word_1_338' title='bbox 1771 2220 1882 2254; x_wconf 90' lang='lat' dir='ltr'>abbas</span> <span class='ocrx_word' id='word_1_339' title='bbox 1910 2227 1946 2254; x_wconf 88' lang='lat' dir='ltr'>et</span> <span class='ocrx_word' id='word_1_340' title='bbox 1965 2227 2168 2254; x_wconf 84' lang='lat' dir='ltr'>conventus</span> <span class='ocrx_word' id='word_1_341' title='bbox 2193 2220 2316 2255; x_wconf 83' lang='lat' dir='ltr'>Clara-</span> 
     </span>
     <span class='ocr_line' id='line_1_28' title="bbox 434 2287 2316 2333; baseline -0.001 -11"><span class='ocrx_word' id='word_1_342' title='bbox 434 2289 538 2323; x_wconf 89' lang='lat' dir='ltr'>vallis</span> <span class='ocrx_word' id='word_1_343' title='bbox 569 2301 608 2322; x_wconf 87' lang='lat' dir='ltr'>ac</span> <span class='ocrx_word' id='word_1_344' title='bbox 639 2288 805 2321; x_wconf 87' lang='lat' dir='ltr'>monachi</span> <span class='ocrx_word' id='word_1_345' title='bbox 831 2287 995 2333; x_wconf 86' lang='lat' dir='ltr'>ejusdem</span> <span class='ocrx_word' id='word_1_346' title='bbox 1025 2287 1156 2322; x_wconf 89' lang='lat' dir='ltr'>domus</span> <span class='ocrx_word' id='word_1_347' title='bbox 1184 2287 1221 2320; x_wconf 89' lang='lat' dir='ltr'>in</span> <span class='ocrx_word' id='word_1_348' title='bbox 1250 2287 1331 2320; x_wconf 90' lang='lat' dir='ltr'>loco</span> <span class='ocrx_word' id='word_1_349' title='bbox 1359 2287 1460 2320; x_wconf 88' lang='lat' dir='ltr'>Beati</span> <span class='ocrx_word' id='word_1_350' title='bbox 1486 2287 1663 2320; x_wconf 89' lang='lat' dir='ltr'>Bernardi</span> <span class='ocrx_word' id='word_1_351' title='bbox 1689 2287 1851 2321; x_wconf 90' lang='lat' dir='ltr'>Parisius</span> <span class='ocrx_word' id='word_1_352' title='bbox 1877 2287 2081 2329; x_wconf 83' lang='lat' dir='ltr'>studentes,</span> <span class='ocrx_word' id='word_1_353' title='bbox 2103 2287 2256 2321; x_wconf 89' lang='lat' dir='ltr'>salutem</span> <span class='ocrx_word' id='word_1_354' title='bbox 2277 2287 2316 2321; x_wconf 91' lang='lat' dir='ltr'>in</span> 
     </span>
     <span class='ocr_line' id='line_1_29' title="bbox 433 2353 2315 2400; baseline -0.001 -11"><span class='ocrx_word' id='word_1_355' title='bbox 433 2356 601 2389; x_wconf 89' lang='lat' dir='ltr'>Domino.</span> <span class='ocrx_word' id='word_1_356' title='bbox 633 2355 868 2389; x_wconf 78' lang='lat' dir='ltr'>Universitati</span> <span class='ocrx_word' id='word_1_357' title='bbox 899 2361 1018 2388; x_wconf 87' lang='lat' dir='ltr'>vestre</span> <span class='ocrx_word' id='word_1_358' title='bbox 1045 2354 1092 2387; x_wconf 89' lang='lat' dir='ltr'>sit</span> <span class='ocrx_word' id='word_1_359' title='bbox 1120 2361 1245 2387; x_wconf 89' lang='lat' dir='ltr'>notum</span> <span class='ocrx_word' id='word_1_360' title='bbox 1274 2354 1372 2399; x_wconf 92' lang='lat' dir='ltr'>quod</span> <span class='ocrx_word' id='word_1_361' title='bbox 1403 2366 1470 2387; x_wconf 92' lang='lat' dir='ltr'>nos</span> <span class='ocrx_word' id='word_1_362' title='bbox 1499 2366 1580 2388; x_wconf 90' lang='lat' dir='ltr'>cum</span> <span class='ocrx_word' id='word_1_363' title='bbox 1608 2354 1795 2400; x_wconf 89' lang='lat' dir='ltr'>religiosis</span> <span class='ocrx_word' id='word_1_364' title='bbox 1829 2354 1918 2388; x_wconf 88' lang='lat' dir='ltr'>viris</span> <span class='ocrx_word' id='word_1_365' title='bbox 1948 2354 2150 2387; x_wconf 87' lang='lat' dir='ltr'>venerabili</span> <span class='ocrx_word' id='word_1_366' title='bbox 2185 2353 2315 2388; x_wconf 85' lang='lat' dir='ltr'>abbate</span> 
     </span>
     <span class='ocr_line' id='line_1_30' title="bbox 436 2420 2316 2466; baseline -0.001 -11"><span class='ocrx_word' id='word_1_367' title='bbox 436 2423 555 2456; x_wconf 85' lang='lat' dir='ltr'>Sancti</span> <span class='ocrx_word' id='word_1_368' title='bbox 585 2422 744 2455; x_wconf 77' lang='lat' dir='ltr'>Victoris</span> <span class='ocrx_word' id='word_1_369' title='bbox 770 2428 805 2454; x_wconf 89' lang='lat' dir='ltr'>et</span> <span class='ocrx_word' id='word_1_370' title='bbox 830 2428 1011 2455; x_wconf 88' lang='lat' dir='ltr'>conventu</span> <span class='ocrx_word' id='word_1_371' title='bbox 1042 2421 1206 2466; x_wconf 88' lang='lat' dir='ltr'>ejusdem</span> <span class='ocrx_word' id='word_1_372' title='bbox 1232 2420 1303 2453; x_wconf 91' lang='lat' dir='ltr'>loci</span> <span class='ocrx_word' id='word_1_373' title='bbox 1329 2427 1552 2454; x_wconf 81' lang='lat' dir='ltr'>contractum</span> <span class='ocrx_word' id='word_1_374' title='bbox 1582 2421 1735 2454; x_wconf 87' lang='lat' dir='ltr'>fecimus</span> <span class='ocrx_word' id='word_1_375' title='bbox 1765 2421 1802 2453; x_wconf 93' lang='lat' dir='ltr'>in</span> <span class='ocrx_word' id='word_1_376' title='bbox 1829 2420 1925 2453; x_wconf 91' lang='lat' dir='ltr'>hunc</span> <span class='ocrx_word' id='word_1_377' title='bbox 1953 2420 2100 2453; x_wconf 87' lang='lat' dir='ltr'>modum</span> <span class='ocrx_word' id='word_1_378' title='bbox 2119 2432 2126 2453; x_wconf 77' lang='grc' dir='ltr'>ε</span> <span class='ocrx_word' id='word_1_379' title='bbox 2144 2420 2316 2454; x_wconf 87' lang='lat' dir='ltr'>videlicet</span> 
     </span>
     <span class='ocr_line' id='line_1_31' title="bbox 435 2486 2322 2535; baseline -0.002 -12"><span class='ocrx_word' id='word_1_380' title='bbox 435 2490 533 2535; x_wconf 90' lang='lat' dir='ltr'>quod</span> <span class='ocrx_word' id='word_1_381' title='bbox 564 2501 631 2522; x_wconf 89' lang='lat' dir='ltr'>nos</span> <span class='ocrx_word' id='word_1_382' title='bbox 657 2489 826 2522; x_wconf 87' lang='lat' dir='ltr'>dedimus</span> <span class='ocrx_word' id='word_1_383' title='bbox 852 2495 887 2521; x_wconf 87' lang='lat' dir='ltr'>et</span> <span class='ocrx_word' id='word_1_384' title='bbox 914 2488 1130 2521; x_wconf 84' lang='lat' dir='ltr'>tradidimus</span> <span class='ocrx_word' id='word_1_385' title='bbox 1156 2487 1331 2533; x_wconf 85' lang='lat' dir='ltr'>religioso</span> <span class='ocrx_word' id='word_1_386' title='bbox 1357 2487 1435 2521; x_wconf 92' lang='lat' dir='ltr'>viro</span> <span class='ocrx_word' id='word_1_387' title='bbox 1457 2487 1557 2521; x_wconf 84' lang='lat' dir='ltr'>fratri</span> <span class='ocrx_word' id='word_1_388' title='bbox 1578 2488 1620 2520; x_wconf 92' lang='lat' dir='ltr'>A.</span> <span class='ocrx_word' id='word_1_389' title='bbox 1643 2487 1844 2521; x_wconf 88' lang='lat' dir='ltr'>venerabili</span> <span class='ocrx_word' id='word_1_390' title='bbox 1869 2486 1989 2521; x_wconf 86' lang='lat' dir='ltr'>abbati</span> <span class='ocrx_word' id='word_1_391' title='bbox 2015 2487 2135 2521; x_wconf 85' lang='lat' dir='ltr'>Sancti</span> <span class='ocrx_word' id='word_1_392' title='bbox 2154 2487 2322 2530; x_wconf 68' lang='lat' dir='ltr'>Victoris⁴</span> 
     </span>
     <span class='ocr_line' id='line_1_32' title="bbox 436 2554 2315 2601; baseline -0.001 -12"><span class='ocrx_word' id='word_1_393' title='bbox 436 2556 626 2601; x_wconf 85' lang='lat' dir='ltr'>recipienti</span> <span class='ocrx_word' id='word_1_394' title='bbox 648 2556 794 2588; x_wconf 88' lang='lat' dir='ltr'>nomine</span> <span class='ocrx_word' id='word_1_395' title='bbox 816 2568 891 2592; x_wconf 60' lang='lat' dir='ltr'>suo,</span> <span class='ocrx_word' id='word_1_396' title='bbox 905 2562 941 2588; x_wconf 90' lang='lat' dir='ltr'>et</span> <span class='ocrx_word' id='word_1_397' title='bbox 965 2554 1120 2588; x_wconf 87' lang='lat' dir='ltr'>ecclesie</span> <span class='ocrx_word' id='word_1_398' title='bbox 1147 2566 1212 2587; x_wconf 90' lang='lat' dir='ltr'>sue</span> <span class='ocrx_word' id='word_1_399' title='bbox 1236 2554 1280 2587; x_wconf 89' lang='lat' dir='ltr'>de</span> <span class='ocrx_word' id='word_1_400' title='bbox 1301 2554 1486 2588; x_wconf 85' lang='lat' dir='ltr'>voluntate</span> <span class='ocrx_word' id='word_1_401' title='bbox 1508 2561 1543 2587; x_wconf 90' lang='lat' dir='ltr'>et</span> <span class='ocrx_word' id='word_1_402' title='bbox 1563 2565 1746 2588; x_wconf 90' lang='lat' dir='ltr'>consensu</span> <span class='ocrx_word' id='word_1_403' title='bbox 1771 2561 1974 2588; x_wconf 87' lang='lat' dir='ltr'>conventus</span> <span class='ocrx_word' id='word_1_404' title='bbox 2000 2554 2057 2587; x_wconf 91' lang='lat' dir='ltr'>sui</span> <span class='ocrx_word' id='word_1_405' title='bbox 2083 2566 2147 2587; x_wconf 87' lang='lat' dir='ltr'>sex</span> <span class='ocrx_word' id='word_1_406' title='bbox 2166 2560 2315 2600; x_wconf 87' lang='lat' dir='ltr'>arpenta</span> 
     </span>
     <span class='ocr_line' id='line_1_33' title="bbox 436 2620 2312 2667; baseline -0.001 -12"><span class='ocrx_word' id='word_1_407' title='bbox 436 2623 621 2656; x_wconf 87' lang='lat' dir='ltr'>vinearum</span> <span class='ocrx_word' id='word_1_408' title='bbox 645 2628 726 2655; x_wconf 87' lang='lat' dir='ltr'>octo</span> <span class='ocrx_word' id='word_1_409' title='bbox 748 2622 922 2667; x_wconf 88' lang='lat' dir='ltr'>quarellis</span> <span class='ocrx_word' id='word_1_410' title='bbox 944 2622 1077 2663; x_wconf 90' lang='lat' dir='ltr'>minus,</span> <span class='ocrx_word' id='word_1_411' title='bbox 1101 2633 1190 2667; x_wconf 89' lang='lat' dir='ltr'>quas</span> <span class='ocrx_word' id='word_1_412' title='bbox 1216 2621 1341 2655; x_wconf 88' lang='lat' dir='ltr'>vineas</span> <span class='ocrx_word' id='word_1_413' title='bbox 1362 2634 1380 2654; x_wconf 88' lang='lat' dir='ltr'>a</span> <span class='ocrx_word' id='word_1_414' title='bbox 1401 2621 1539 2654; x_wconf 88' lang='lat' dir='ltr'>decano</span> <span class='ocrx_word' id='word_1_415' title='bbox 1565 2628 1601 2654; x_wconf 86' lang='lat' dir='ltr'>et</span> <span class='ocrx_word' id='word_1_416' title='bbox 1620 2621 1778 2667; x_wconf 91' lang='lat' dir='ltr'>capitulo</span> <span class='ocrx_word' id='word_1_417' title='bbox 1799 2620 2069 2654; x_wconf 90' lang='lat' dir='ltr'>Parisiensibus</span> <span class='ocrx_word' id='word_1_418' title='bbox 2090 2621 2134 2654; x_wconf 89' lang='lat' dir='ltr'>ad</span> <span class='ocrx_word' id='word_1_419' title='bbox 2154 2632 2312 2654; x_wconf 88' lang='lat' dir='ltr'>annuum</span> 
     </span>
     <span class='ocr_line' id='line_1_34' title="bbox 435 2687 2313 2734; baseline -0.001 -12"><span class='ocrx_word' id='word_1_420' title='bbox 435 2702 584 2722; x_wconf 85' lang='lat' dir='ltr'>censum</span> <span class='ocrx_word' id='word_1_421' title='bbox 612 2689 742 2734; x_wconf 73' lang='lat' dir='ltr'>viginti</span> <span class='ocrx_word' id='word_1_422' title='bbox 764 2689 925 2734; x_wconf 91' lang='lat' dir='ltr'>quinque</span> <span class='ocrx_word' id='word_1_423' title='bbox 956 2688 1130 2721; x_wconf 88' lang='lat' dir='ltr'>librarum</span> <span class='ocrx_word' id='word_1_424' title='bbox 1158 2688 1415 2733; x_wconf 87' lang='lat' dir='ltr'>parisiensium</span> <span class='ocrx_word' id='word_1_425' title='bbox 1447 2688 1653 2733; x_wconf 90' lang='lat' dir='ltr'>recepimus</span> <span class='ocrx_word' id='word_1_426' title='bbox 1681 2688 1768 2721; x_wconf 87' lang='lat' dir='ltr'>sitas</span> <span class='ocrx_word' id='word_1_427' title='bbox 1795 2694 1892 2721; x_wconf 88' lang='lat' dir='ltr'>extra</span> <span class='ocrx_word' id='word_1_428' title='bbox 1918 2699 2043 2720; x_wconf 90' lang='lat' dir='ltr'>muros</span> <span class='ocrx_word' id='word_1_429' title='bbox 2068 2687 2181 2720; x_wconf 89' lang='lat' dir='ltr'>Paris.</span> <span class='ocrx_word' id='word_1_430' title='bbox 2204 2699 2313 2732; x_wconf 85' lang='lat' dir='ltr'>supra</span> 
     </span>
     <span class='ocr_line' id='line_1_35' title="bbox 435 2752 2313 2801; baseline -0.002 -12"><span class='ocrx_word' id='word_1_431' title='bbox 435 2757 527 2790; x_wconf 86' lang='lat' dir='ltr'>viam</span> <span class='ocrx_word' id='word_1_432' title='bbox 563 2768 631 2801; x_wconf 90' lang='lat' dir='ltr'>qua</span> <span class='ocrx_word' id='word_1_433' title='bbox 666 2756 738 2788; x_wconf 81' lang='lat' dir='ltr'>itur</span> <span class='ocrx_word' id='word_1_434' title='bbox 772 2756 815 2788; x_wconf 88' lang='lat' dir='ltr'>ad</span> <span class='ocrx_word' id='word_1_435' title='bbox 850 2755 1047 2800; x_wconf 84' lang='lat' dir='ltr'>predictam</span> <span class='ocrx_word' id='word_1_436' title='bbox 1083 2755 1272 2788; x_wconf 87' lang='lat' dir='ltr'>ecclesiam</span> <span class='ocrx_word' id='word_1_437' title='bbox 1310 2755 1429 2788; x_wconf 88' lang='lat' dir='ltr'>Sancti</span> <span class='ocrx_word' id='word_1_438' title='bbox 1462 2755 1636 2797; x_wconf 89' lang='lat' dir='ltr'>Victoris,</span> <span class='ocrx_word' id='word_1_439' title='bbox 1672 2754 1806 2787; x_wconf 88' lang='lat' dir='ltr'>liberas</span> <span class='ocrx_word' id='word_1_440' title='bbox 1845 2761 1881 2787; x_wconf 92' lang='lat' dir='ltr'>et</span> <span class='ocrx_word' id='word_1_441' title='bbox 1917 2753 2103 2787; x_wconf 87' lang='lat' dir='ltr'>absolutas</span> <span class='ocrx_word' id='word_1_442' title='bbox 2137 2752 2180 2786; x_wconf 90' lang='lat' dir='ltr'>ab</span> <span class='ocrx_word' id='word_1_443' title='bbox 2215 2753 2313 2786; x_wconf 86' lang='lat' dir='ltr'>omni</span> 
     </span>
     <span class='ocr_line' id='line_1_36' title="bbox 436 2819 2313 2868; baseline -0.002 -12"><span class='ocrx_word' id='word_1_444' title='bbox 436 2823 611 2856; x_wconf 83' lang='lat' dir='ltr'>servitute</span> <span class='ocrx_word' id='word_1_445' title='bbox 639 2822 792 2868; x_wconf 86' lang='lat' dir='ltr'>prediali</span> <span class='ocrx_word' id='word_1_446' title='bbox 821 2828 855 2858; x_wconf 86' lang='lat' dir='ltr'>et</span> <span class='ocrx_word' id='word_1_447' title='bbox 883 2821 1066 2867; x_wconf 87' lang='lat' dir='ltr'>personali</span> <span class='ocrx_word' id='word_1_448' title='bbox 1089 2828 1124 2854; x_wconf 89' lang='lat' dir='ltr'>et</span> <span class='ocrx_word' id='word_1_449' title='bbox 1144 2821 1242 2854; x_wconf 88' lang='lat' dir='ltr'>omni</span> <span class='ocrx_word' id='word_1_450' title='bbox 1268 2833 1394 2862; x_wconf 84' lang='lat' dir='ltr'>censu,</span> <span class='ocrx_word' id='word_1_451' title='bbox 1417 2833 1497 2854; x_wconf 89' lang='lat' dir='ltr'>cum</span> <span class='ocrx_word' id='word_1_452' title='bbox 1520 2821 1618 2854; x_wconf 90' lang='lat' dir='ltr'>omni</span> <span class='ocrx_word' id='word_1_453' title='bbox 1634 2821 1718 2866; x_wconf 87' lang='lat' dir='ltr'>jure</span> <span class='ocrx_word' id='word_1_454' title='bbox 1739 2827 1775 2853; x_wconf 93' lang='lat' dir='ltr'>et</span> <span class='ocrx_word' id='word_1_455' title='bbox 1793 2820 1889 2853; x_wconf 90' lang='lat' dir='ltr'>omni</span> <span class='ocrx_word' id='word_1_456' title='bbox 1906 2820 2060 2865; x_wconf 78' lang='lat' dir='ltr'>justitia,</span> <span class='ocrx_word' id='word_1_457' title='bbox 2087 2819 2221 2865; x_wconf 91' lang='lat' dir='ltr'>quibus</span> <span class='ocrx_word' id='word_1_458' title='bbox 2246 2831 2313 2853; x_wconf 89' lang='lat' dir='ltr'>nos</span> 
     </span>
     <span class='ocr_line' id='line_1_37' title="bbox 437 2886 2313 2935; baseline -0.002 -12"><span class='ocrx_word' id='word_1_459' title='bbox 437 2890 534 2935; x_wconf 85' lang='lat' dir='ltr'>ipsas</span> <span class='ocrx_word' id='word_1_460' title='bbox 561 2902 578 2922; x_wconf 89' lang='lat' dir='ltr'>a</span> <span class='ocrx_word' id='word_1_461' title='bbox 600 2889 774 2934; x_wconf 84' lang='lat' dir='ltr'>predictis</span> <span class='ocrx_word' id='word_1_462' title='bbox 801 2888 938 2921; x_wconf 90' lang='lat' dir='ltr'>decano</span> <span class='ocrx_word' id='word_1_463' title='bbox 965 2894 1000 2921; x_wconf 88' lang='lat' dir='ltr'>et</span> <span class='ocrx_word' id='word_1_464' title='bbox 1023 2887 1180 2933; x_wconf 84' lang='lat' dir='ltr'>capitulo</span> <span class='ocrx_word' id='word_1_465' title='bbox 1208 2887 1479 2920; x_wconf 90' lang='lat' dir='ltr'>Parisiensibus</span> <span class='ocrx_word' id='word_1_466' title='bbox 1506 2887 1724 2932; x_wconf 80' lang='lat' dir='ltr'>recepimus,</span> <span class='ocrx_word' id='word_1_467' title='bbox 1746 2887 1792 2920; x_wconf 87' lang='lat' dir='ltr'>ita</span> <span class='ocrx_word' id='word_1_468' title='bbox 1818 2893 1858 2920; x_wconf 88' lang='lat' dir='ltr'>ut</span> <span class='ocrx_word' id='word_1_469' title='bbox 1881 2886 1999 2932; x_wconf 89' lang='lat' dir='ltr'>possit</span> <span class='ocrx_word' id='word_1_470' title='bbox 2018 2886 2163 2920; x_wconf 87' lang='lat' dir='ltr'>easdem</span> <span class='ocrx_word' id='word_1_471' title='bbox 2188 2886 2313 2920; x_wconf 88' lang='lat' dir='ltr'>vineas</span> 
     </span>
    </p>
   </div>
   <div class='ocr_carea' id='block_1_12' title="bbox 437 2953 2313 2999">
    <p class='ocr_par' dir='ltr' id='par_1_12' title="bbox 437 2953 2313 2999">
     <span class='ocr_line' id='line_1_38' title="bbox 437 2953 2313 2999; baseline -0.002 -10"><span class='ocrx_word' id='word_1_472' title='bbox 437 2957 530 2990; x_wconf 85' lang='lat' dir='ltr'>dicta</span> <span class='ocrx_word' id='word_1_473' title='bbox 552 2956 706 2990; x_wconf 88' lang='lat' dir='ltr'>ecclesia</span> <span class='ocrx_word' id='word_1_474' title='bbox 729 2956 847 2989; x_wconf 88' lang='lat' dir='ltr'>Sancti</span> <span class='ocrx_word' id='word_1_475' title='bbox 869 2955 1028 2989; x_wconf 90' lang='lat' dir='ltr'>Victoris</span> <span class='ocrx_word' id='word_1_476' title='bbox 1049 2955 1085 2987; x_wconf 92' lang='lat' dir='ltr'>in</span> <span class='ocrx_word' id='word_1_477' title='bbox 1107 2966 1214 2987; x_wconf 88' lang='lat' dir='ltr'>manu</span> <span class='ocrx_word' id='word_1_478' title='bbox 1235 2961 1375 2987; x_wconf 86' lang='lat' dir='ltr'>mortua</span> <span class='ocrx_word' id='word_1_479' title='bbox 1397 2954 1427 2987; x_wconf 89' lang='lat' dir='ltr'>si</span> <span class='ocrx_word' id='word_1_480' title='bbox 1448 2954 1605 2988; x_wconf 89' lang='lat' dir='ltr'>voluerit</span> <span class='ocrx_word' id='word_1_481' title='bbox 1625 2960 1799 2999; x_wconf 89' lang='lat' dir='ltr'>perpetue</span> <span class='ocrx_word' id='word_1_482' title='bbox 1820 2953 1991 2995; x_wconf 74' lang='lat' dir='ltr'>retinere,</span> <span class='ocrx_word' id='word_1_483' title='bbox 2013 2953 2058 2986; x_wconf 91' lang='lat' dir='ltr'>de</span> <span class='ocrx_word' id='word_1_484' title='bbox 2079 2953 2132 2987; x_wconf 88' lang='lat' dir='ltr'>eis</span> <span class='ocrx_word' id='word_1_485' title='bbox 2154 2960 2189 2986; x_wconf 90' lang='lat' dir='ltr'>et</span> <span class='ocrx_word' id='word_1_486' title='bbox 2204 2953 2241 2986; x_wconf 91' lang='lat' dir='ltr'>in</span> <span class='ocrx_word' id='word_1_487' title='bbox 2260 2953 2313 2986; x_wconf 91' lang='lat' dir='ltr'>eis</span> 
     </span>
    </p>
   </div>
   <div class='ocr_carea' id='block_1_13' title="bbox 2540 0 2580 3528">
    <p class='ocr_par' dir='ltr' id='par_1_13' title="bbox 2540 0 2580 3528">
     <span class='ocr_line' id='line_1_39' title="bbox 2540 0 2580 3528; baseline 0 0"><span class='ocrx_word' id='word_1_488' title='bbox 2540 0 2580 3528; x_wconf 95' lang='lat' dir='ltr'> </span> 
     </span>
    </p>
   </div>
  </div>
 </body>
</html>
