2580 3528
243 418 340 463 1283]
587 430 635 453 AB
668 430 774 452 Anno
809 427 887 452 mcc
920 427 1053 458 usqum:
1087 429 1136 451 An
1171 429 1400 451 PHILIPPUM
1435 429 1475 451 iv
1508 429 1598 452 nnc..
1634 430 1771 453 nume.
2050 422 2114 455 597

241 533 354 572 511.
379 543 555 570 nutationes
570 541 716 579 quaedam
731 541 877 569 domorum
897 550 916 568 a
936 541 1084 577 magistris
1105 541 1134 567 in
1149 540 1295 576 theologia
1311 545 1339 567 et
1354 541 1384 567 in
1403 540 1518 567 artibus
1538 541 1703 577 civibusque
1718 542 1943 577 parisiensibus,
1961 551 2027 570 ann.
2047 545 2116 571 1282

328 595 358 619 et
370 593 442 620 1283
455 593 565 628 factae.

1462 626 1520 653 Anu.
1536 626 1701 656 1282-1283.
1717 627 1830 653 '’uA-leik.

327 703 435 737 Anno
455 702 602 736 Domini
626 702 823 736 millesimo
843 701 1093 748 octuagesimo
1114 700 1231 747 primo
1252 707 1463 735 taxaverunt
1482 701 1647 746 magistri
1668 701 1705 734 in
1727 700 1910 746 theologia
1932 701 2043 734 Adam
2071 702 2115 735 de

238 770 397 816 Gouly¹,
418 776 455 804 et
473 771 603 804 Petrus
624 769 669 803 de
689 768 936 815 Vylarcheaus
956 780 964 802 τ

329 837 396 871 Die
411 837 511 883 jovis
537 843 620 870 ante
639 837 772 870 festum
794 835 915 870 Sancti
936 835 1033 870 Petri
1053 835 1091 868 in
1111 834 1316 876 cathedra’,
1338 835 1485 868 domum
1511 834 1650 883 domini
1675 834 1890 877 Clementis,
1913 835 2115 882 presbyteri

239 904 284 938 de
305 904 455 946 Issiaco,
477 903 515 937 in
534 903 651 950 platea
671 902 852 945 Malberti,
875 909 957 936 ante
978 902 1125 936 domum
1145 901 1190 935 ad
1211 913 1354 936 nassam
1373 913 1381 934 ε
1400 913 1465 935 sex
1485 901 1611 935 libras.

327 971 482 1005 Domum
513 982 642 1005 novam
674 969 969 1004 Sorbonistarum
1000 969 1038 1002 in
1065 969 1224 1003 claustro
1253 969 1374 1002 Sancti
1402 968 1604 1011 Benedicti,
1627 969 1729 1014 juxta
1757 969 1872 1015 magis
1900 981 2042 1011 novam,
2071 970 2114 1003 ad

237 1037 370 1084 viginti
388 1037 502 1071 libras
523 1037 734 1083 parisiens„
755 1036 848 1070 sicut
868 1047 963 1069 anno
985 1035 1173 1082 preterito,
1195 1042 1370 1069 taxamus.

326 1105 481 1138 Domum
515 1103 680 1150 magistri
714 1102 908 1137 Guillermi
943 1102 988 1135 de
1022 1101 1202 1143 Charleis,
1236 1102 1273 1135 in
1306 1102 1386 1135 vico
1422 1101 1542 1135 Sancti
1577 1102 1725 1145 Cosme,
1760 1109 1842 1136 ante
1881 1102 2029 1136 domum
2068 1102 2112 1136 ad

237 1187 385 1210 cervum
408 1186 416 1208 :
439 1181 596 1220 quatuor
614 1173 728 1208 libras
747 1186 830 1207 cum
852 1173 1014 1207 dimidia.

327 1243 481 1276 Domum
521 1240 677 1275 ecclesie
714 1240 760 1274 de
796 1239 930 1281 Blesis,
968 1239 1065 1273 illam
1109 1251 1180 1285 que
1221 1246 1277 1272 est
1313 1239 1350 1272 in
1385 1239 1507 1272 medio
1543 1239 1580 1272 in
1617 1239 1697 1274 vico
1735 1252 1807 1286 quo
1850 1240 1921 1273 itur
1956 1252 1975 1273 a
2012 1247 2114 1286 porta

238 1309 376 1342 Inferni
405 1308 450 1342 ad
480 1296 649 1342 Sanctum
678 1306 852 1341 Jacobum
872 1306 1093 1340 :tresdecim
1125 1305 1250 1339 libras.

415 1375 483 1408 Die
508 1374 692 1408 mercurii.

325 1441 431 1476 Scole
460 1441 504 1475 ad
534 1452 705 1487 magnum
736 1440 937 1482 Britonem,
968 1439 1006 1473 in
1034 1439 1115 1473 vico
1146 1439 1190 1472 de
1220 1439 1409 1473 Attrebato
1433 1451 1440 1472 :
1463 1446 1609 1473 centum
1639 1447 1675 1473 et
1704 1440 1829 1473 decem
1861 1440 2014 1474 solidos.

325 1509 480 1543 Domum
510 1507 692 1541 Droconis
722 1507 767 1540 de
797 1506 970 1548 Cachant,
1003 1506 1040 1539 in
1070 1518 1203 1552 magno
1232 1506 1328 1548 vico,
1358 1512 1440 1540 ante
1472 1507 1640 1540 Sanctum
1672 1507 1905 1540 Maturinum.

325 1574 480 1607 Domum
510 1573 649 1606 Domus
679 1572 759 1614 Dei,
785 1572 888 1618 juxta
917 1571 1071 1617 plateam
1101 1583 1250 1605 vacuam
1280 1571 1318 1604 in
1342 1571 1423 1604 vico
1453 1571 1550 1604 Petri
1581 1571 1769 1605 Sarraceni
1792 1583 1799 1604 :
1823 1578 1962 1617 septem
1990 1571 2113 1605 libras.

325 1641 480 1674 Domum
511 1638 707 1674 Guillermi
736 1638 781 1672 de
811 1639 914 1673 Seint
942 1638 1032 1673 Cuir
1060 1637 1098 1671 in
1126 1638 1208 1672 vico
1239 1637 1441 1683 Serpentis,
1473 1644 1555 1671 ante
1585 1637 1733 1671 domum
1770 1638 1934 1684 magistri
1970 1638 2116 1671 llenrici

235 1707 281 1741 de
303 1705 535 1748 VerdeliacO,
561 1718 642 1740 cum
668 1705 835 1752 pratello,
861 1717 943 1739 cum
969 1704 1132 1747 cellario,
1159 1705 1238 1738 sine
1264 1703 1419 1738 stabulis
1440 1704 1592 1738 :decem
1619 1711 1655 1738 et
1679 1711 1760 1738 octo
1786 1704 1898 1738 libras
1922 1705 2115 1751 parisiens.

326 1774 481 1807 Domum
510 1772 687 1807 Johannis
717 1772 762 1806 de
793 1771 979 1818 Boigeval,
1011 1772 1048 1806 in
1077 1772 1157 1806 vico
1189 1771 1309 1805 Sancti
1339 1771 1512 1805 Germani
1538 1771 1828 1817 :qninquaginta
1858 1771 2011 1805 solidos.

415 1840 482 1874 Die
506 1840 618 1886 jovis.
656 1852 659 1853 ⁷

326 1907 481 1941 Domum
507 1906 677 1940 Richardi
707 1906 741 1940 le
771 1906 915 1948 Fenier,
943 1906 980 1939 in
1009 1906 1089 1940 vico
1119 1904 1249 1939 Plastri
1277 1915 1285 1938 t
1313 1915 1367 1937 1111
1397 1903 1524 1946 libras,
1550 1916 1571 1938 x
1597 1903 1665 1938 sol.
1693 1904 1886 1950 parisiens.

326 1974 481 2008 Domum
511 1973 608 2007 Petri
638 1971 906 2015 Alverniensis,
930 1972 966 2006 in
991 1972 1072 2007 vico
1099 1971 1219 2006 Sancti
1235 1971 1396 2006 Victoris
1421 1977 1546 2005 contra
1572 1971 1690 2005 vicum
1716 1970 1915 2005 Alexandri
1941 1971 2114 2017 Anglici:

238 2046 321 2076 octo
343 2040 469 2075 libras.

327 2108 482 2142 Domum
511 2107 688 2142 heredum
714 2106 908 2142 Guillermi
939 2106 984 2140 (le
1015 2105 1201 2148 Poneello,
1228 2105 1264 2139 in
1294 2106 1375 2139 vico
1405 2111 1546 2151 pavat0,
1568 2105 1669 2150 juxta
1695 2105 1842 2138 domum
1875 2105 2046 2151 Stephani
2072 2106 2117 2139 de

240 2175 359 2209 Moret
380 2185 390 2208 τ
414 2185 480 2208 sex
507 2173 621 2208 libras
651 2180 687 2208 et
715 2174 878 2220 quinque
907 2173 1061 2207 solidos:

329 2242 483 2275 Domum
516 2240 681 2287 magistri
716 2241 886 2287 Hugonis
920 2240 965 2274 de
1001 2241 1173 2282 Hermen,
1204 2239 1240 2273 in
1270 2239 1351 2273 vico
1387 2245 1527 2285 pavato,
1558 2251 1640 2272 cum
1677 2238 1831 2273 stabulis
1858 2245 1970 2272 :octo
2005 2238 2116 2273 libras

239 2319 306 2355 pro
335 2307 458 2350 domo,
489 2313 525 2341 et
549 2307 675 2341 decem
701 2306 842 2341 solidos
867 2319 934 2353 pro
959 2306 1127 2341 stabulis.

330 2375 484 2409 Domum
520 2373 684 2420 magistri
717 2373 871 2416 Yvonis,
902 2372 1030 2407 decani
1064 2373 1110 2407 de
1140 2372 1282 2414 Clicon,
1313 2378 1395 2406 ante
1426 2372 1573 2405 domum
1604 2372 1775 2405 comitum
1803 2372 1848 2405 de
1875 2373 1986 2406 Barro
2009 2383 2016 2405 :
2040 2384 2117 2406 sex-

240 2441 357 2477 decim
383 2440 509 2475 libras.

331 2509 485 2542 Domum
523 2506 662 2542 Thomc
699 2507 843 2554 potarii,
878 2507 915 2541 in
952 2519 1084 2553 magno
1120 2506 1215 2548 vico,
1244 2517 1376 2540 versus
1411 2506 1580 2540 Sanctum
1617 2505 1806 2548 Jacobum,
1831 2506 1932 2551 juxta
1969 2506 2115 2540 domum

241 2575 406 2622 episcopi
436 2574 692 2621 Lyngonensis
717 2586 725 2608 z
749 2580 831 2608 octo
861 2573 974 2608 libras
1004 2580 1040 2608 et
1069 2572 1277 2619 quindecim
1308 2571 1462 2606 solidos.

331 2643 485 2676 Domum
507 2641 682 2676 Ludovici
702 2640 911 2684 Chanscon,
927 2641 1028 2686 juxta
1051 2640 1198 2674 domum
1222 2637 1529 2685 archipresbyteri
1550 2639 1670 2673 Sancti
1697 2638 1874 2681 Severini,
1899 2639 1942 2673 ad
1965 2639 2115 2685 longum

241 2708 430 2744 introitum
454 2720 461 2743 ε
486 2719 551 2742 vm
581 2707 707 2743 libras.

331 2777 485 2810 Domum
515 2775 670 2809 duorum
702 2781 890 2809 mutonum
914 2785 921 2808 ε
945 2785 979 2808 vu
1010 2773 1123 2809 libras
1151 2785 1174 2807 v
1203 2773 1272 2808 sol.

331 2843 484 2877 Domum
515 2841 709 2877 Guillermi
730 2842 816 2876 dicti
846 2841 999 2883 Giss'ard,
1021 2853 1131 2887 supra
1161 2840 1307 2874 domum
1328 2840 1372 2874 ad
1394 2841 1639 2874 Marmoses.2
1673 2850 1726 2872 un
1749 2839 1861 2873 libras
1892 2850 1912 2872 v
1948 2839 2015 2872 sol.
2050 2851 2114 2885 pro

243 2910 318 2940 toto
347 2916 455 2939 anno.

333 2971 486 3005 Domum
516 2971 717 3006 Theobaldi
750 2971 923 3014 Britonis,
959 2978 1040 3005 ante
1071 2971 1239 3005 Sanctum
1270 2969 1431 3004 Ylarium
1456 2981 1463 3003 :
1495 2979 1559 3003 vm
1590 2968 1703 3003 libras
1733 2974 1769 3002 et
1797 2968 1923 3002 dimid.
