2580 3528
281 418 379 459 1229]
622 427 670 450 ΑΒ
703 427 811 449 ΑΝΝο
845 426 923 449 mcc
959 426 1091 455 usQus
1125 426 1174 448 an
1209 426 1440 448 Pnimrruu
1476 426 1517 448 ιν
1551 426 1639 448 nso.
1677 427 1814 448 ransc.
2095 419 2156 451 127

278 502 475 535 confovere
500 507 540 534 ut
563 500 723 535 videaris
749 500 884 546 prioris
909 500 1050 533 offense
1075 511 1141 533 seu
1167 499 1394 546 negligentie
1419 499 1595 532 maculam
1621 500 1788 545 expiasse
1809 512 1848 533 ac
1869 501 1905 533 in
1928 507 1959 533 te
1985 501 2159 534 confundi

278 568 428 602 minime
457 579 526 601 nos
552 567 752 613 contingat,
782 567 845 612 qui
872 578 1099 612 nequaquam
1130 578 1325 612 possemus
1357 565 1424 600 hec
1453 565 1737 599 conniventibus
1771 566 1888 599 oculis
1923 568 2157 612 pertransire.

277 634 452 680 Alioquin
472 646 547 668 non
567 641 636 668 tam
658 633 921 680 negligentiam
942 645 1049 679 quam
1070 633 1240 666 malitiam
1262 633 1300 666 in
1321 640 1354 666 te
1378 633 1486 666 dante
1506 633 1663 666 Domino
1684 633 1893 666 curabimus
1915 634 2032 667 taliter
2053 635 2159 667 casti-

277 713 379 747 gare,
401 703 501 747 quod
528 701 566 734 in
593 712 686 747 pena
710 712 930 746 cognosces,
953 707 1124 746 quantum
1152 700 1189 733 in
1210 699 1315 745 culpa
1336 699 1540 745 improvide
1566 700 1795 733 commisisti.
1819 701 1896 733 Dat.
1920 701 2061 733 Perusii
2082 701 2157 745 viiij

278 767 348 802 kal.
371 767 600 810 Decembris,
623 767 856 813 pontificatus
876 767 993 801 nostri
1013 779 1109 800 anno
1130 767 1256 800 tercio.

371 866 434 898 neg.
451 866 508 890 Vnt.
526 866 649 898 Gregorii
665 866 698 890 tx
714 874 756 890 un.
773 867 796 894 3,
813 874 854 898 ep.
871 867 910 894 88,
927 866 971 890 sol.
989 866 1042 889 144.
1059 879 1091 883 -
1105 865 1203 894 valois,
1222 865 1388 890 Guillaume
1402 866 1590 896 &Auum-qne,
1606 874 1632 896 p.
1650 866 1704 894 343,
1722 870 1750 889 n⁰
1766 866 1802 889 18.

371 950 393 973 1.
410 950 497 982 Supra
512 954 542 974 n⁰
556 950 579 974 1.

277 1067 356 1106 70.
383 1078 535 1113 Gregorius
560 1078 606 1103 IX
621 1078 792 1104 Mauritium
818 1079 1056 1104 Cenomanensem
1078 1081 1106 1104 et
1132 1078 1288 1103 Guarinum
1311 1076 1550 1103 Silvanectensem
1569 1078 1719 1113 episcopos
1743 1086 1779 1103 ac
1807 1078 1976 1112 magistr-mn
2002 1077 2159 1103 Iohannem

369 1125 610 1153 Catalaunensem
626 1126 862 1153 archidiaconum
872 1126 988 1163 judices
1004 1127 1033 1152 in
1048 1135 1139 1152 caasa
1155 1127 1230 1153 inter
1243 1125 1414 1152 ludovicum
1434 1135 1528 1161 regem
1548 1127 1722 1152 Francorum
1742 1129 1770 1152 et
1789 1126 1942 1161 magistros
1962 1134 1997 1152 ac
2012 1126 2160 1153 scholares

365 1176 550 1202 Parisienses
565 1179 688 1202 vertente
702 1176 859 1202 constituit.

1450 1226 1529 1255 1229,
1544 1225 1690 1251 Novembris
1704 1226 1751 1255 24,
1767 1226 1872 1251 Pet-usli.

370 1325 392 1333 ..
416 1299 686 1334 Cenomanensi
711 1306 748 1333 et
770 1326 791 1333 ..
821 1299 1086 1333 Silvanectensi
1110 1299 1296 1345 episcopis
1317 1306 1353 1332 et
1371 1299 1547 1345 magistro
1572 1299 1727 1333 Johanni
1754 1299 2010 1333 archidiacono
2030 1300 2160 1334 Catha—

278 1365 460 1400 launensi.
484 1359 540 1410 AJd
561 1365 843 1399 custodiendum
865 1372 901 1399 et
920 1365 1145 1411 operandum
1167 1365 1269 1399 illum
1291 1366 1515 1411 paradisum¹
1538 1365 1750 1399 deliciarum
1772 1373 1897 1399 nostre
1918 1367 2158 1400 sollicitudini

277 1433 488 1478 deputatum
510 1444 643 1479 magno
664 1432 772 1466 nobis
793 1439 850 1466 est
870 1444 981 1478 opere
998 1432 1280 1478 precavendum,
1305 1444 1350 1465 ne
1367 1432 1501 1466 fluvius
1522 1432 1734 1466 deliciarum
1757 1433 1914 1478 irrigans
1936 1433 2006 1466 loci
2028 1440 2157 1467 terram

276 1499 476 1534 divertatur
504 1499 549 1533 ab
578 1499 681 1534 alveo
711 1506 748 1533 et
775 1499 917 1533 divisus
942 1500 979 1532 in
1004 1500 1104 1533 rivos
1129 1506 1282 1541 arescat,
1312 1511 1351 1532 ac
1379 1499 1592 1545 irrigatione
1619 1499 1802 1533 subtracta
1832 1500 2022 1545 paradisus
2052 1513 2160 1546 squa-

277 1566 422 1600 lescens
452 1573 488 1600 et
515 1574 646 1600 versus
673 1566 711 1600 in
738 1566 986 1612 salsilaginem
1018 1566 1196 1612 producat
1224 1566 1349 1612 spinas
1379 1573 1415 1599 et
1441 1566 1598 1599 tribulos
1628 1573 1663 1599 et
1686 1566 1779 1600 vites
1806 1566 1941 1600 Sorech
1967 1567 2004 1600 in
2030 1568 2157 1600 eodem

277 1633 434 1679 plantate
454 1633 649 1680 prohibitis
670 1633 832 1667 nubibus
852 1633 1005 1667 imbrem
1027 1633 1217 1667 effundere
1238 1645 1350 1679 super
1371 1645 1431 1666 eas
1453 1633 1680 1679 degenerent
1699 1633 1736 1666 in
1757 1633 1994 1667 lambruscas.
2018 1635 2160 1679 'Estque

277 1699 538 1734 nichilominus
558 1700 663 1734 valde
687 1700 902 1742 verendum,
925 1712 971 1734 ne
991 1701 1154 1734 irruente
1175 1699 1387 1746 hujusmodi
1415 1700 1577 1733 siccitate
1598 1699 1642 1733 ab
1667 1701 1782 1734 Ysaac
1804 1701 1903 1746 putei
1927 1701 2044 1734 servis
2069 1702 2160 1734 fossi

277 1767 482 1814 calumpnie
515 1767 687 1801 videlicet
716 1779 759 1801 ex
787 1779 978 1801 causarum
1009 1767 1164 1813 strepitu
1193 1767 1376 1801 venientis
1407 1773 1443 1800 et
1470 1767 1659 1800 inimicitie
1690 1779 1733 1800 ex
1763 1780 1885 1813 pugna
1916 1767 2111 1801 verborum
2142 1781 2159 1801 a

279 1834 526 1880 disputatione
550 1834 756 1868 liberalium
787 1835 916 1868 artium
949 1834 1198 1868 descendente
1223 1847 1263 1868 ac
1286 1834 1490 1868 latitudinis
1515 1846 1617 1868 sacre
1643 1835 1776 1880 pagine
1804 1835 1882 1868 vias
1909 1835 2157 1868 mandatorum

279 1901 426 1935 Domini
450 1901 618 1935 facientis
649 1902 760 1935 corde
784 1913 932 1935 currere
958 1901 1105 1935 dilatato
1139 1901 1184 1935 ab
1211 1901 1396 1947 allophilis
1424 1901 1566 1934 Ysaach
1598 1901 1676 1935 veri
1701 1902 1897 1941 contrariis
1925 1901 2163 1936 obstruantur

279 1974 315 2002 et
334 1968 588 2014 periclitentur
615 1981 748 2015 pecora
764 1970 845 2014 ejus
865 1969 938 2002 siti.
963 1969 1113 2003 Fluvius
1138 1968 1320 2014 profect0¹
1341 1975 1397 2002 est
1415 1968 1615 2002 litterarum
1639 1968 1813 2009 studium,
1836 1981 1908 2014 quo
1934 1969 2107 2014 irrigatur
2127 1976 2162 2002 et

277 2035 493 2069 secundatur
518 2042 602 2082 post
631 2036 788 2082 Spiritus
816 2036 937 2070 Sancti
962 2036 1114 2082 gratiam
1142 2035 1334 2082 paradisus
1363 2035 1548 2081 generalis
1575 2035 1744 2077 ecclesie,
1774 2037 1879 2081 cujus
1908 2036 2033 2070 alveus
2064 2037 2161 2070 Pari-

279 2102 415 2137 siensis
451 2103 579 2137 civitas
608 2115 652 2137 ex
682 2115 740 2143 eo,
775 2103 874 2149 quod
910 2103 1006 2136 idem
1038 2102 1198 2136 studium
1227 2103 1394 2154 Parisius'
1418 2102 1536 2148 viguit
1564 2102 1752 2144 hactenus,
1784 2103 1949 2136 noscitur
1982 2103 2159 2137 extitisse.

279 2169 386 2204 Unde
410 2169 508 2215 quod
533 2170 672 2204 nostris
696 2169 925 2216 temporibus
952 2169 1043 2203 illud
1069 2169 1156 2203 alibi
1176 2170 1414 2203 transferatur
1435 2181 1508 2203 non
1529 2169 1707 2203 debemus
1730 2170 1971 2215 equanimiter
1991 2170 2159 2210 tolerare,

278 2248 324 2270 ne
354 2236 477 2270 forsan
507 2248 552 2270 ex
579 2236 791 2282 hujusmodi
820 2236 1058 2271 translatione
1087 2249 1153 2283 per
1182 2236 1285 2282 plura
1318 2236 1398 2270 loca
1427 2236 1584 2270 divisum
1615 2236 1659 2270 ad
1690 2235 1864 2269 nichilum
1895 2237 2095 2282 redigatur,
2127 2243 2162 2270 et

278 2302 467 2337 claudatur
486 2303 604 2337 celum
626 2303 821 2350 scripture,
837 2316 877 2338 ac
899 2303 1016 2337 nubes
1037 2303 1248 2337 contineant
1266 2303 1430 2349 ymbrem
1451 2315 1571 2345 suum,
1594 2309 1630 2336 et
1649 2309 1743 2336 terra
1765 2303 1983 2336 universalis
2005 2303 2161 2337 ecclesie

281 2376 465 2403 remaneat
485 2369 731 2416 imcompluta,
749 2382 894 2404 necnon
914 2369 970 2403 sol
990 2376 1026 2403 et
1041 2369 1126 2403 luna
1146 2370 1184 2403 in
1201 2369 1371 2403 tenebras
1391 2376 1650 2403 convertantur
1670 2369 1850 2414 stelleque
1871 2369 2026 2415 caligine
2043 2370 2160 2403 invol-

278 2443 409 2471 vantur
434 2448 570 2470 earum.
603 2437 695 2470 Sane
720 2436 765 2470 ad
790 2443 951 2471 nostram
984 2437 1161 2471 noveritis
1188 2437 1407 2470 audientiam
1436 2436 1663 2482 pervenisse,
1691 2436 1788 2481 quod
1814 2448 1894 2469 cum
1926 2436 2020 2470 inter
2049 2437 2161 2470 caris-

281 2503 413 2537 simum
431 2503 468 2537 in
491 2503 639 2538 Christo
665 2503 780 2538 filium
806 2510 972 2538 nostrum
993 2530 1014 2537 ..
1037 2515 1161 2550 regem
1186 2504 1407 2537 Francorum
1433 2509 1469 2537 et
1488 2529 1509 2536 ..
1532 2503 1694 2548 reginam
1717 2509 1865 2536 matrem
1892 2504 1972 2548 ejus
1997 2503 2160 2537 illustres

279 2582 323 2604 ex
346 2577 447 2617 parte
470 2582 540 2604 una
563 2577 599 2604 et
622 2570 778 2604 dilectos
798 2570 895 2604 filios
915 2570 1112 2617 magistros
1135 2577 1171 2604 et
1195 2570 1357 2604 scolares
1380 2566 1608 2603 Parisienses
1628 2581 1671 2603 ex
1692 2569 1803 2603 altera
1824 2570 2053 2604 dissentione
2073 2570 2160 2604 sub-

279 2644 357 2672 orta
381 2637 491 2671 iidem
521 2637 685 2684 magistri
711 2650 792 2671 cum
817 2637 1022 2671 scolaribus
1046 2637 1214 2683 dampnis
1238 2643 1274 2671 et
1298 2637 1444 2683 injuriis
1469 2636 1630 2670 lacesciti
1658 2649 1676 2670 a
1703 2637 1864 2670 Parisius
1893 2637 2159 2677 discesserunt,

279 2704 438 2738 studium
467 2704 553 2738 alibi
582 2705 851 2746 transferendo,
879 2716 944 2751 per
969 2704 1068 2750 quod
1095 2704 1267 2738 videntur
1292 2703 1430 2738 clavem
1459 2703 1588 2737 tulisse
1617 2703 1784 2746 scientie,
1814 2716 1854 2737 ac
1881 2710 1963 2738 ante
1992 2703 2160 2738 homines

279 2770 442 2805 celorum
479 2771 651 2805 claudere
688 2771 784 2806 velle
824 2783 993 2817 regnum,
1028 2778 1064 2805 et
1102 2771 1172 2817 ipsi
1212 2783 1286 2804 non
1325 2771 1503 2804 intrantes
1536 2769 1702 2804 volentes
1737 2771 1871 2804 intrare
1906 2770 2004 2804 nolle
2037 2771 2159 2804 sinere

278 2837 444 2872 introire.
467 2837 693 2872 Utilitatibus
714 2838 828 2885 igitur
848 2838 1082 2885 proventuris
1103 2850 1147 2872 ex
1167 2838 1322 2884 predicti
1348 2837 1510 2871 fluminis
1530 2837 1573 2871 ad
1595 2837 1734 2871 alveum
1761 2837 1879 2871 reditu
1902 2838 2105 2884 aspirantes
2126 2845 2159 2871 et

279 2903 446 2939 volentes
470 2904 807 2948 incomodhafibus,
836 2917 908 2951 que
934 2911 1090 2952 possunt
1116 2917 1159 2939 ex
1185 2905 1354 2939 discessu
1379 2915 1583 2950 emergere,
1611 2903 1771 2945 obviare,
1801 2903 2014 2938 discretioni
2039 2911 2159 2938 vestre

281 2982 346 3017 per
382 2970 583 3017 apostolica
621 2972 756 3018 scripta
794 2971 1021 3013 mandamus,
1061 2972 1233 3018 quatinus
1271 2972 1366 3006 inter
1399 2982 1523 3017 regem
1559 2977 1595 3004 et
1623 2971 1786 3016 reginam
1821 2983 1861 3004 ac
1900 2970 2093 3016 magistros
2125 2977 2158 3003 et
