<?xml version="1.0" encoding="UTF-8"?>
<!DOCTYPE html PUBLIC "-//W3C//DTD XHTML 1.0 Transitional//EN"
    "http://www.w3.org/TR/xhtml1/DTD/xhtml1-transitional.dtd">
<html xmlns="http://www.w3.org/1999/xhtml" xml:lang="en" lang="en">
 <head>
  <title>
</title>
<meta http-equiv="Content-Type" content="text/html;charset=utf-8" />
  <meta name='ocr-system' content='tesseract 3.04.00' />
  <meta name='ocr-capabilities' content='ocr_page ocr_carea ocr_par ocr_line ocrx_word'/>
</head>
<body>
  <div class='ocr_page' id='page_1' title='image "./chartulariumuniv01univuoft_0489.png"; bbox 0 0 2580 3528; ppageno 0'>
   <div class='ocr_carea' id='block_1_1' title="bbox 0 0 87 3528">
    <p class='ocr_par' dir='ltr' id='par_1_1' title="bbox 0 0 87 3528">
     <span class='ocr_line' id='line_1_1' title="bbox 0 0 87 3528; baseline 0 0"><span class='ocrx_word' id='word_1_1' title='bbox 0 0 87 3528; x_wconf 95' lang='lat' dir='ltr'><strong> </strong></span> 
     </span>
    </p>
   </div>
   <div class='ocr_carea' id='block_1_2' title="bbox 214 409 2085 452">
    <p class='ocr_par' dir='ltr' id='par_1_2' title="bbox 214 409 2085 452">
     <span class='ocr_line' id='line_1_2' title="bbox 214 409 2085 452; baseline 0.005 -10"><span class='ocrx_word' id='word_1_2' title='bbox 214 409 311 452; x_wconf 83' lang='lat'><strong>1266]</strong></span> <span class='ocrx_word' id='word_1_3' title='bbox 557 420 605 443; x_wconf 69' lang='lat' dir='ltr'><strong>AB</strong></span> <span class='ocrx_word' id='word_1_4' title='bbox 637 420 744 443; x_wconf 71' lang='grc' dir='ltr'><strong>ΑΝΝο</strong></span> <span class='ocrx_word' id='word_1_5' title='bbox 778 420 856 444; x_wconf 74' lang='lat' dir='ltr'><strong>uec</strong></span> <span class='ocrx_word' id='word_1_6' title='bbox 890 420 1022 450; x_wconf 71' lang='lat' dir='ltr'><strong>USQUE</strong></span> <span class='ocrx_word' id='word_1_7' title='bbox 1057 422 1106 444; x_wconf 68' lang='lat' dir='ltr'><strong>an</strong></span> <span class='ocrx_word' id='word_1_8' title='bbox 1140 422 1370 445; x_wconf 67' lang='lat' dir='ltr'><strong>munerun</strong></span> <span class='ocrx_word' id='word_1_9' title='bbox 1405 423 1446 445; x_wconf 83' lang='lat' dir='ltr'><strong>tv</strong></span> <span class='ocrx_word' id='word_1_10' title='bbox 1479 423 1568 446; x_wconf 70' lang='lat' dir='ltr'><strong>nse.</strong></span> <span class='ocrx_word' id='word_1_11' title='bbox 1605 425 1742 448; x_wconf 64' lang='lat' dir='ltr'><strong>rnANc.</strong></span> <span class='ocrx_word' id='word_1_12' title='bbox 2022 419 2085 452; x_wconf 84' lang='lat'><strong>447</strong></span> 
     </span>
    </p>
   </div>
   <div class='ocr_carea' id='block_1_3' title="bbox 209 493 2114 2882">
    <p class='ocr_par' dir='ltr' id='par_1_3' title="bbox 209 493 2114 2882">
     <span class='ocr_line' id='line_1_3' title="bbox 211 493 2088 544; baseline 0.004 -17"><span class='ocrx_word' id='word_1_13' title='bbox 211 493 417 541; x_wconf 86' lang='lat' dir='ltr'><strong>quanquam</strong></span> <span class='ocrx_word' id='word_1_14' title='bbox 437 494 629 528; x_wconf 89' lang='lat' dir='ltr'><strong>immeritis</strong></span> <span class='ocrx_word' id='word_1_15' title='bbox 649 494 849 541; x_wconf 87' lang='lat' dir='ltr'><strong>apostolice</strong></span> <span class='ocrx_word' id='word_1_16' title='bbox 870 495 1059 541; x_wconf 87' lang='lat' dir='ltr'><strong>dignitatis</strong></span> <span class='ocrx_word' id='word_1_17' title='bbox 1080 496 1245 542; x_wconf 79' lang='lat' dir='ltr'>exposcit</span> <span class='ocrx_word' id='word_1_18' title='bbox 1264 496 1436 539; x_wconf 86' lang='lat' dir='ltr'><strong>officium,</strong></span> <span class='ocrx_word' id='word_1_19' title='bbox 1465 504 1503 530; x_wconf 93' lang='lat' dir='ltr'><strong>ut</strong></span> <span class='ocrx_word' id='word_1_20' title='bbox 1527 498 1764 544; x_wconf 87' lang='lat' dir='ltr'><strong>invigilemus</strong></span> <span class='ocrx_word' id='word_1_21' title='bbox 1789 500 1945 534; x_wconf 89' lang='lat' dir='ltr'><strong>sollicite</strong></span> <span class='ocrx_word' id='word_1_22' title='bbox 1972 514 2088 534; x_wconf 88' lang='lat' dir='ltr'><strong>reme-</strong></span> 
     </span>
     <span class='ocr_line' id='line_1_4' title="bbox 211 559 2089 609; baseline 0.003 -15"><span class='ocrx_word' id='word_1_23' title='bbox 211 559 284 595; x_wconf 84' lang='lat' dir='ltr'><strong>diis</strong></span> <span class='ocrx_word' id='word_1_24' title='bbox 316 560 582 604; x_wconf 88' lang='lat' dir='ltr'><strong>subdictorum,</strong></span> <span class='ocrx_word' id='word_1_25' title='bbox 617 561 701 607; x_wconf 90' lang='lat' dir='ltr'><strong>quia</strong></span> <span class='ocrx_word' id='word_1_26' title='bbox 735 562 821 595; x_wconf 92' lang='lat' dir='ltr'><strong>dum</strong></span> <span class='ocrx_word' id='word_1_27' title='bbox 856 574 983 596; x_wconf 88' lang='lat' dir='ltr'><strong>eorum</strong></span> <span class='ocrx_word' id='word_1_28' title='bbox 1018 574 1249 597; x_wconf 80' lang='lat' dir='ltr'>removemus</span> <span class='ocrx_word' id='word_1_29' title='bbox 1279 563 1501 609; x_wconf 76' lang='lat' dir='ltr'><strong>gravamina,</strong></span> <span class='ocrx_word' id='word_1_30' title='bbox 1532 564 1617 598; x_wconf 92' lang='lat' dir='ltr'><strong>dum</strong></span> <span class='ocrx_word' id='word_1_31' title='bbox 1647 565 1815 599; x_wconf 88' lang='lat' dir='ltr'><strong>scandala</strong></span> <span class='ocrx_word' id='word_1_32' title='bbox 1845 566 2022 608; x_wconf 90' lang='lat' dir='ltr'><strong>tollimus,</strong></span> <span class='ocrx_word' id='word_1_33' title='bbox 2052 568 2089 600; x_wconf 91' lang='lat' dir='ltr'><strong>in</strong></span> 
     </span>
     <span class='ocr_line' id='line_1_5' title="bbox 210 627 2089 677; baseline 0.003 -15"><span class='ocrx_word' id='word_1_34' title='bbox 210 627 358 662; x_wconf 87' lang='lat' dir='ltr'><strong>illorum</strong></span> <span class='ocrx_word' id='word_1_35' title='bbox 386 639 585 674; x_wconf 88' lang='lat' dir='ltr'><strong>possumus</strong></span> <span class='ocrx_word' id='word_1_36' title='bbox 616 628 738 674; x_wconf 92' lang='lat' dir='ltr'><strong>quiete</strong></span> <span class='ocrx_word' id='word_1_37' title='bbox 768 629 960 675; x_wconf 77' lang='lat' dir='ltr'><strong>quiescere</strong></span> <span class='ocrx_word' id='word_1_38' title='bbox 989 636 1026 663; x_wconf 89' lang='lat' dir='ltr'><strong>et</strong></span> <span class='ocrx_word' id='word_1_39' title='bbox 1051 636 1172 676; x_wconf 90' lang='lat' dir='ltr'><strong>optate</strong></span> <span class='ocrx_word' id='word_1_40' title='bbox 1199 630 1471 676; x_wconf 80' lang='lat' dir='ltr'><strong>tranquillitatis</strong></span> <span class='ocrx_word' id='word_1_41' title='bbox 1502 631 1675 677; x_wconf 89' lang='lat' dir='ltr'><strong>gaudium</strong></span> <span class='ocrx_word' id='word_1_42' title='bbox 1704 632 1883 666; x_wconf 87' lang='lat' dir='ltr'><strong>obtinere.</strong></span> <span class='ocrx_word' id='word_1_43' title='bbox 1917 633 1975 666; x_wconf 90' lang='lat' dir='ltr'><strong>Ad</strong></span> <span class='ocrx_word' id='word_1_44' title='bbox 2009 646 2089 667; x_wconf 91' lang='lat' dir='ltr'><strong>nos-</strong></span> 
     </span>
     <span class='ocr_line' id='line_1_6' title="bbox 211 695 2090 743; baseline 0.002 -13"><span class='ocrx_word' id='word_1_45' title='bbox 211 701 306 730; x_wconf 82' lang='lat' dir='ltr'><strong>trum</strong></span> <span class='ocrx_word' id='word_1_46' title='bbox 331 695 512 741; x_wconf 83' lang='lat' dir='ltr'><strong>siquidem</strong></span> <span class='ocrx_word' id='word_1_47' title='bbox 538 695 750 741; x_wconf 80' lang='lat' dir='ltr'><strong>frequenter</strong></span> <span class='ocrx_word' id='word_1_48' title='bbox 770 696 936 742; x_wconf 91' lang='lat' dir='ltr'><strong>pervenit</strong></span> <span class='ocrx_word' id='word_1_49' title='bbox 960 696 1136 739; x_wconf 91' lang='lat' dir='ltr'><strong>auditum,</strong></span> <span class='ocrx_word' id='word_1_50' title='bbox 1165 697 1265 743; x_wconf 91' lang='lat' dir='ltr'><strong>quod</strong></span> <span class='ocrx_word' id='word_1_51' title='bbox 1285 698 1450 743; x_wconf 81' lang='lat' dir='ltr'><strong>magistri</strong></span> <span class='ocrx_word' id='word_1_52' title='bbox 1471 705 1507 731; x_wconf 89' lang='lat' dir='ltr'><strong>et</strong></span> <span class='ocrx_word' id='word_1_53' title='bbox 1531 698 1692 732; x_wconf 89' lang='lat' dir='ltr'><strong>scolares</strong></span> <span class='ocrx_word' id='word_1_54' title='bbox 1714 699 1971 733; x_wconf 87' lang='lat' dir='ltr'><strong>Universitatis</strong></span> <span class='ocrx_word' id='word_1_55' title='bbox 1991 701 2090 733; x_wconf 85' lang='lat' dir='ltr'><strong>Pari-</strong></span> 
     </span>
     <span class='ocr_line' id='line_1_7' title="bbox 211 761 2091 813; baseline 0.003 -18"><span class='ocrx_word' id='word_1_56' title='bbox 211 761 348 796; x_wconf 87' lang='lat' dir='ltr'><strong>siensis</strong></span> <span class='ocrx_word' id='word_1_57' title='bbox 373 769 582 796; x_wconf 82' lang='lat' dir='ltr'><strong>asserentes</strong></span> <span class='ocrx_word' id='word_1_58' title='bbox 608 762 891 797; x_wconf 89' lang='lat' dir='ltr'><strong>Universitatem</strong></span> <span class='ocrx_word' id='word_1_59' title='bbox 922 763 1075 797; x_wconf 91' lang='lat' dir='ltr'><strong>eandem</strong></span> <span class='ocrx_word' id='word_1_60' title='bbox 1101 764 1291 798; x_wconf 89' lang='lat' dir='ltr'><strong>nonnullis</strong></span> <span class='ocrx_word' id='word_1_61' title='bbox 1317 764 1522 811; x_wconf 92' lang='lat' dir='ltr'><strong>privilegiis</strong></span> <span class='ocrx_word' id='word_1_62' title='bbox 1548 772 1584 799; x_wconf 89' lang='lat' dir='ltr'><strong>et</strong></span> <span class='ocrx_word' id='word_1_63' title='bbox 1608 765 1851 812; x_wconf 85' lang='lat' dir='ltr'><strong>indulgentiis</strong></span> <span class='ocrx_word' id='word_1_64' title='bbox 1878 767 2091 813; x_wconf 90' lang='lat' dir='ltr'><strong>apostolicis</strong></span> 
     </span>
     <span class='ocr_line' id='line_1_8' title="bbox 210 828 2091 878; baseline 0.003 -16"><span class='ocrx_word' id='word_1_65' title='bbox 210 829 290 863; x_wconf 81' lang='lat' dir='ltr'><strong>fore</strong></span> <span class='ocrx_word' id='word_1_66' title='bbox 317 829 506 871; x_wconf 86' lang='lat' dir='ltr'><strong>munitam,</strong></span> <span class='ocrx_word' id='word_1_67' title='bbox 531 828 743 875; x_wconf 89' lang='lat' dir='ltr'><strong>hujusmodi</strong></span> <span class='ocrx_word' id='word_1_68' title='bbox 770 830 975 876; x_wconf 85' lang='lat' dir='ltr'><strong>privilegiis</strong></span> <span class='ocrx_word' id='word_1_69' title='bbox 1002 837 1039 864; x_wconf 89' lang='lat' dir='ltr'><strong>et</strong></span> <span class='ocrx_word' id='word_1_70' title='bbox 1064 830 1307 877; x_wconf 87' lang='lat' dir='ltr'><strong>indulgentiis</strong></span> <span class='ocrx_word' id='word_1_71' title='bbox 1334 831 1585 878; x_wconf 87' lang='lat' dir='ltr'><strong>multipliciter</strong></span> <span class='ocrx_word' id='word_1_72' title='bbox 1609 831 1821 876; x_wconf 90' lang='lat' dir='ltr'><strong>abutuntur,</strong></span> <span class='ocrx_word' id='word_1_73' title='bbox 1851 833 1936 867; x_wconf 89' lang='lat' dir='ltr'><strong>dum</strong></span> <span class='ocrx_word' id='word_1_74' title='bbox 1965 846 2091 867; x_wconf 91' lang='lat' dir='ltr'><strong>eorum</strong></span> 
     </span>
     <span class='ocr_line' id='line_1_9' title="bbox 212 896 2091 946; baseline 0.003 -17"><span class='ocrx_word' id='word_1_75' title='bbox 212 902 378 942; x_wconf 83' lang='lat' dir='ltr'><strong>pretextu</strong></span> <span class='ocrx_word' id='word_1_76' title='bbox 398 902 468 930; x_wconf 88' lang='lat' dir='ltr'><strong>tam</strong></span> <span class='ocrx_word' id='word_1_77' title='bbox 489 896 561 943; x_wconf 91' lang='lat' dir='ltr'><strong>ipsi</strong></span> <span class='ocrx_word' id='word_1_78' title='bbox 581 908 687 942; x_wconf 89' lang='lat' dir='ltr'><strong>quam</strong></span> <span class='ocrx_word' id='word_1_79' title='bbox 709 896 836 942; x_wconf 89' lang='lat' dir='ltr'><strong>plures</strong></span> <span class='ocrx_word' id='word_1_80' title='bbox 855 897 929 939; x_wconf 79' lang='lat' dir='ltr'><strong>alii,</strong></span> <span class='ocrx_word' id='word_1_81' title='bbox 957 897 1019 943; x_wconf 92' lang='lat' dir='ltr'><strong>qui</strong></span> <span class='ocrx_word' id='word_1_82' title='bbox 1045 909 1085 932; x_wconf 91' lang='lat' dir='ltr'><strong>se</strong></span> <span class='ocrx_word' id='word_1_83' title='bbox 1106 898 1269 932; x_wconf 89' lang='lat' dir='ltr'><strong>Parisius</strong></span> <span class='ocrx_word' id='word_1_84' title='bbox 1294 898 1444 932; x_wconf 90' lang='lat' dir='ltr'><strong>studere</strong></span> <span class='ocrx_word' id='word_1_85' title='bbox 1464 899 1693 946; x_wconf 85' lang='lat' dir='ltr'><strong>confingunt,</strong></span> <span class='ocrx_word' id='word_1_86' title='bbox 1723 912 1928 946; x_wconf 82' lang='lat' dir='ltr'><strong>quanquam</strong></span> <span class='ocrx_word' id='word_1_87' title='bbox 1954 900 2091 935; x_wconf 90' lang='lat' dir='ltr'><strong>ibidem</strong></span> 
     </span>
     <span class='ocr_line' id='line_1_10' title="bbox 212 962 2094 1011; baseline 0.003 -15"><span class='ocrx_word' id='word_1_88' title='bbox 212 962 418 1009; x_wconf 84' lang='lat' dir='ltr'><strong>disciplinis</strong></span> <span class='ocrx_word' id='word_1_89' title='bbox 448 962 652 997; x_wconf 83' lang='lat' dir='ltr'><strong>scolasticis</strong></span> <span class='ocrx_word' id='word_1_90' title='bbox 682 975 756 997; x_wconf 90' lang='lat' dir='ltr'><strong>non</strong></span> <span class='ocrx_word' id='word_1_91' title='bbox 785 964 968 1007; x_wconf 74' lang='lat' dir='ltr'><strong>insistant,</strong></span> <span class='ocrx_word' id='word_1_92' title='bbox 999 976 1039 998; x_wconf 87' lang='lat' dir='ltr'><strong>ac</strong></span> <span class='ocrx_word' id='word_1_93' title='bbox 1069 965 1240 998; x_wconf 89' lang='lat' dir='ltr'><strong>nonnulli</strong></span> <span class='ocrx_word' id='word_1_94' title='bbox 1270 965 1333 1011; x_wconf 90' lang='lat' dir='ltr'><strong>qui</strong></span> <span class='ocrx_word' id='word_1_95' title='bbox 1360 965 1450 999; x_wconf 91' lang='lat' dir='ltr'><strong>alias</strong></span> <span class='ocrx_word' id='word_1_96' title='bbox 1483 978 1557 1000; x_wconf 89' lang='lat' dir='ltr'><strong>non</strong></span> <span class='ocrx_word' id='word_1_97' title='bbox 1587 966 1780 1000; x_wconf 78' lang='lat' dir='ltr'><strong>studerent</strong></span> <span class='ocrx_word' id='word_1_98' title='bbox 1811 967 1916 1009; x_wconf 83' lang='lat' dir='ltr'><strong>inibi,</strong></span> <span class='ocrx_word' id='word_1_99' title='bbox 1952 968 2024 1001; x_wconf 91' lang='lat' dir='ltr'><strong>nisi</strong></span> <span class='ocrx_word' id='word_1_100' title='bbox 2054 974 2094 1002; x_wconf 89' lang='lat' dir='ltr'><strong>ut</strong></span> 
     </span>
     <span class='ocr_line' id='line_1_11' title="bbox 211 1029 2093 1078; baseline 0.003 -15"><span class='ocrx_word' id='word_1_101' title='bbox 211 1036 426 1064; x_wconf 85' lang='lat' dir='ltr'><strong>exercerent</strong></span> <span class='ocrx_word' id='word_1_102' title='bbox 443 1029 655 1076; x_wconf 84' lang='lat' dir='ltr'><strong>hujusmodi</strong></span> <span class='ocrx_word' id='word_1_103' title='bbox 679 1029 869 1065; x_wconf 86' lang='lat' dir='ltr'><strong>abusionis</strong></span> <span class='ocrx_word' id='word_1_104' title='bbox 896 1031 1067 1066; x_wconf 89' lang='lat' dir='ltr'><strong>malitiam</strong></span> <span class='ocrx_word' id='word_1_105' title='bbox 1094 1038 1131 1065; x_wconf 93' lang='lat' dir='ltr'><strong>et</strong></span> <span class='ocrx_word' id='word_1_106' title='bbox 1154 1031 1348 1066; x_wconf 90' lang='lat' dir='ltr'><strong>debachari</strong></span> <span class='ocrx_word' id='word_1_107' title='bbox 1373 1033 1543 1078; x_wconf 90' lang='lat' dir='ltr'><strong>nequiter</strong></span> <span class='ocrx_word' id='word_1_108' title='bbox 1562 1033 1706 1067; x_wconf 88' lang='lat' dir='ltr'><strong>valeant</strong></span> <span class='ocrx_word' id='word_1_109' title='bbox 1724 1034 1762 1067; x_wconf 91' lang='lat' dir='ltr'><strong>in</strong></span> <span class='ocrx_word' id='word_1_110' title='bbox 1782 1033 1891 1068; x_wconf 92' lang='lat' dir='ltr'><strong>bonis</strong></span> <span class='ocrx_word' id='word_1_111' title='bbox 1916 1034 2093 1068; x_wconf 91' lang='lat' dir='ltr'><strong>innocen-</strong></span> 
     </span>
     <span class='ocr_line' id='line_1_12' title="bbox 212 1097 2093 1147; baseline 0.002 -16"><span class='ocrx_word' id='word_1_112' title='bbox 212 1097 301 1132; x_wconf 87' lang='lat' dir='ltr'><strong>tium</strong></span> <span class='ocrx_word' id='word_1_113' title='bbox 328 1109 581 1144; x_wconf 85' lang='lat' dir='ltr'><strong>personarum,</strong></span> <span class='ocrx_word' id='word_1_114' title='bbox 609 1104 646 1132; x_wconf 90' lang='lat' dir='ltr'><strong>et</strong></span> <span class='ocrx_word' id='word_1_115' title='bbox 674 1098 810 1132; x_wconf 92' lang='lat' dir='ltr'><strong>diversi</strong></span> <span class='ocrx_word' id='word_1_116' title='bbox 835 1097 910 1140; x_wconf 87' lang='lat' dir='ltr'><strong>alii,</strong></span> <span class='ocrx_word' id='word_1_117' title='bbox 936 1098 998 1144; x_wconf 91' lang='lat' dir='ltr'><strong>qui</strong></span> <span class='ocrx_word' id='word_1_118' title='bbox 1026 1099 1254 1133; x_wconf 88' lang='lat' dir='ltr'><strong>diversarum</strong></span> <span class='ocrx_word' id='word_1_119' title='bbox 1280 1099 1579 1134; x_wconf 87' lang='lat' dir='ltr'><strong>adinventionum</strong></span> <span class='ocrx_word' id='word_1_120' title='bbox 1606 1106 1642 1134; x_wconf 88' lang='lat' dir='ltr'><strong>et</strong></span> <span class='ocrx_word' id='word_1_121' title='bbox 1666 1100 1922 1147; x_wconf 88' lang='lat' dir='ltr'><strong>figmentorum</strong></span> <span class='ocrx_word' id='word_1_122' title='bbox 1948 1102 2093 1135; x_wconf 88' lang='lat' dir='ltr'><strong>nancis-</strong></span> 
     </span>
     <span class='ocr_line' id='line_1_13' title="bbox 212 1164 2092 1213; baseline 0.003 -16"><span class='ocrx_word' id='word_1_123' title='bbox 212 1170 345 1198; x_wconf 90' lang='lat' dir='ltr'><strong>cuntur</strong></span> <span class='ocrx_word' id='word_1_124' title='bbox 363 1164 523 1210; x_wconf 85' lang='lat' dir='ltr'><strong>ingenia,</strong></span> <span class='ocrx_word' id='word_1_125' title='bbox 546 1175 612 1210; x_wconf 91' lang='lat' dir='ltr'><strong>per</strong></span> <span class='ocrx_word' id='word_1_126' title='bbox 631 1176 702 1210; x_wconf 91' lang='lat' dir='ltr'><strong>que</strong></span> <span class='ocrx_word' id='word_1_127' title='bbox 722 1165 914 1211; x_wconf 79' lang='lat' dir='ltr'><strong>suffragari</strong></span> <span class='ocrx_word' id='word_1_128' title='bbox 935 1165 1006 1198; x_wconf 91' lang='lat' dir='ltr'><strong>sibi</strong></span> <span class='ocrx_word' id='word_1_129' title='bbox 1026 1172 1238 1212; x_wconf 91' lang='lat' dir='ltr'><strong>proponunt</strong></span> <span class='ocrx_word' id='word_1_130' title='bbox 1261 1166 1511 1212; x_wconf 86' lang='lat' dir='ltr'><strong>indulgentias</strong></span> <span class='ocrx_word' id='word_1_131' title='bbox 1537 1173 1573 1200; x_wconf 91' lang='lat' dir='ltr'><strong>et</strong></span> <span class='ocrx_word' id='word_1_132' title='bbox 1597 1167 1788 1213; x_wconf 87' lang='lat' dir='ltr'><strong>privilegia</strong></span> <span class='ocrx_word' id='word_1_133' title='bbox 1808 1175 2018 1210; x_wconf 88' lang='lat' dir='ltr'><strong>memorata,</strong></span> <span class='ocrx_word' id='word_1_134' title='bbox 2047 1168 2092 1202; x_wconf 94' lang='lat' dir='ltr'><strong>de</strong></span> 
     </span>
     <span class='ocr_line' id='line_1_14' title="bbox 213 1230 2093 1279; baseline 0.003 -16"><span class='ocrx_word' id='word_1_135' title='bbox 213 1230 430 1277; x_wconf 85' lang='lat' dir='ltr'><strong>propinquis</strong></span> <span class='ocrx_word' id='word_1_136' title='bbox 456 1242 522 1264; x_wconf 91' lang='lat' dir='ltr'><strong>seu</strong></span> <span class='ocrx_word' id='word_1_137' title='bbox 552 1231 702 1265; x_wconf 91' lang='lat' dir='ltr'><strong>remotis</strong></span> <span class='ocrx_word' id='word_1_138' title='bbox 728 1231 905 1277; x_wconf 87' lang='lat' dir='ltr'><strong>partibus,</strong></span> <span class='ocrx_word' id='word_1_139' title='bbox 932 1238 1042 1278; x_wconf 88' lang='lat' dir='ltr'><strong>prout</strong></span> <span class='ocrx_word' id='word_1_140' title='bbox 1066 1232 1120 1266; x_wconf 89' lang='lat' dir='ltr'><strong>eis</strong></span> <span class='ocrx_word' id='word_1_141' title='bbox 1144 1233 1315 1279; x_wconf 88' lang='lat' dir='ltr'><strong>suggerit</strong></span> <span class='ocrx_word' id='word_1_142' title='bbox 1339 1233 1487 1279; x_wconf 89' lang='lat' dir='ltr'><strong>proprie</strong></span> <span class='ocrx_word' id='word_1_143' title='bbox 1513 1233 1671 1279; x_wconf 89' lang='lat' dir='ltr'><strong>impetus</strong></span> <span class='ocrx_word' id='word_1_144' title='bbox 1696 1234 1907 1276; x_wconf 89' lang='lat' dir='ltr'><strong>voluntatis,</strong></span> <span class='ocrx_word' id='word_1_145' title='bbox 1934 1235 1979 1268; x_wconf 84' lang='lat' dir='ltr'><strong>ad</strong></span> <span class='ocrx_word' id='word_1_146' title='bbox 2005 1235 2093 1269; x_wconf 92' lang='lat' dir='ltr'><strong>civi-</strong></span> 
     </span>
     <span class='ocr_line' id='line_1_15' title="bbox 212 1297 2090 1346; baseline 0.002 -14"><span class='ocrx_word' id='word_1_147' title='bbox 212 1304 319 1332; x_wconf 85' lang='lat' dir='ltr'><strong>tatem</strong></span> <span class='ocrx_word' id='word_1_148' title='bbox 349 1297 592 1331; x_wconf 88' lang='lat' dir='ltr'><strong>Parisiensem</strong></span> <span class='ocrx_word' id='word_1_149' title='bbox 622 1297 778 1332; x_wconf 91' lang='lat' dir='ltr'><strong>clericos</strong></span> <span class='ocrx_word' id='word_1_150' title='bbox 807 1305 844 1332; x_wconf 90' lang='lat' dir='ltr'><strong>et</strong></span> <span class='ocrx_word' id='word_1_151' title='bbox 873 1298 999 1341; x_wconf 74' lang='lat' dir='ltr'><strong>laicos,</strong></span> <span class='ocrx_word' id='word_1_152' title='bbox 1029 1311 1122 1344; x_wconf 90' lang='lat' dir='ltr'><strong>quos</strong></span> <span class='ocrx_word' id='word_1_153' title='bbox 1150 1299 1222 1333; x_wconf 91' lang='lat' dir='ltr'><strong>sibi</strong></span> <span class='ocrx_word' id='word_1_154' title='bbox 1251 1306 1314 1333; x_wconf 88' lang='lat' dir='ltr'><strong>aut</strong></span> <span class='ocrx_word' id='word_1_155' title='bbox 1339 1311 1466 1333; x_wconf 90' lang='lat' dir='ltr'><strong>eorum</strong></span> <span class='ocrx_word' id='word_1_156' title='bbox 1499 1300 1684 1346; x_wconf 89' lang='lat' dir='ltr'><strong>aliquibus</strong></span> <span class='ocrx_word' id='word_1_157' title='bbox 1713 1301 1879 1346; x_wconf 88' lang='lat' dir='ltr'><strong>injuriari</strong></span> <span class='ocrx_word' id='word_1_158' title='bbox 1908 1308 2090 1344; x_wconf 87' lang='lat' dir='ltr'><strong>asserunt,</strong></span> 
     </span>
     <span class='ocr_line' id='line_1_16' title="bbox 211 1358 2093 1414; baseline 0.003 -17"><span class='ocrx_word' id='word_1_159' title='bbox 211 1375 332 1398; x_wconf 90' lang='lat' dir='ltr'><strong>coram</strong></span> <span class='ocrx_word' id='word_1_160' title='bbox 356 1362 589 1410; x_wconf 82' lang='lat' dir='ltr'><strong>quibusdam,</strong></span> <span class='ocrx_word' id='word_1_161' title='bbox 617 1376 710 1410; x_wconf 88' lang='lat' dir='ltr'><strong>quos</strong></span> <span class='ocrx_word' id='word_1_162' title='bbox 735 1364 826 1398; x_wconf 83' lang='lat' dir='ltr'><strong>salso</strong></span> <span class='ocrx_word' id='word_1_163' title='bbox 847 1365 994 1410; x_wconf 88' lang='lat' dir='ltr'><strong>judices</strong></span> <span class='ocrx_word' id='word_1_164' title='bbox 1020 1377 1086 1399; x_wconf 91' lang='lat' dir='ltr'><strong>seu</strong></span> <span class='ocrx_word' id='word_1_165' title='bbox 1112 1372 1392 1400; x_wconf 85' lang='lat' dir='ltr'><strong>conservatores</strong></span> <span class='ocrx_word' id='word_1_166' title='bbox 1417 1366 1462 1399; x_wconf 86' lang='lat' dir='ltr'><strong>ad</strong></span> <span class='ocrx_word' id='word_1_167' title='bbox 1486 1358 1555 1400; x_wconf 57' lang='lat' dir='ltr'><strong>Heio</strong></span> <span class='ocrx_word' id='word_1_168' title='bbox 1581 1379 1646 1412; x_wconf 91' lang='lat' dir='ltr'><strong>per</strong></span> <span class='ocrx_word' id='word_1_169' title='bbox 1671 1367 1862 1414; x_wconf 87' lang='lat' dir='ltr'><strong>privilegia</strong></span> <span class='ocrx_word' id='word_1_170' title='bbox 1888 1368 1946 1402; x_wconf 92' lang='lat' dir='ltr'><strong>vel</strong></span> <span class='ocrx_word' id='word_1_171' title='bbox 1971 1368 2093 1402; x_wconf 92' lang='lat' dir='ltr'><strong>indul-</strong></span> 
     </span>
     <span class='ocr_line' id='line_1_17' title="bbox 210 1429 2092 1479; baseline 0.003 -16"><span class='ocrx_word' id='word_1_172' title='bbox 210 1430 354 1478; x_wconf 85' lang='lat' dir='ltr'><strong>gentias</strong></span> <span class='ocrx_word' id='word_1_173' title='bbox 377 1429 589 1476; x_wconf 89' lang='lat' dir='ltr'><strong>hujusmodi</strong></span> <span class='ocrx_word' id='word_1_174' title='bbox 613 1430 806 1477; x_wconf 87' lang='lat' dir='ltr'><strong>deputatos</strong></span> <span class='ocrx_word' id='word_1_175' title='bbox 831 1443 914 1465; x_wconf 89' lang='lat' dir='ltr'><strong>esse</strong></span> <span class='ocrx_word' id='word_1_176' title='bbox 941 1438 1164 1477; x_wconf 90' lang='lat' dir='ltr'><strong>proponunt,</strong></span> <span class='ocrx_word' id='word_1_177' title='bbox 1192 1432 1294 1466; x_wconf 93' lang='lat' dir='ltr'><strong>citari</strong></span> <span class='ocrx_word' id='word_1_178' title='bbox 1315 1439 1525 1478; x_wconf 90' lang='lat' dir='ltr'><strong>procurant,</strong></span> <span class='ocrx_word' id='word_1_179' title='bbox 1553 1433 1679 1479; x_wconf 89' lang='lat' dir='ltr'><strong>sepius</strong></span> <span class='ocrx_word' id='word_1_180' title='bbox 1703 1440 1739 1467; x_wconf 91' lang='lat' dir='ltr'><strong>et</strong></span> <span class='ocrx_word' id='word_1_181' title='bbox 1764 1434 1928 1468; x_wconf 89' lang='lat' dir='ltr'><strong>diversas</strong></span> <span class='ocrx_word' id='word_1_182' title='bbox 1950 1435 1986 1467; x_wconf 92' lang='lat' dir='ltr'><strong>in</strong></span> <span class='ocrx_word' id='word_1_183' title='bbox 2008 1435 2092 1469; x_wconf 91' lang='lat' dir='ltr'><strong>illos</strong></span> 
     </span>
     <span class='ocr_line' id='line_1_18' title="bbox 211 1497 2114 1545; baseline 0.001 -13"><span class='ocrx_word' id='word_1_184' title='bbox 211 1497 412 1532; x_wconf 86' lang='lat' dir='ltr'><strong>sententias</strong></span> <span class='ocrx_word' id='word_1_185' title='bbox 441 1497 667 1544; x_wconf 86' lang='lat' dir='ltr'><strong>promulgari</strong></span> <span class='ocrx_word' id='word_1_186' title='bbox 695 1510 769 1531; x_wconf 90' lang='lat' dir='ltr'><strong>non</strong></span> <span class='ocrx_word' id='word_1_187' title='bbox 799 1498 844 1532; x_wconf 88' lang='lat' dir='ltr'><strong>ad</strong></span> <span class='ocrx_word' id='word_1_188' title='bbox 872 1497 955 1540; x_wconf 81' lang='lat' dir='ltr'><strong>hoc,</strong></span> <span class='ocrx_word' id='word_1_189' title='bbox 986 1498 1085 1544; x_wconf 92' lang='lat' dir='ltr'><strong>quod</strong></span> <span class='ocrx_word' id='word_1_190' title='bbox 1115 1510 1217 1532; x_wconf 90' lang='lat' dir='ltr'><strong>suam</strong></span> <span class='ocrx_word' id='word_1_191' title='bbox 1248 1506 1520 1545; x_wconf 88' lang='lat' dir='ltr'><strong>prosequantur</strong></span> <span class='ocrx_word' id='word_1_192' title='bbox 1548 1500 1741 1545; x_wconf 89' lang='lat' dir='ltr'><strong>justitiam,</strong></span> <span class='ocrx_word' id='word_1_193' title='bbox 1773 1501 1838 1534; x_wconf 91' lang='lat' dir='ltr'><strong>sed</strong></span> <span class='ocrx_word' id='word_1_194' title='bbox 1869 1508 1908 1534; x_wconf 91' lang='lat' dir='ltr'><strong>ut</strong></span> <span class='ocrx_word' id='word_1_195' title='bbox 1926 1502 2114 1543; x_wconf 22' lang='lat' dir='ltr'><strong>‘eosdem‘</strong></span> 
     </span>
     <span class='ocr_line' id='line_1_19' title="bbox 209 1563 2094 1612; baseline 0.001 -14"><span class='ocrx_word' id='word_1_196' title='bbox 209 1563 365 1599; x_wconf 86' lang='lat' dir='ltr'><strong>clericos</strong></span> <span class='ocrx_word' id='word_1_197' title='bbox 386 1570 423 1598; x_wconf 91' lang='lat' dir='ltr'><strong>et</strong></span> <span class='ocrx_word' id='word_1_198' title='bbox 440 1564 566 1606; x_wconf 90' lang='lat' dir='ltr'><strong>laicos,</strong></span> <span class='ocrx_word' id='word_1_199' title='bbox 589 1564 651 1610; x_wconf 89' lang='lat' dir='ltr'><strong>qui</strong></span> <span class='ocrx_word' id='word_1_200' title='bbox 671 1565 811 1598; x_wconf 87' lang='lat' dir='ltr'><strong>ratione</strong></span> <span class='ocrx_word' id='word_1_201' title='bbox 832 1564 956 1598; x_wconf 87' lang='lat' dir='ltr'><strong>delicti</strong></span> <span class='ocrx_word' id='word_1_202' title='bbox 978 1565 1055 1599; x_wconf 91' lang='lat' dir='ltr'><strong>sive</strong></span> <span class='ocrx_word' id='word_1_203' title='bbox 1075 1572 1283 1599; x_wconf 89' lang='lat' dir='ltr'><strong>contractus</strong></span> <span class='ocrx_word' id='word_1_204' title='bbox 1304 1572 1365 1600; x_wconf 92' lang='lat' dir='ltr'><strong>aut</strong></span> <span class='ocrx_word' id='word_1_205' title='bbox 1391 1566 1444 1599; x_wconf 91' lang='lat' dir='ltr'><strong>rei</strong></span> <span class='ocrx_word' id='word_1_206' title='bbox 1470 1566 1515 1599; x_wconf 89' lang='lat' dir='ltr'><strong>de</strong></span> <span class='ocrx_word' id='word_1_207' title='bbox 1541 1579 1611 1612; x_wconf 92' lang='lat' dir='ltr'><strong>qua</strong></span> <span class='ocrx_word' id='word_1_208' title='bbox 1638 1567 1758 1612; x_wconf 88' lang='lat' dir='ltr'><strong>agitur</strong></span> <span class='ocrx_word' id='word_1_209' title='bbox 1779 1579 1844 1600; x_wconf 93' lang='lat' dir='ltr'><strong>seu</strong></span> <span class='ocrx_word' id='word_1_210' title='bbox 1865 1567 1954 1601; x_wconf 86' lang='lat' dir='ltr'><strong>alias</strong></span> <span class='ocrx_word' id='word_1_211' title='bbox 1975 1568 2094 1600; x_wconf 84' lang='lat' dir='ltr'><strong>sorum</strong></span> 
     </span>
     <span class='ocr_line' id='line_1_20' title="bbox 212 1630 2093 1679; baseline 0.002 -15"><span class='ocrx_word' id='word_1_212' title='bbox 212 1630 258 1665; x_wconf 91' lang='lat' dir='ltr'><strong>de</strong></span> <span class='ocrx_word' id='word_1_213' title='bbox 286 1631 370 1677; x_wconf 89' lang='lat' dir='ltr'><strong>jure</strong></span> <span class='ocrx_word' id='word_1_214' title='bbox 403 1630 539 1664; x_wconf 89' lang='lat' dir='ltr'><strong>ibidem</strong></span> <span class='ocrx_word' id='word_1_215' title='bbox 569 1631 718 1665; x_wconf 89' lang='lat' dir='ltr'><strong>minime</strong></span> <span class='ocrx_word' id='word_1_216' title='bbox 748 1632 964 1675; x_wconf 90' lang='lat' dir='ltr'><strong>sortiuntur,</strong></span> <span class='ocrx_word' id='word_1_217' title='bbox 994 1632 1164 1678; x_wconf 84' lang='lat' dir='ltr'><strong>fatigatos</strong></span> <span class='ocrx_word' id='word_1_218' title='bbox 1192 1632 1382 1667; x_wconf 88' lang='lat' dir='ltr'><strong>laboribus</strong></span> <span class='ocrx_word' id='word_1_219' title='bbox 1412 1639 1449 1666; x_wconf 90' lang='lat' dir='ltr'><strong>et</strong></span> <span class='ocrx_word' id='word_1_220' title='bbox 1477 1633 1672 1667; x_wconf 85' lang='lat' dir='ltr'><strong>exhaustos</strong></span> <span class='ocrx_word' id='word_1_221' title='bbox 1707 1634 1879 1679; x_wconf 89' lang='lat' dir='ltr'><strong>expensis</strong></span> <span class='ocrx_word' id='word_1_222' title='bbox 1910 1634 2093 1667; x_wconf 90' lang='lat' dir='ltr'><strong>interdum</strong></span> 
     </span>
     <span class='ocr_line' id='line_1_21' title="bbox 210 1697 2095 1746; baseline 0.002 -14"><span class='ocrx_word' id='word_1_223' title='bbox 210 1697 438 1733; x_wconf 81' lang='lat' dir='ltr'><strong>vexationem</strong></span> <span class='ocrx_word' id='word_1_224' title='bbox 460 1709 562 1732; x_wconf 87' lang='lat' dir='ltr'><strong>suam</strong></span> <span class='ocrx_word' id='word_1_225' title='bbox 582 1698 764 1732; x_wconf 87' lang='lat' dir='ltr'><strong>redimere</strong></span> <span class='ocrx_word' id='word_1_226' title='bbox 789 1699 1009 1745; x_wconf 87' lang='lat' dir='ltr'><strong>quandoque</strong></span> <span class='ocrx_word' id='word_1_227' title='bbox 1034 1699 1223 1745; x_wconf 88' lang='lat' dir='ltr'><strong>pactiones</strong></span> <span class='ocrx_word' id='word_1_228' title='bbox 1248 1711 1329 1734; x_wconf 91' lang='lat' dir='ltr'><strong>cum</strong></span> <span class='ocrx_word' id='word_1_229' title='bbox 1353 1700 1406 1733; x_wconf 89' lang='lat' dir='ltr'><strong>eis</strong></span> <span class='ocrx_word' id='word_1_230' title='bbox 1428 1700 1647 1746; x_wconf 88' lang='lat' dir='ltr'><strong>dampnosas</strong></span> <span class='ocrx_word' id='word_1_231' title='bbox 1669 1700 1762 1734; x_wconf 89' lang='lat' dir='ltr'><strong>inire</strong></span> <span class='ocrx_word' id='word_1_232' title='bbox 1782 1700 2015 1746; x_wconf 83' lang='lat' dir='ltr'><strong>compellant.</strong></span> <span class='ocrx_word' id='word_1_233' title='bbox 2043 1703 2095 1736; x_wconf 86' lang='lat' dir='ltr'><strong>Ex</strong></span> 
     </span>
     <span class='ocr_line' id='line_1_22' title="bbox 213 1763 2093 1813; baseline 0.002 -15"><span class='ocrx_word' id='word_1_234' title='bbox 213 1763 286 1799; x_wconf 86' lang='lat' dir='ltr'><strong>hiis</strong></span> <span class='ocrx_word' id='word_1_235' title='bbox 306 1776 452 1811; x_wconf 91' lang='lat' dir='ltr'><strong>quoque</strong></span> <span class='ocrx_word' id='word_1_236' title='bbox 472 1776 559 1811; x_wconf 89' lang='lat' dir='ltr'><strong>sepe</strong></span> <span class='ocrx_word' id='word_1_237' title='bbox 579 1765 723 1808; x_wconf 86' lang='lat' dir='ltr'><strong>accidit,</strong></span> <span class='ocrx_word' id='word_1_238' title='bbox 751 1765 850 1811; x_wconf 91' lang='lat' dir='ltr'><strong>quod</strong></span> <span class='ocrx_word' id='word_1_239' title='bbox 870 1766 955 1799; x_wconf 89' lang='lat' dir='ltr'><strong>dum</strong></span> <span class='ocrx_word' id='word_1_240' title='bbox 977 1765 1041 1808; x_wconf 91' lang='lat' dir='ltr'><strong>hii,</strong></span> <span class='ocrx_word' id='word_1_241' title='bbox 1063 1767 1126 1812; x_wconf 92' lang='lat' dir='ltr'><strong>qui</strong></span> <span class='ocrx_word' id='word_1_242' title='bbox 1146 1766 1245 1800; x_wconf 92' lang='lat' dir='ltr'><strong>citati</strong></span> <span class='ocrx_word' id='word_1_243' title='bbox 1266 1773 1353 1800; x_wconf 91' lang='lat' dir='ltr'><strong>sunt</strong></span> <span class='ocrx_word' id='word_1_244' title='bbox 1371 1773 1433 1800; x_wconf 91' lang='lat' dir='ltr'><strong>aut</strong></span> <span class='ocrx_word' id='word_1_245' title='bbox 1456 1779 1582 1801; x_wconf 91' lang='lat' dir='ltr'><strong>eorum</strong></span> <span class='ocrx_word' id='word_1_246' title='bbox 1604 1774 1861 1813; x_wconf 87' lang='lat' dir='ltr'><strong>procuratores</strong></span> <span class='ocrx_word' id='word_1_247' title='bbox 1882 1779 1947 1801; x_wconf 87' lang='lat' dir='ltr'><strong>seu</strong></span> <span class='ocrx_word' id='word_1_248' title='bbox 1969 1769 2093 1802; x_wconf 90' lang='lat' dir='ltr'><strong>nuncii</strong></span> 
     </span>
     <span class='ocr_line' id='line_1_23' title="bbox 212 1831 2094 1879; baseline 0.001 -13"><span class='ocrx_word' id='word_1_249' title='bbox 212 1843 333 1866; x_wconf 89' lang='lat' dir='ltr'><strong>coram</strong></span> <span class='ocrx_word' id='word_1_250' title='bbox 354 1831 544 1877; x_wconf 89' lang='lat' dir='ltr'><strong>judicibus</strong></span> <span class='ocrx_word' id='word_1_251' title='bbox 569 1831 628 1866; x_wconf 88' lang='lat' dir='ltr'><strong>vel</strong></span> <span class='ocrx_word' id='word_1_252' title='bbox 654 1832 976 1867; x_wconf 87' lang='lat' dir='ltr'><strong>conservatoribus</strong></span> <span class='ocrx_word' id='word_1_253' title='bbox 1003 1840 1226 1879; x_wconf 82' lang='lat' dir='ltr'><strong>comparent,</strong></span> <span class='ocrx_word' id='word_1_254' title='bbox 1257 1834 1395 1867; x_wconf 90' lang='lat' dir='ltr'><strong>eisdem</strong></span> <span class='ocrx_word' id='word_1_255' title='bbox 1422 1834 1554 1868; x_wconf 90' lang='lat' dir='ltr'><strong>acriter</strong></span> <span class='ocrx_word' id='word_1_256' title='bbox 1573 1834 1826 1876; x_wconf 86' lang='lat' dir='ltr'><strong>verberantur,</strong></span> <span class='ocrx_word' id='word_1_257' title='bbox 1853 1834 2094 1868; x_wconf 88' lang='lat' dir='ltr'><strong>molestantur</strong></span> 
     </span>
     <span class='ocr_line' id='line_1_24' title="bbox 213 1898 2093 1947; baseline 0.001 -15"><span class='ocrx_word' id='word_1_258' title='bbox 213 1898 423 1941; x_wconf 86' lang='lat' dir='ltr'><strong>enormiter,</strong></span> <span class='ocrx_word' id='word_1_259' title='bbox 459 1905 496 1932; x_wconf 89' lang='lat' dir='ltr'><strong>et</strong></span> <span class='ocrx_word' id='word_1_260' title='bbox 527 1898 626 1944; x_wconf 93' lang='lat' dir='ltr'><strong>quod</strong></span> <span class='ocrx_word' id='word_1_261' title='bbox 659 1905 716 1933; x_wconf 90' lang='lat' dir='ltr'><strong>est</strong></span> <span class='ocrx_word' id='word_1_262' title='bbox 747 1899 1016 1942; x_wconf 89' lang='lat' dir='ltr'><strong>detestabilius,</strong></span> <span class='ocrx_word' id='word_1_263' title='bbox 1050 1900 1233 1934; x_wconf 91' lang='lat' dir='ltr'><strong>interdum</strong></span> <span class='ocrx_word' id='word_1_264' title='bbox 1268 1900 1402 1947; x_wconf 85' lang='lat' dir='ltr'><strong>gladiis</strong></span> <span class='ocrx_word' id='word_1_265' title='bbox 1436 1901 1666 1947; x_wconf 88' lang='lat' dir='ltr'><strong>perimuntur</strong></span> <span class='ocrx_word' id='word_1_266' title='bbox 1695 1901 1733 1934; x_wconf 92' lang='lat' dir='ltr'><strong>in</strong></span> <span class='ocrx_word' id='word_1_267' title='bbox 1767 1902 1942 1934; x_wconf 78' lang='lat' dir='ltr'><strong>offensam</strong></span> <span class='ocrx_word' id='word_1_268' title='bbox 1978 1901 2093 1935; x_wconf 91' lang='lat' dir='ltr'><strong>divini</strong></span> 
     </span>
     <span class='ocr_line' id='line_1_25' title="bbox 213 1965 2091 2014; baseline 0.002 -16"><span class='ocrx_word' id='word_1_269' title='bbox 213 1965 373 1999; x_wconf 87' lang='lat' dir='ltr'><strong>nominis</strong></span> <span class='ocrx_word' id='word_1_270' title='bbox 393 1971 430 1999; x_wconf 91' lang='lat' dir='ltr'><strong>et</strong></span> <span class='ocrx_word' id='word_1_271' title='bbox 448 1965 560 1999; x_wconf 90' lang='lat' dir='ltr'><strong>totius</strong></span> <span class='ocrx_word' id='word_1_272' title='bbox 580 1966 790 2000; x_wconf 89' lang='lat' dir='ltr'><strong>scandalum</strong></span> <span class='ocrx_word' id='word_1_273' title='bbox 810 1967 988 2013; x_wconf 86' lang='lat' dir='ltr'><strong>regionis.</strong></span> <span class='ocrx_word' id='word_1_274' title='bbox 1011 1967 1113 2001; x_wconf 91' lang='lat' dir='ltr'><strong>Licet</strong></span> <span class='ocrx_word' id='word_1_275' title='bbox 1131 1967 1245 2014; x_wconf 89' lang='lat' dir='ltr'><strong>igitur</strong></span> <span class='ocrx_word' id='word_1_276' title='bbox 1264 1967 1435 2002; x_wconf 88' lang='lat' dir='ltr'><strong>universa</strong></span> <span class='ocrx_word' id='word_1_277' title='bbox 1456 1979 1609 2002; x_wconf 88' lang='lat' dir='ltr'><strong>erronea</strong></span> <span class='ocrx_word' id='word_1_278' title='bbox 1630 1967 1751 2010; x_wconf 90' lang='lat' dir='ltr'><strong>nobis,</strong></span> <span class='ocrx_word' id='word_1_279' title='bbox 1774 1967 1909 2014; x_wconf 92' lang='lat' dir='ltr'><strong>quibus</strong></span> <span class='ocrx_word' id='word_1_280' title='bbox 1931 1969 2091 2002; x_wconf 88' lang='lat' dir='ltr'><strong>omnium</strong></span> 
     </span>
     <span class='ocr_line' id='line_1_26' title="bbox 214 2025 2094 2081; baseline 0.002 -16"><span class='ocrx_word' id='word_1_281' title='bbox 214 2030 376 2066; x_wconf 83' lang='lat' dir='ltr'><strong>fidelium</strong></span> <span class='ocrx_word' id='word_1_282' title='bbox 396 2032 614 2078; x_wconf 87' lang='lat' dir='ltr'><strong>populorum</strong></span> <span class='ocrx_word' id='word_1_283' title='bbox 635 2040 690 2067; x_wconf 88' lang='lat' dir='ltr'><strong>est</strong></span> <span class='ocrx_word' id='word_1_284' title='bbox 711 2034 749 2067; x_wconf 89' lang='lat' dir='ltr'><strong>in</strong></span> <span class='ocrx_word' id='word_1_285' title='bbox 769 2033 917 2068; x_wconf 88' lang='lat' dir='ltr'><strong>Christo</strong></span> <span class='ocrx_word' id='word_1_286' title='bbox 938 2025 1086 2068; x_wconf 89' lang='lat' dir='ltr'><strong>dilectio</strong></span> <span class='ocrx_word' id='word_1_287' title='bbox 1107 2034 1307 2081; x_wconf 86' lang='lat' dir='ltr'><strong>generalis,</strong></span> <span class='ocrx_word' id='word_1_288' title='bbox 1333 2034 1470 2080; x_wconf 89' lang='lat' dir='ltr'><strong>ubique</strong></span> <span class='ocrx_word' id='word_1_289' title='bbox 1491 2035 1723 2081; x_wconf 82' lang='lat' dir='ltr'><strong>displiceant,</strong></span> <span class='ocrx_word' id='word_1_290' title='bbox 1752 2035 1789 2068; x_wconf 92' lang='lat' dir='ltr'><strong>in</strong></span> <span class='ocrx_word' id='word_1_291' title='bbox 1810 2035 1955 2069; x_wconf 88' lang='lat' dir='ltr'><strong>civitate</strong></span> <span class='ocrx_word' id='word_1_292' title='bbox 1974 2041 2094 2069; x_wconf 85' lang='lat' dir='ltr'><strong>tamen</strong></span> 
     </span>
     <span class='ocr_line' id='line_1_27' title="bbox 215 2097 2094 2147; baseline 0.002 -15"><span class='ocrx_word' id='word_1_293' title='bbox 215 2104 284 2132; x_wconf 85' lang='lat' dir='ltr'><strong>tam</strong></span> <span class='ocrx_word' id='word_1_294' title='bbox 306 2097 435 2140; x_wconf 85' lang='lat' dir='ltr'><strong>nobili,</strong></span> <span class='ocrx_word' id='word_1_295' title='bbox 456 2105 525 2134; x_wconf 87' lang='lat' dir='ltr'><strong>tam</strong></span> <span class='ocrx_word' id='word_1_296' title='bbox 546 2099 695 2142; x_wconf 84' lang='lat' dir='ltr'><strong>famosa,</strong></span> <span class='ocrx_word' id='word_1_297' title='bbox 722 2112 793 2146; x_wconf 90' lang='lat' dir='ltr'><strong>que</strong></span> <span class='ocrx_word' id='word_1_298' title='bbox 817 2107 968 2147; x_wconf 89' lang='lat' dir='ltr'><strong>propter</strong></span> <span class='ocrx_word' id='word_1_299' title='bbox 992 2101 1145 2136; x_wconf 89' lang='lat' dir='ltr'><strong>scientie</strong></span> <span class='ocrx_word' id='word_1_300' title='bbox 1169 2102 1307 2135; x_wconf 88' lang='lat' dir='ltr'><strong>fontem</strong></span> <span class='ocrx_word' id='word_1_301' title='bbox 1333 2102 1371 2135; x_wconf 91' lang='lat' dir='ltr'><strong>in</strong></span> <span class='ocrx_word' id='word_1_302' title='bbox 1398 2102 1611 2136; x_wconf 89' lang='lat' dir='ltr'><strong>universum</strong></span> <span class='ocrx_word' id='word_1_303' title='bbox 1633 2102 1807 2135; x_wconf 91' lang='lat' dir='ltr'><strong>mundum</strong></span> <span class='ocrx_word' id='word_1_304' title='bbox 1830 2102 1961 2136; x_wconf 78' lang='lat' dir='ltr'><strong>diffusa</strong></span> <span class='ocrx_word' id='word_1_305' title='bbox 1988 2102 2094 2135; x_wconf 90' lang='lat' dir='ltr'><strong>clari-</strong></span> 
     </span>
     <span class='ocr_line' id='line_1_28' title="bbox 217 2164 2094 2215; baseline 0.002 -17"><span class='ocrx_word' id='word_1_306' title='bbox 217 2171 286 2199; x_wconf 86' lang='lat' dir='ltr'><strong>tate</strong></span> <span class='ocrx_word' id='word_1_307' title='bbox 321 2164 508 2211; x_wconf 75' lang='lat' dir='ltr'><strong>refulgens</strong></span> <span class='ocrx_word' id='word_1_308' title='bbox 541 2166 689 2201; x_wconf 88' lang='lat' dir='ltr'><strong>celestis</strong></span> <span class='ocrx_word' id='word_1_309' title='bbox 722 2167 875 2213; x_wconf 83' lang='lat' dir='ltr'><strong>gloriam</strong></span> <span class='ocrx_word' id='word_1_310' title='bbox 910 2167 1128 2202; x_wconf 87' lang='lat' dir='ltr'><strong>firmamenti</strong></span> <span class='ocrx_word' id='word_1_311' title='bbox 1162 2175 1374 2215; x_wconf 90' lang='lat' dir='ltr'><strong>presentare</strong></span> <span class='ocrx_word' id='word_1_312' title='bbox 1409 2168 1627 2211; x_wconf 90' lang='lat' dir='ltr'><strong>dinoscitur,</strong></span> <span class='ocrx_word' id='word_1_313' title='bbox 1662 2169 1747 2202; x_wconf 90' lang='lat' dir='ltr'><strong>dum</strong></span> <span class='ocrx_word' id='word_1_314' title='bbox 1778 2169 1841 2214; x_wconf 92' lang='lat' dir='ltr'><strong>qui</strong></span> <span class='ocrx_word' id='word_1_315' title='bbox 1875 2169 2094 2202; x_wconf 89' lang='lat' dir='ltr'><strong>erudiuntur</strong></span> 
     </span>
     <span class='ocr_line' id='line_1_29' title="bbox 216 2230 2093 2281; baseline 0.002 -17"><span class='ocrx_word' id='word_1_316' title='bbox 216 2230 352 2265; x_wconf 88' lang='lat' dir='ltr'><strong>ibidem</strong></span> <span class='ocrx_word' id='word_1_317' title='bbox 372 2231 510 2265; x_wconf 88' lang='lat' dir='ltr'><strong>celebri</strong></span> <span class='ocrx_word' id='word_1_318' title='bbox 526 2231 618 2267; x_wconf 85' lang='lat' dir='ltr'><strong>fiunt</strong></span> <span class='ocrx_word' id='word_1_319' title='bbox 636 2233 834 2279; x_wconf 88' lang='lat' dir='ltr'><strong>splendore</strong></span> <span class='ocrx_word' id='word_1_320' title='bbox 854 2235 1057 2281; x_wconf 85' lang='lat' dir='ltr'><strong>conspicui,</strong></span> <span class='ocrx_word' id='word_1_321' title='bbox 1087 2242 1124 2269; x_wconf 93' lang='lat' dir='ltr'><strong>et</strong></span> <span class='ocrx_word' id='word_1_322' title='bbox 1142 2235 1205 2281; x_wconf 92' lang='lat' dir='ltr'><strong>qui</strong></span> <span class='ocrx_word' id='word_1_323' title='bbox 1226 2235 1400 2269; x_wconf 90' lang='lat' dir='ltr'><strong>erudiunt</strong></span> <span class='ocrx_word' id='word_1_324' title='bbox 1418 2235 1455 2268; x_wconf 90' lang='lat' dir='ltr'><strong>in</strong></span> <span class='ocrx_word' id='word_1_325' title='bbox 1477 2236 1703 2269; x_wconf 86' lang='lat' dir='ltr'><strong>eternitatem</strong></span> <span class='ocrx_word' id='word_1_326' title='bbox 1725 2247 1807 2268; x_wconf 88' lang='lat' dir='ltr'><strong>cum</strong></span> <span class='ocrx_word' id='word_1_327' title='bbox 1829 2234 1946 2268; x_wconf 84' lang='lat' dir='ltr'><strong>stellis</strong></span> <span class='ocrx_word' id='word_1_328' title='bbox 1968 2247 2093 2280; x_wconf 91' lang='lat' dir='ltr'><strong>perpe-</strong></span> 
     </span>
     <span class='ocr_line' id='line_1_30' title="bbox 217 2298 2093 2348; baseline 0.002 -17"><span class='ocrx_word' id='word_1_329' title='bbox 217 2304 311 2332; x_wconf 89' lang='lat' dir='ltr'><strong>tuam</strong></span> <span class='ocrx_word' id='word_1_330' title='bbox 333 2305 582 2341; x_wconf 82' lang='lat' dir='ltr'><strong>assumuntur,</strong></span> <span class='ocrx_word' id='word_1_331' title='bbox 602 2298 801 2334; x_wconf 86' lang='lat' dir='ltr'><strong>abusiones</strong></span> <span class='ocrx_word' id='word_1_332' title='bbox 822 2300 1032 2346; x_wconf 86' lang='lat' dir='ltr'><strong>hujusmodi</strong></span> <span class='ocrx_word' id='word_1_333' title='bbox 1058 2313 1102 2335; x_wconf 91' lang='lat' dir='ltr'><strong>eo</strong></span> <span class='ocrx_word' id='word_1_334' title='bbox 1127 2301 1244 2348; x_wconf 86' lang='lat' dir='ltr'><strong>magis</strong></span> <span class='ocrx_word' id='word_1_335' title='bbox 1270 2301 1407 2335; x_wconf 90' lang='lat' dir='ltr'><strong>nostris</strong></span> <span class='ocrx_word' id='word_1_336' title='bbox 1432 2301 1581 2335; x_wconf 89' lang='lat' dir='ltr'><strong>obviant</strong></span> <span class='ocrx_word' id='word_1_337' title='bbox 1605 2301 1815 2343; x_wconf 88' lang='lat' dir='ltr'><strong>desideriis,</strong></span> <span class='ocrx_word' id='word_1_338' title='bbox 1843 2313 1914 2346; x_wconf 93' lang='lat' dir='ltr'><strong>quo</strong></span> <span class='ocrx_word' id='word_1_339' title='bbox 1935 2301 1979 2334; x_wconf 86' lang='lat' dir='ltr'><strong>ad</strong></span> <span class='ocrx_word' id='word_1_340' title='bbox 2005 2301 2093 2335; x_wconf 89' lang='lat' dir='ltr'><strong>civi·-</strong></span> 
     </span>
     <span class='ocr_line' id='line_1_31' title="bbox 218 2364 2092 2414; baseline 0.001 -16"><span class='ocrx_word' id='word_1_341' title='bbox 218 2370 324 2398; x_wconf 89' lang='lat' dir='ltr'><strong>tatem</strong></span> <span class='ocrx_word' id='word_1_342' title='bbox 345 2364 496 2398; x_wconf 90' lang='lat' dir='ltr'><strong>eandem</strong></span> <span class='ocrx_word' id='word_1_343' title='bbox 518 2367 667 2411; x_wconf 89' lang='lat' dir='ltr'><strong>propter</strong></span> <span class='ocrx_word' id='word_1_344' title='bbox 687 2372 818 2400; x_wconf 87' lang='lat' dir='ltr'><strong>tantam</strong></span> <span class='ocrx_word' id='word_1_345' title='bbox 839 2368 1106 2414; x_wconf 78' lang='lat' dir='ltr'><strong>prerogativam</strong></span> <span class='ocrx_word' id='word_1_346' title='bbox 1127 2368 1245 2414; x_wconf 87' lang='lat' dir='ltr'><strong>ipsius</strong></span> <span class='ocrx_word' id='word_1_347' title='bbox 1270 2368 1522 2414; x_wconf 85' lang='lat' dir='ltr'><strong>specialiorem</strong></span> <span class='ocrx_word' id='word_1_348' title='bbox 1544 2368 1709 2401; x_wconf 79' lang='lat' dir='ltr'><strong>affectum</strong></span> <span class='ocrx_word' id='word_1_349' title='bbox 1736 2368 1900 2413; x_wconf 88' lang='lat' dir='ltr'><strong>gerimus</strong></span> <span class='ocrx_word' id='word_1_350' title='bbox 1921 2367 2092 2401; x_wconf 83' lang='lat' dir='ltr'><strong>caritatis.</strong></span> 
     </span>
     <span class='ocr_line' id='line_1_32' title="bbox 219 2431 2096 2480; baseline 0.002 -16"><span class='ocrx_word' id='word_1_351' title='bbox 219 2431 309 2465; x_wconf 85' lang='lat' dir='ltr'><strong>Hinc</strong></span> <span class='ocrx_word' id='word_1_352' title='bbox 343 2438 400 2465; x_wconf 89' lang='lat' dir='ltr'><strong>est</strong></span> <span class='ocrx_word' id='word_1_353' title='bbox 432 2431 531 2477; x_wconf 89' lang='lat' dir='ltr'><strong>quod</strong></span> <span class='ocrx_word' id='word_1_354' title='bbox 561 2444 628 2466; x_wconf 90' lang='lat' dir='ltr'><strong>nos</strong></span> <span class='ocrx_word' id='word_1_355' title='bbox 661 2433 813 2479; x_wconf 84' lang='lat' dir='ltr'><strong>indigne</strong></span> <span class='ocrx_word' id='word_1_356' title='bbox 841 2434 1016 2476; x_wconf 77' lang='lat' dir='ltr'><strong>serenteS,</strong></span> <span class='ocrx_word' id='word_1_357' title='bbox 1050 2441 1091 2468; x_wconf 89' lang='lat' dir='ltr'><strong>ut</strong></span> <span class='ocrx_word' id='word_1_358' title='bbox 1122 2435 1220 2468; x_wconf 91' lang='lat' dir='ltr'><strong>nitor</strong></span> <span class='ocrx_word' id='word_1_359' title='bbox 1248 2436 1329 2480; x_wconf 86' lang='lat' dir='ltr'><strong>ejus</strong></span> <span class='ocrx_word' id='word_1_360' title='bbox 1358 2434 1419 2468; x_wconf 88' lang='lat' dir='ltr'><strong>tali</strong></span> <span class='ocrx_word' id='word_1_361' title='bbox 1450 2435 1643 2468; x_wconf 88' lang='lat' dir='ltr'><strong>occasione</strong></span> <span class='ocrx_word' id='word_1_362' title='bbox 1672 2434 1903 2468; x_wconf 84' lang='lat' dir='ltr'><strong>remissionis</strong></span> <span class='ocrx_word' id='word_1_363' title='bbox 1933 2434 2096 2468; x_wconf 82' lang='lat' dir='ltr'><strong>incurrat</strong></span> 
     </span>
     <span class='ocr_line' id='line_1_33' title="bbox 218 2497 2094 2547; baseline 0.002 -16"><span class='ocrx_word' id='word_1_364' title='bbox 218 2497 483 2539; x_wconf 81' lang='lat' dir='ltr'><strong>umbraculum,</strong></span> <span class='ocrx_word' id='word_1_365' title='bbox 504 2510 611 2544; x_wconf 91' lang='lat' dir='ltr'><strong>quem</strong></span> <span class='ocrx_word' id='word_1_366' title='bbox 633 2499 904 2534; x_wconf 73' lang='lat' dir='ltr'><strong>sincerissime&#39;</strong></span> <span class='ocrx_word' id='word_1_367' title='bbox 930 2501 1098 2547; x_wconf 88' lang='lat' dir='ltr'><strong>cupimus</strong></span> <span class='ocrx_word' id='word_1_368' title='bbox 1119 2501 1308 2547; x_wconf 88' lang='lat' dir='ltr'><strong>suscipere</strong></span> <span class='ocrx_word' id='word_1_369' title='bbox 1333 2501 1516 2547; x_wconf 87' lang='lat' dir='ltr'><strong>condigne</strong></span> <span class='ocrx_word' id='word_1_370' title='bbox 1543 2501 1757 2536; x_wconf 87' lang='lat' dir='ltr'><strong>intentionis</strong></span> <span class='ocrx_word' id='word_1_371' title='bbox 1782 2507 2032 2547; x_wconf 84' lang='lat' dir='ltr'><strong>augmentum,</strong></span> <span class='ocrx_word' id='word_1_372' title='bbox 2053 2513 2094 2534; x_wconf 89' lang='lat' dir='ltr'><strong>ac</strong></span> 
     </span>
     <span class='ocr_line' id='line_1_34' title="bbox 220 2564 2093 2614; baseline 0.002 -16"><span class='ocrx_word' id='word_1_373' title='bbox 220 2571 368 2611; x_wconf 89' lang='lat' dir='ltr'><strong>propter</strong></span> <span class='ocrx_word' id='word_1_374' title='bbox 387 2564 456 2599; x_wconf 91' lang='lat' dir='ltr'><strong>hoc</strong></span> <span class='ocrx_word' id='word_1_375' title='bbox 477 2566 548 2612; x_wconf 92' lang='lat' dir='ltr'><strong>pati</strong></span> <span class='ocrx_word' id='word_1_376' title='bbox 569 2566 750 2609; x_wconf 88' lang='lat' dir='ltr'><strong>nolentes,</strong></span> <span class='ocrx_word' id='word_1_377' title='bbox 773 2573 812 2601; x_wconf 88' lang='lat' dir='ltr'><strong>ut</strong></span> <span class='ocrx_word' id='word_1_378' title='bbox 831 2566 1030 2601; x_wconf 86' lang='lat' dir='ltr'><strong>abusiones</strong></span> <span class='ocrx_word' id='word_1_379' title='bbox 1050 2568 1212 2614; x_wconf 91' lang='lat' dir='ltr'><strong>predicte</strong></span> <span class='ocrx_word' id='word_1_380' title='bbox 1233 2567 1291 2602; x_wconf 92' lang='lat' dir='ltr'><strong>vel</strong></span> <span class='ocrx_word' id='word_1_381' title='bbox 1311 2568 1452 2602; x_wconf 88' lang='lat' dir='ltr'><strong>similes</strong></span> <span class='ocrx_word' id='word_1_382' title='bbox 1473 2567 1608 2601; x_wconf 90' lang='lat' dir='ltr'><strong>ibidem</strong></span> <span class='ocrx_word' id='word_1_383' title='bbox 1629 2567 1687 2602; x_wconf 91' lang='lat' dir='ltr'><strong>vel</strong></span> <span class='ocrx_word' id='word_1_384' title='bbox 1705 2567 1792 2602; x_wconf 91' lang='lat' dir='ltr'><strong>alibi</strong></span> <span class='ocrx_word' id='word_1_385' title='bbox 1809 2568 2093 2608; x_wconf 88' lang='lat' dir='ltr'><strong>committantur,</strong></span> 
     </span>
     <span class='ocr_line' id='line_1_35' title="bbox 218 2631 2093 2681; baseline 0.001 -15"><span class='ocrx_word' id='word_1_386' title='bbox 218 2637 292 2666; x_wconf 85' lang='lat' dir='ltr'><strong>tum</strong></span> <span class='ocrx_word' id='word_1_387' title='bbox 314 2631 397 2678; x_wconf 89' lang='lat' dir='ltr'><strong>quia</strong></span> <span class='ocrx_word' id='word_1_388' title='bbox 418 2644 491 2666; x_wconf 90' lang='lat' dir='ltr'><strong>non</strong></span> <span class='ocrx_word' id='word_1_389' title='bbox 508 2639 564 2667; x_wconf 90' lang='lat' dir='ltr'><strong>est</strong></span> <span class='ocrx_word' id='word_1_390' title='bbox 583 2633 782 2668; x_wconf 85' lang='lat' dir='ltr'><strong>verisimile</strong></span> <span class='ocrx_word' id='word_1_391' title='bbox 804 2633 908 2668; x_wconf 88' lang='lat' dir='ltr'><strong>talem</strong></span> <span class='ocrx_word' id='word_1_392' title='bbox 932 2634 1196 2681; x_wconf 87' lang='lat' dir='ltr'><strong>indulgentiam</strong></span> <span class='ocrx_word' id='word_1_393' title='bbox 1218 2635 1294 2669; x_wconf 89' lang='lat' dir='ltr'><strong>sive</strong></span> <span class='ocrx_word' id='word_1_394' title='bbox 1316 2634 1549 2681; x_wconf 88' lang='lat' dir='ltr'><strong>privilegium</strong></span> <span class='ocrx_word' id='word_1_395' title='bbox 1571 2646 1636 2680; x_wconf 93' lang='lat' dir='ltr'><strong>per</strong></span> <span class='ocrx_word' id='word_1_396' title='bbox 1656 2646 1762 2680; x_wconf 88' lang='lat' dir='ltr'><strong>quam</strong></span> <span class='ocrx_word' id='word_1_397' title='bbox 1783 2634 1841 2669; x_wconf 88' lang='lat' dir='ltr'><strong>vel</strong></span> <span class='ocrx_word' id='word_1_398' title='bbox 1862 2634 1961 2680; x_wconf 90' lang='lat' dir='ltr'><strong>quod</strong></span> <span class='ocrx_word' id='word_1_399' title='bbox 1983 2634 2037 2667; x_wconf 82' lang='lat' dir='ltr'><strong>eis</strong></span> <span class='ocrx_word' id='word_1_400' title='bbox 2058 2634 2093 2668; x_wconf 89' lang='lat' dir='ltr'><strong>id</strong></span> 
     </span>
     <span class='ocr_line' id='line_1_36' title="bbox 219 2697 2094 2747; baseline 0.002 -16"><span class='ocrx_word' id='word_1_401' title='bbox 219 2697 336 2741; x_wconf 83' lang='lat' dir='ltr'><strong>liceat,</strong></span> <span class='ocrx_word' id='word_1_402' title='bbox 357 2711 376 2732; x_wconf 85' lang='lat' dir='ltr'><strong>a</strong></span> <span class='ocrx_word' id='word_1_403' title='bbox 401 2698 490 2733; x_wconf 88' lang='lat' dir='ltr'><strong>sede</strong></span> <span class='ocrx_word' id='word_1_404' title='bbox 514 2700 712 2745; x_wconf 88' lang='lat' dir='ltr'><strong>apostolica</strong></span> <span class='ocrx_word' id='word_1_405' title='bbox 739 2713 940 2743; x_wconf 82' lang='lat' dir='ltr'><strong>emanasse,</strong></span> <span class='ocrx_word' id='word_1_406' title='bbox 964 2707 1038 2735; x_wconf 92' lang='lat' dir='ltr'><strong>tum</strong></span> <span class='ocrx_word' id='word_1_407' title='bbox 1067 2701 1150 2747; x_wconf 89' lang='lat' dir='ltr'><strong>quia</strong></span> <span class='ocrx_word' id='word_1_408' title='bbox 1176 2701 1207 2735; x_wconf 85' lang='lat' dir='ltr'><strong>si</strong></span> <span class='ocrx_word' id='word_1_409' title='bbox 1234 2701 1387 2735; x_wconf 81' lang='lat' dir='ltr'><strong>forsitan</strong></span> <span class='ocrx_word' id='word_1_410' title='bbox 1414 2701 1648 2744; x_wconf 86' lang='lat' dir='ltr'><strong>emanaverit,</strong></span> <span class='ocrx_word' id='word_1_411' title='bbox 1674 2701 1765 2735; x_wconf 90' lang='lat' dir='ltr'><strong>illud</strong></span> <span class='ocrx_word' id='word_1_412' title='bbox 1790 2700 1929 2747; x_wconf 86' lang='lat' dir='ltr'><strong>absque</strong></span> <span class='ocrx_word' id='word_1_413' title='bbox 1951 2712 2094 2746; x_wconf 84' lang='lat' dir='ltr'><strong>surrep-</strong></span> 
     </span>
     <span class='ocr_line' id='line_1_37' title="bbox 220 2764 2095 2815; baseline 0.002 -17"><span class='ocrx_word' id='word_1_414' title='bbox 220 2764 330 2799; x_wconf 87' lang='lat' dir='ltr'><strong>tionis</strong></span> <span class='ocrx_word' id='word_1_415' title='bbox 356 2766 485 2800; x_wconf 87' lang='lat' dir='ltr'><strong>astutia</strong></span> <span class='ocrx_word' id='word_1_416' title='bbox 513 2779 586 2801; x_wconf 91' lang='lat' dir='ltr'><strong>non</strong></span> <span class='ocrx_word' id='word_1_417' title='bbox 612 2767 797 2802; x_wconf 85' lang='lat' dir='ltr'><strong>credimus</strong></span> <span class='ocrx_word' id='word_1_418' title='bbox 818 2768 1062 2815; x_wconf 87' lang='lat' dir='ltr'><strong>impetratum,</strong></span> <span class='ocrx_word' id='word_1_419' title='bbox 1092 2768 1305 2802; x_wconf 86' lang='lat' dir='ltr'><strong>discretioni</strong></span> <span class='ocrx_word' id='word_1_420' title='bbox 1327 2775 1387 2802; x_wconf 89' lang='lat' dir='ltr'><strong>tue</strong></span> <span class='ocrx_word' id='word_1_421' title='bbox 1412 2779 1478 2814; x_wconf 89' lang='lat' dir='ltr'><strong>per</strong></span> <span class='ocrx_word' id='word_1_422' title='bbox 1501 2767 1701 2814; x_wconf 83' lang='lat' dir='ltr'><strong>apostolica</strong></span> <span class='ocrx_word' id='word_1_423' title='bbox 1728 2768 1861 2814; x_wconf 84' lang='lat' dir='ltr'><strong>scripta</strong></span> <span class='ocrx_word' id='word_1_424' title='bbox 1883 2768 2095 2801; x_wconf 84' lang='lat' dir='ltr'><strong>mandamus</strong></span> 
     </span>
     <span class='ocr_line' id='line_1_38' title="bbox 219 2831 2095 2882; baseline 0.001 -16"><span class='ocrx_word' id='word_1_425' title='bbox 219 2831 390 2878; x_wconf 84' lang='lat' dir='ltr'><strong>quatinus</strong></span> <span class='ocrx_word' id='word_1_426' title='bbox 410 2832 621 2879; x_wconf 89' lang='lat' dir='ltr'><strong>hujusmodi</strong></span> <span class='ocrx_word' id='word_1_427' title='bbox 646 2835 879 2882; x_wconf 88' lang='lat' dir='ltr'><strong>privilegium</strong></span> <span class='ocrx_word' id='word_1_428' title='bbox 904 2835 982 2870; x_wconf 88' lang='lat' dir='ltr'><strong>sive</strong></span> <span class='ocrx_word' id='word_1_429' title='bbox 1009 2835 1275 2882; x_wconf 87' lang='lat' dir='ltr'><strong>indulgentiam</strong></span> <span class='ocrx_word' id='word_1_430' title='bbox 1302 2834 1367 2869; x_wconf 84' lang='lat' dir='ltr'><strong>tibi</strong></span> <span class='ocrx_word' id='word_1_431' title='bbox 1392 2835 1530 2869; x_wconf 78' lang='lat' dir='ltr'><strong>faciens</strong></span> <span class='ocrx_word' id='word_1_432' title='bbox 1556 2834 1733 2874; x_wconf 76' lang='lat' dir='ltr'><strong>exhiberi,</strong></span> <span class='ocrx_word' id='word_1_433' title='bbox 1763 2835 1974 2869; x_wconf 86' lang='lat' dir='ltr'><strong>detentores</strong></span> <span class='ocrx_word' id='word_1_434' title='bbox 1996 2834 2095 2867; x_wconf 87' lang='lat' dir='ltr'><strong>illius</strong></span> 
     </span>
    </p>
   </div>
   <div class='ocr_carea' id='block_1_4' title="bbox 219 2897 2097 2949">
    <p class='ocr_par' dir='ltr' id='par_1_4' title="bbox 219 2897 2097 2949">
     <span class='ocr_line' id='line_1_39' title="bbox 219 2897 2097 2949; baseline 0.001 -17"><span class='ocrx_word' id='word_1_435' title='bbox 219 2897 266 2932; x_wconf 75' lang='lat' dir='ltr'><strong>ad</strong></span> <span class='ocrx_word' id='word_1_436' title='bbox 289 2898 550 2934; x_wconf 86' lang='lat' dir='ltr'><strong>exhibitionem</strong></span> <span class='ocrx_word' id='word_1_437' title='bbox 571 2902 652 2947; x_wconf 88' lang='lat' dir='ltr'><strong>ejus</strong></span> <span class='ocrx_word' id='word_1_438' title='bbox 677 2902 878 2936; x_wconf 88' lang='lat' dir='ltr'><strong>monitione</strong></span> <span class='ocrx_word' id='word_1_439' title='bbox 898 2902 1076 2949; x_wconf 88' lang='lat' dir='ltr'><strong>premissa</strong></span> <span class='ocrx_word' id='word_1_440' title='bbox 1104 2914 1169 2949; x_wconf 90' lang='lat' dir='ltr'><strong>per</strong></span> <span class='ocrx_word' id='word_1_441' title='bbox 1196 2913 1387 2936; x_wconf 88' lang='lat' dir='ltr'><strong>censuram</strong></span> <span class='ocrx_word' id='word_1_442' title='bbox 1415 2901 1698 2936; x_wconf 88' lang='lat' dir='ltr'><strong>ecclesiasticam</strong></span> <span class='ocrx_word' id='word_1_443' title='bbox 1726 2901 1969 2948; x_wconf 86' lang='lat' dir='ltr'><strong>appellatione</strong></span> <span class='ocrx_word' id='word_1_444' title='bbox 1997 2907 2097 2946; x_wconf 86' lang='lat' dir='ltr'><strong>post-</strong></span> 
     </span>
    </p>
   </div>
   <div class='ocr_carea' id='block_1_5' title="bbox 220 2969 2096 3020">
    <p class='ocr_par' dir='ltr' id='par_1_5' title="bbox 220 2969 2096 3020">
     <span class='ocr_line' id='line_1_40' title="bbox 220 2969 2096 3020; baseline 0 -17"><span class='ocrx_word' id='word_1_445' title='bbox 220 2969 339 3015; x_wconf 80' lang='lat' dir='ltr'><strong>posita</strong></span> <span class='ocrx_word' id='word_1_446' title='bbox 358 2970 626 3017; x_wconf 79' lang='lat' dir='ltr'><strong>compellendo,</strong></span> <span class='ocrx_word' id='word_1_447' title='bbox 655 2974 735 3019; x_wconf 87' lang='lat' dir='ltr'><strong>ejus</strong></span> <span class='ocrx_word' id='word_1_448' title='bbox 762 2974 1019 3020; x_wconf 87' lang='lat' dir='ltr'><strong>transcriptum</strong></span> <span class='ocrx_word' id='word_1_449' title='bbox 1045 2973 1154 3007; x_wconf 88' lang='lat' dir='ltr'><strong>nobis</strong></span> <span class='ocrx_word' id='word_1_450' title='bbox 1175 2973 1244 3007; x_wconf 88' lang='lat' dir='ltr'><strong>sub</strong></span> <span class='ocrx_word' id='word_1_451' title='bbox 1266 2980 1327 3007; x_wconf 95' lang='lat' dir='ltr'><strong>tuo</strong></span> <span class='ocrx_word' id='word_1_452' title='bbox 1356 2972 1536 3007; x_wconf 85' lang='lat' dir='ltr'><strong>inclusum</strong></span> <span class='ocrx_word' id='word_1_453' title='bbox 1559 2972 1683 3019; x_wconf 86' lang='lat' dir='ltr'><strong>sigillo</strong></span> <span class='ocrx_word' id='word_1_454' title='bbox 1709 2972 1949 3012; x_wconf 80' lang='lat' dir='ltr'><strong>transinittas;</strong></span> <span class='ocrx_word' id='word_1_455' title='bbox 1980 2977 2096 3004; x_wconf 77' lang='lat' dir='ltr'><strong>recto-</strong></span> 
     </span>
    </p>
   </div>
  </div>
 </body>
</html>
