2618 3640
0 3058 22 3323 WQ‘N
10 3011 11 3014 „

839 556 1445 621 INTRODUCTIO

1134 868 1158 908 I

302 988 546 1025 Universitatis
565 988 774 1024 Parisiensis
791 991 1028 1024 monumenta
1048 988 1085 1023 in
1104 999 1219 1023 unum
1241 998 1370 1034 corpus
1390 986 1572 1034 colligere,
1596 986 1695 1022 novis
1716 986 1884 1022 subsidiis
1903 986 2087 1030 adhibitis,

203 1071 332 1109 operae
348 1060 505 1108 pretium
521 1071 598 1097 esse
616 1060 732 1096 visum
749 1063 815 1096 est.
834 1061 1045 1108 Quanquam
1067 1059 1165 1095 enim
1191 1060 1320 1094 Caesar
1340 1058 1504 1107 Egassius
1530 1057 1702 1094 Bulaeus·
1729 1058 1887 1106 primum
1911 1058 2091 1095 indefessa

205 1143 313 1181 opera
334 1143 392 1168 sex
413 1131 660 1168 voluminibus
684 1132 850 1168 maximis
872 1131 1031 1179 plurima
1046 1130 1177 1174 emisit,
1197 1142 1267 1167 non
1286 1130 1408 1166 onmia
1423 1133 1543 1166 tamen
1562 1130 1722 1166 invenire
1743 1130 1774 1166 ei
1796 1130 1897 1166 licuit
1918 1142 2035 1178 neque
2051 1142 2092 1167 ea

206 1204 403 1252 diligentia,
426 1215 535 1251 quam
555 1203 663 1240 hodie
683 1203 796 1239 critici
813 1204 895 1251 jure
917 1203 1118 1251 requirunt,
1143 1202 1382 1238 instrumenta
1398 1201 1494 1238 edita
1510 1205 1612 1246 sunt;
1634 1213 1737 1250 saepe
1755 1205 1936 1250 praeterea
1956 1201 2091 1239 fontem

206 1275 303 1311 unde
332 1275 492 1311 hauserit
520 1279 644 1311 notare
673 1275 806 1319 omisit,
839 1274 925 1310 alias
955 1274 1078 1310 codice
1110 1273 1316 1322 apographo
1346 1285 1431 1309 usus
1460 1278 1512 1309 est
1542 1286 1625 1309 cum
1655 1274 1898 1310 authenticam
1929 1260 2090 1310 chartam

206 1346 394 1383 consulere
413 1346 604 1394 potuisset3
628 1357 719 1394 quae
739 1346 821 1382 vitia
841 1346 992 1394 tempori
1011 1345 1064 1381 illi
1087 1345 1296 1381 communia
1319 1345 1347 1380 si
1372 1345 1474 1381 facile
1499 1345 1637 1381 auctori
1656 1346 1831 1393 ignoscas,
1854 1345 2094 1381 nihilominus

206 1430 296 1466 opus
317 1417 541 1454 celeberrimi
562 1418 708 1454 rectoris
728 1418 830 1454 istius
848 1429 1019 1454 mancum
1040 1417 1366 1465 imperfectumque
1386 1416 1562 1453 efficiunt.

306 1491 432 1525 Aetate
455 1492 576 1526 nostra
598 1489 747 1525 Carolus
768 1489 942 1525 Jourdain
966 1489 1199 1525 utilissimum
1219 1489 1377 1525 indicem
1398 1489 1603 1524 chartarum
1626 1488 1671 1524 ad
1696 1489 1966 1525 Universitatem
1990 1490 2094 1537 perti-

206 1561 369 1598 nentium
385 1561 529 1597 edidit2.
544 1562 635 1597 Cum
651 1564 771 1598 autem
787 1561 825 1597 in
836 1561 991 1597 Archivo
1006 1561 1264 1605 Universitatis,
1276 1564 1362 1596 tunc
1379 1561 1416 1596 in
1433 1560 1627 1596 Ministerio
1645 1561 1894 1597 Instructionis
1910 1561 2090 1609 publicae,

208 1637 246 1669 ut
261 1633 400 1678 dicunt,
419 1636 607 1677 asservato,
626 1633 741 1669 multa
755 1633 889 1669 videret
905 1644 997 1681 quae
1013 1632 1185 1669 Bulaeum
1204 1632 1366 1681 fugerant
1384 1636 1419 1668 et
1440 1632 1546 1680 digna
1560 1644 1651 1680 quae
1669 1633 1705 1668 in
1726 1633 1822 1669 diem
1837 1633 2089 1681 proderentur,

206 1716 249 1740 ex
275 1703 496 1741 membranis
524 1704 609 1752 ipsis
639 1705 676 1740 in
705 1716 813 1753 opere
839 1716 904 1740 suo
933 1705 1103 1748 inseruit;
1133 1704 1203 1740 alia
1229 1716 1310 1740 vero
1340 1704 1384 1740 ab
1412 1704 1491 1740 aliis
1513 1705 1589 1752 Jam
1618 1704 1760 1752 vulgata
1789 1704 1942 1741 rubricis
1968 1705 2093 1741 saltem

208 1776 351 1812 notavit.
389 1777 512 1824 Itaque
551 1777 583 1812 ei
622 1777 817 1812 maximam
853 1777 1005 1825 gratiam
1044 1776 1148 1812 debet
1190 1776 1354 1824 quisquis
1394 1776 1563 1812 historiae
1598 1777 1843 1812 Universitatis
1884 1777 2093 1813 Parisiensis

208 1848 363 1892 studuit3
387 1859 470 1884 nam
494 1848 590 1896 apud
608 1848 782 1885 Bulaeum
797 1848 1014 1885 documenta
1031 1848 1221 1896 complura
1239 1860 1321 1884 cum
1339 1848 1461 1884 multis
1476 1848 1674 1884 miscentur
1690 1848 1780 1884 nihil
1801 1848 1845 1884 ad
1868 1860 1942 1884 rem
1963 1848 2094 1885 facien—

210 1919 317 1962 tibus,
333 1931 450 1967 neque
467 1931 608 1968 semper
625 1920 714 1957 ordo
732 1923 934 1968 temporum
949 1920 1170 1964 observatur,
1188 1919 1283 1956 unde
1297 1919 1483 1956 difficilius
1499 1920 1586 1967 quid
1600 1920 1685 1956 velis
1701 1920 1962 1968 deprehendas.
1981 1922 2094 1968 Saepe

208 1991 315 2027 etiam
330 1991 444 2028 fontes
461 2003 481 2028 a
498 1991 630 2028 Bulaeo
643 1992 749 2028 tacite
764 1991 943 2028 adhibitos
958 1991 1109 2028 feliciter
1124 1991 1298 2028 Jourdain
1315 1992 1449 2028 invenit
1464 1995 1497 2028 et
1514 2003 1646 2040 magno
1664 1992 1885 2028 studentium
1903 1992 2094 2028 commodo

209 2062 391 2099 indicavit.
421 2065 479 2108 At,
510 2063 606 2111 quod
633 2064 678 2100 ad
707 2064 867 2112 primum
895 2064 1137 2100 Universitatis
1165 2063 1350 2100 saeculum
1380 2064 1519 2108 attinet,
1549 2064 1623 2100 viro
1649 2063 1860 2108 clarissimo,
1890 2065 2024 2112 optime
2052 2065 2095 2100 de

210 2134 336 2170 studiis
355 2135 484 2171 nostris
506 2134 648 2179 merito,
667 2136 884 2172 documenta
903 2139 1043 2172 tantum
1062 2135 1099 2171 in
1120 2136 1275 2172 Archivo
1295 2136 1537 2172 Universitatis
1555 2139 1690 2172 servata
1706 2140 1740 2171 et
1761 2136 1936 2183 quosdam
1955 2136 2096 2172 codices

210 2209 397 2242 extraneos
422 2206 520 2243 adire
541 2206 666 2243 datum
690 2211 762 2251 est;
792 2219 949 2255 eumque
969 2207 1175 2243 authentica
1198 2208 1437 2243 instrumenta
1459 2212 1562 2256 (quae
1591 2220 1687 2244 nunc
1708 2208 1878 2244 dicuntur
1899 2208 2094 2255 oriqinalia)

212 2277 406 2330 aliquando
424 2278 648 2322 fefellerunt;
669 2291 787 2327 neque
804 2279 1029 2327 propositum
1051 2279 1134 2315 satis
1155 2284 1322 2315 constans
1341 2279 1603 2315 animadvertas
1618 2279 1655 2314 in
1672 2279 1823 2316 citandis
1840 2279 1972 2315 chartis
1989 2291 2094 2328 quae,

213 2349 242 2385 si
260 2361 332 2385 non
354 2350 470 2398 ipsam
490 2350 775 2396 Universitatem,
798 2355 918 2387 tamen
935 2363 990 2387 res
1005 2362 1117 2399 prope
1133 2351 1266 2387 vicinas
1282 2355 1315 2387 et
1336 2351 1507 2387 finitimas
1527 2351 1734 2399 respiciunt,
1756 2355 1792 2387 ut
1809 2351 1961 2400 collegia
1977 2363 2100 2387 saecu-

213 2421 302 2457 laria
330 2421 577 2469 religiosaque‚
605 2433 762 2469 quorum
788 2422 875 2459 alias
899 2423 1119 2459 mentionem
1144 2422 1392 2458 brevissimam
1425 2422 1560 2471 injecit,
1592 2423 1678 2459 alias
1706 2423 1918 2459 memoriam
1950 2423 2099 2459 omnino

214 2493 465 2541 praetermisit.

314 2565 494 2613 Principio
522 2565 656 2601 inedita
681 2569 822 2601 tantum
847 2566 1063 2602 documenta
1089 2566 1258 2614 colligere
1285 2566 1337 2602 vel
1364 2566 1572 2614 imperfecte
1597 2565 1641 2602 ab
1667 2566 1745 2602 aliis
1770 2566 1910 2614 vulgata
1933 2566 2036 2602 nobis
2063 2566 2098 2602 in

215 2637 337 2673 animo
370 2637 593 2685 propositum
626 2641 713 2673 erat.
751 2637 818 2673 Sed
852 2637 940 2674 adeo
972 2638 1087 2674 multa
1119 2638 1365 2674 tractationem
1399 2649 1524 2674 novam
1560 2638 1788 2685 requirebant
1822 2641 1860 2674 ut
1892 2638 2100 2686 propediem

218 2708 341 2744 utilius
363 2708 546 2744 videretur
570 2709 836 2745 Chartularium
862 2709 1042 2758 integrum
1064 2709 1220 2758 aggredi.
1247 2709 1299 2745 Ad
1326 2710 1424 2757 quod
1450 2709 1519 2745 alia
1545 2710 1651 2746 etiam
1679 2709 1841 2757 exempla
1866 2709 2098 2758 inducebant,

217 2791 301 2816 cum
318 2779 453 2827 ubique
469 2791 533 2828 per
548 2782 728 2829 Europam
746 2781 1025 2817 Universitatum
1045 2782 1286 2818 instrumenta
1303 2781 1405 2818 novis
1423 2782 1518 2818 curis
1534 2782 1702 2817 ardenter
1718 2781 1918 2829 investigari
1937 2785 2044 2828 atque
2065 2781 2100 2816 in

217 2851 346 2900 vulgus
372 2852 486 2887 emitti
514 2863 767 2897 cerneremus;
800 2865 888 2900 quas
916 2856 1036 2889 tamen
1071 2865 1145 2889 non
1175 2853 1339 2901 ejusdem
1366 2853 1542 2889 momenti
1573 2853 1681 2889 fuisse
1701 2857 1840 2889 constat
1868 2865 1987 2900 neque
2021 2852 2101 2888 soco

314 2974 336 2999 l.
355 2975 485 3000 Historia
505 2976 703 3001 Universitatis
718 2976 903 3006 Parisiensis,
919 2977 1004 3005 Paris,
1020 2976 1164 3006 1665-1673,
1180 2977 1196 3001 6
1209 2976 1258 3001 vol.
1272 2976 1341 3001 iil-1⁵⁰.

313 3019 337 3044 2.
357 3019 449 3045 Index
464 3021 678 3051 chronoloyicus
692 3021 862 3046 chartarum
877 3023 915 3046 ad
934 3021 1150 3046 Universitatem
1166 3021 1361 3046 Parisiensem
1373 3021 1590 3052 pertinentium,
1608 3021 1691 3050 Paris,
1709 3021 1778 3050 1862,
1793 3021 1861 3045 in·t⁰.
1912 3030 1914 3032 ·
