2580 3528
266 424 364 465 1254]
607 434 654 456 AB
687 434 794 456 Auno
828 434 906 458 uec
941 435 1074 463 uso-us
1108 435 1157 457 An
1193 435 1422 458 punierim
1459 437 1497 458 iv
1532 438 1621 459 asc.
1660 439 1795 460 ΝΛΜ.
2073 432 2138 464 255

262 514 386 541 nostra
415 507 523 541 dilata
549 507 688 542 diutius
716 520 784 541 nos
813 501 968 541 cessare
986 509 1145 551 oportuit
1173 521 1191 542 a
1219 508 1390 555 legendo.
1419 511 1496 552 Qua
1523 511 1665 544 tandem
1693 511 1917 557 obligatione
1943 513 2016 547 illis
2042 515 2137 548 reni-

261 573 423 610 tentibus
456 580 704 608 consummata
737 575 856 608 statim
891 581 1014 609 secuta
1049 582 1106 609 est
1137 575 1180 609 ad
1216 583 1376 610 nostram
1407 577 1637 610 securitatem
1670 578 1705 610 in
1740 585 1924 623 posterum
1961 580 2134 613 dictarum

261 640 474 686 injuriarum
499 641 700 675 emenda¹⁷.
727 642 898 676 Ceterum
923 641 1041 676 adhuc
1067 643 1144 688 ipsa
1171 643 1323 676 emenda
1350 643 1546 688 pendente,
1576 656 1620 678 ne
1648 644 1803 678 similem
1834 645 2071 679 rebellionem
2100 647 2135 680 in

258 706 443 753 aliquibus
476 708 733 754 magistrorum
774 709 1024 754 experiremur
1063 709 1315 755 imposterum,
1356 711 1576 744 unanimiter
1615 711 1785 744 duximus
1827 713 2058 748 statuendum
2100 721 2134 746 ut

258 773 383 808 nullus
419 774 590 808 decetero
628 775 802 821 magister
839 775 1048 809 admittatur
1081 776 1124 810 ad
1159 776 1356 822 collegium
1397 777 1668 823 magistrorum,
1714 778 1784 812 nisi
1824 778 1926 824 prius
1958 780 2135 824 juraverit

258 846 388 874 statuta
417 847 541 875 nostra
570 841 668 876 licita
701 849 736 875 et
768 841 920 876 honesta
949 849 985 876 et
1014 842 1122 876 nobis
1151 843 1253 877 utilia
1283 855 1322 877 se
1353 843 1505 877 firmiter
1534 851 1774 878 servaturum.
1811 846 1967 891 Insuper
1995 846 2135 892 obliga-

257 906 420 942 tionibus
449 908 586 942 nostris
618 908 728 942 licitis
757 916 794 942 et
822 908 988 943 honestis
1017 922 1057 942 ac
1088 909 1196 943 nobis
1225 910 1520 956 expedientibus,
1552 911 1724 957 precipue
1757 924 1799 945 ex
1831 919 1956 945 tenore
1988 913 2135 958 privile·

256 974 400 1020 giorum
440 982 649 1009 nostrorum
689 976 854 1022 vigorem
899 975 1118 1010 habentibus
1158 989 1198 1010 se
1236 977 1469 1011 concorditer
1507 978 1731 1020 consentire,
1772 985 1807 1012 ut
1842 980 1943 1024 juxta
1982 979 2131 1013 verbum

254 1041 454 1087 Augustini
489 1054 561 1076 non
596 1042 643 1076 sit
676 1054 759 1088 pars
794 1043 910 1088 turpis
946 1055 1013 1076 suo
1049 1055 1121 1077 non
1156 1055 1366 1089 congruens
1402 1045 1587 1078 universo.
1629 1046 1697 1079 Cui
1736 1046 1840 1079 etiam
1877 1053 2011 1079 statuto
2049 1046 2130 1080 licet

256 1115 381 1153 postea
409 1108 446 1142 in
473 1109 632 1143 favorem
662 1109 808 1143 illorum
834 1109 1033 1144 clausulam
1062 1110 1164 1144 istam
1195 1110 1374 1144 vellemus
1404 1111 1568 1145 inserere
1592 1124 1599 1144 ε
1624 1128 1638 1143 «
1668 1112 1752 1145 dum
1782 1113 2039 1146 tamenmichi
2069 1115 2130 1159 qui

254 1174 418 1220 regulam
438 1175 587 1209 fratrum
609 1176 880 1210 predicatorum
902 1176 1089 1222 profiteor,
1110 1177 1204 1210 dicta
1225 1183 1355 1211 statuta
1376 1179 1577 1212 secundum
1607 1179 1758 1212 eandem
1780 1179 1942 1225 regulam
1965 1192 2037 1213 non
2059 1181 2129 1214 sint

254 1240 378 1275 illicita
409 1254 476 1276 nec
505 1235 710 1284 inhonesta,
747 1255 813 1276 nec
843 1243 951 1277 saluti
980 1244 1179 1277 animarum
1210 1244 1402 1285 contraria,
1434 1257 1500 1278 nec
1525 1245 1602 1290 juri
1632 1246 1755 1279 divino
1783 1253 1843 1280 aut
1877 1246 2034 1280 humano
2064 1259 2128 1281 seu

253 1308 359 1342 etiam
388 1307 537 1354 publice·
564 1309 708 1343 utilitati
742 1309 906 1351 adversa,
943 1322 1009 1343 nec
1044 1317 1167 1344 sancte
1197 1311 1263 1343 Dei
1294 1311 1449 1344 ecclesie
1479 1311 1553 1345 sint
1581 1312 1779 1358 dampnosa
1807 1327 1837 1354 »,
1870 1313 2130 1348 nichilominus

252 1380 371 1410 tamen
391 1386 497 1408 suum
519 1382 721 1409 renuerunt
741 1383 903 1422 prestare
924 1388 1160 1416 consensum,
1190 1377 1260 1411 nisi
1282 1377 1351 1410 sub
1371 1378 1582 1411 conditione
1608 1379 1769 1424 predicta
1789 1380 1834 1412 de
1855 1379 1996 1414 duabus
2017 1381 2130 1414 scolis

250 1447 428 1487 perpetuo
461 1442 724 1484 concedendis,
759 1449 908 1488 propter
941 1455 1047 1488 quam
1078 1443 1326 1477 conditionem
1363 1444 1501 1477 ratione
1531 1446 1604 1490 jam
1635 1445 1729 1479 dicta
1760 1458 1833 1479 non
1863 1454 2080 1492 acceptatam
2111 1460 2128 1482 a

249 1507 358 1542 nobis
383 1508 502 1542 eidem
528 1515 676 1551 statuto,
702 1516 875 1555 quantum
903 1509 940 1542 in
968 1509 1060 1555 ipsis
1087 1510 1167 1551 suit,
1199 1510 1432 1555 pertinaciter
1459 1511 1674 1545 restiterunt
1702 1518 1738 1545 et
1764 1512 1881 1546 adhuc
1908 1513 2126 1548 renituntur.

249 1575 363 1608 Porro
397 1587 479 1609 cum
506 1582 657 1622 propter
682 1575 894 1621 hujusmodi
921 1575 1161 1610 rebellionem
1197 1577 1533 1623 contumaciamque
1562 1579 1665 1623 juxta
1693 1586 1856 1612 tenorem
1885 1579 2128 1614 ordinationis

248 1641 350 1676 sedis
369 1641 605 1688 apostolice¹⁸
626 1643 834 1689 supradicte
862 1655 927 1689 per
951 1643 1113 1689 elapsum
1142 1655 1187 1677 xv
1214 1644 1355 1677 dierum
1384 1645 1539 1690 spatium
1568 1646 1955 1681 excommunicationis
1980 1654 2127 1681 senten-

248 1708 332 1742 tiam
352 1709 608 1751 incurrissent,
635 1721 704 1743 nos
729 1717 879 1756 propter
903 1722 1029 1744 eorum
1058 1711 1471 1745 excommunicationem
1495 1711 1533 1745 in
1555 1711 1778 1746 rebelliones
1799 1713 1981 1759 predictas
2006 1726 2071 1748 eos
2092 1721 2128 1748 et,

247 1775 302 1813 eis
329 1774 547 1810 adherentes
566 1788 587 1810 a
608 1783 734 1810 nostro
760 1777 948 1811 consortio
974 1777 1069 1811 sicut
1093 1777 1206 1811 moris
1232 1784 1288 1812 est
1312 1785 1537 1824 separantes,
1564 1779 1679 1824 ipsam
1706 1791 1832 1813 eorum
1859 1781 2123 1826 separationem

240 1842 343 1887 juxta
363 1854 500 1876 morem
522 1849 687 1877 nostrum
713 1855 778 1889 per
802 1844 994 1878 universas
1013 1843 1133 1878 scolas
1158 1844 1311 1878 fecimus
1336 1844 1526 1890 publicari.
1554 1846 1708 1891 Propter
1732 1846 1830 1891 quod
1857 1853 1954 1880 totus
1974 1847 2123 1881 fratrum

245 1901 517 1943 Pre‘dicatorum
538 1910 758 1944 Parisiensis
778 1911 992 1945 Conventus
1012 1911 1160 1957 antique
1186 1911 1400 1945 humilitatis
1425 1924 1491 1945 sue
1517 1919 1552 1946 et
1577 1912 1819 1947 beneficentie
1841 1921 1966 1948 nostre
1987 1913 2124 1948 oblitus

244 1979 372 2010 contra
396 1975 549 2010 verbum
575 1977 733 2023 apostoli
757 1977 914 2012 dicentis
937 1989 944 2010 :
969 1993 985 2009 «
1009 1977 1174 2012 Obsecro
1200 1990 1265 2012 vos
1293 1979 1422 2012 fratres
1447 1985 1487 2012 ut
1511 1979 1622 2025 digne
1647 1979 1842 2013 ambuletis
1868 1993 1908 2014 ca
1934 1982 2123 2015 vocatione

244 2053 314 2087 qua
342 2043 460 2076 vocati
489 2043 580 2077 estis
609 2044 646 2077 in
675 2044 774 2077 omni
804 2044 1006 2078 humilitate
1036 2052 1072 2078 et
1101 2045 1382 2079 mansuetudine
1414 2059 1444 2086 »,
1477 2053 1513 2079 et
1541 2045 1627 2079 alibi
1651 2058 1658 2079 z
1683 2062 1698 2078 κ
1727 2047 1979 2081 Beneflcencie
2011 2048 2123 2082 nolite

244 2107 413 2143 oblivisci
444 2122 475 2151 n,
510 2110 688 2145 adversus
723 2111 1004 2145 Universitatem
1039 2118 1199 2145 nostram
1236 2119 1422 2158 patronam
1458 2124 1574 2155 suam,
1610 2120 1717 2158 prout
1756 2114 1824 2159 ipsi
1864 2114 2010 2148 diffiteri
2049 2127 2121 2148 non

244 2174 433 2218 auderent,
461 2176 669 2211 calcaneum
698 2177 885 2223 erigentes
911 2190 1088 2223 personas
1114 2179 1288 2223 majorum
1316 2185 1525 2212 nostrorum
1547 2180 1707 2225 graviter
1727 2180 1968 2222 diffamantes,
1998 2193 2121 2226 perse—

243 2248 391 2277 cutores
411 2254 476 2276 eos
496 2254 579 2277 esse
599 2244 838 2278 sanctimonie
858 2257 898 2278 ac
919 2245 1031 2279 totius
1052 2245 1244 2291 religionis
1271 2245 1362 2279 salso
1387 2258 1428 2279 ac
1454 2246 1654 2291 procaciter
1673 2254 1896 2288 asserenteS,
1919 2247 2061 2280 tandem
2084 2248 2118 2281 in

244 2320 482 2354 personarum
504 2317 710 2345 nostrarum
732 2311 892 2357 pericula
914 2311 1162 2345 machinantes
1182 2311 1317 2346 illustri
1343 2312 1465 2346 comiti
1492 2312 1711 2353 Pictavensi,
1734 2313 1836 2358 regni
1862 2314 2012 2347 Francic
2035 2321 2119 2347 tunc

243 2375 390 2417 rectori,
417 2376 676 2411 assistentibus
702 2377 736 2411 ei
762 2377 863 2411 curie
892 2390 958 2411 sue
986 2377 1201 2424 proceribus
1230 2378 1367 2420 multis,
1395 2385 1432 2412 et
1458 2378 1712 2423 magistrorum
1744 2386 1951 2413 nostrorum
1979 2380 2022 2413 ad
2051 2380 2118 2414 hoc

242 2442 379 2476 vocatis
404 2442 652 2488 presentibus,
680 2455 744 2490 per
772 2444 1008 2490 excogitatam
1035 2444 1203 2478 malitiam
1231 2452 1513 2490 suggesserunt,
1541 2457 1608 2478 nos
1634 2451 1764 2479 statuta
1785 2452 1909 2479 contra
1939 2447 2054 2480 Deum
2083 2454 2118 2481 et

242 2508 484 2543 universalem
524 2510 715 2544 ecclesiam
755 2511 932 2553 edidisse,
971 2523 1113 2545 necnon
1149 2511 1440 2557 conspirationes
1479 2511 1623 2545 illicitas
1666 2518 1790 2545 contra
1835 2512 1972 2546 domini
2018 2514 2117 2560 regis

239 2574 415 2610 honorem
437 2582 473 2610 et
493 2577 596 2622 regni
618 2578 820 2620 commoda,
842 2578 940 2623 quod
968 2577 1075 2619 absit,
1103 2584 1333 2624 perpetrasse
1356 2589 1363 2611 ε
1386 2590 1468 2611 cum
1491 2584 1609 2611 tamen
1636 2577 1748 2612 nichil
1770 2579 1929 2624 penitus,
1954 2580 2022 2614 nisi
2044 2593 2115 2626 que

239 2645 348 2688 supra
369 2642 463 2677 dicta
484 2650 583 2686 sunt,
604 2644 812 2686 fecerimus,
833 2644 931 2690 quod
957 2650 992 2678 et
1018 2644 1086 2691 ipsi
1113 2656 1182 2678 una
1209 2643 1413 2686 nobiscum,
1440 2643 1510 2678 sub
1529 2644 1739 2678 conditione
1761 2652 1879 2679 tamen
1902 2650 2115 2693 prescripta,

239 2715 410 2754 quantum
439 2709 476 2743 in
504 2710 595 2756 ipsis
623 2711 690 2744 suit
718 2711 836 2745 facere
861 2710 1084 2745 obtulerunt.
1114 2712 1187 2745 Nec
1213 2711 1297 2744 dum
1325 2711 1461 2745 nostris
1486 2710 1750 2745 calamitatibus
1775 2712 1890 2746 satiati
1919 2713 1962 2747 ad
1989 2714 2114 2748 sedem

237 2775 472 2821 apostolicum
497 2777 714 2812 accedentes
738 2785 774 2812 et
797 2778 892 2824 apud
919 2778 1105 2812 dominum
1135 2790 1261 2824 papam
1289 2785 1325 2812 et
1349 2778 1520 2812 dominos
1545 2778 1750 2812 cardinales
1772 2780 1927 2825 majores
1953 2787 2112 2821 nostros,

237 2848 276 2876 ut
302 2842 562 2886 intelleximus,
589 2845 749 2891 graviter
778 2845 1018 2885 diffamantes,
1045 2857 1174 2879 causas
1203 2857 1269 2879 sue
1297 2845 1538 2891 separationis
1565 2845 1714 2879 omnino
1743 2847 2044 2888 tacentemnullo
2070 2860 2112 2881 ex

238 2915 337 2954 parte
362 2917 485 2945 nostra
511 2910 561 2945 ibi
586 2919 771 2958 presente,
798 2925 863 2958 per
887 2913 1065 2959 exquisita
1092 2916 1238 2958 precum
1269 2912 1454 2946 mendacia
1480 2912 1653 2958 quasdam
1680 2912 1818 2946 litteras
1845 2914 2073 2959 surreptitias
2093 2927 2110 2947 a

237 2974 385 3010 domino
414 2989 504 3023 papa
534 2990 598 3024 per
627 2978 935 3025 importunitatem
965 2991 1080 3022 suam,
1113 2986 1149 3013 ut
1181 2979 1441 3021 intelleximus,
1471 2979 1515 3012 ad
1546 2978 1790 3013 venerabilem
1820 2987 1954 3024 patrem
1985 2979 2110 3013 Ebroi-
