2618 3640
666 428 713 450 AB
748 427 992 449 ALEXANDRO
1028 427 1078 448 111
1113 426 1245 454 L'SQUE
1281 426 1330 447 An
1364 426 1503 447 ANNUM
1538 425 1628 447 MCC.
2070 416 2090 449 7

207 503 313 538 vobis
342 503 380 537 in
409 503 604 548 dampnum
631 501 690 536 vel
719 501 962 547 prejudicium
991 506 1236 541 convertatur,
1264 499 1364 544 quod
1394 499 1440 532 ob
1469 499 1709 532 reverentiam
1737 506 1896 532 nostram
1928 507 2093 545 prompta

208 570 402 605 devotione
435 570 588 611 fecistis,
624 568 822 615 apostolica
857 567 1064 601 auctolitate
1103 567 1187 611 (sic)
1217 567 1424 606 statuimus,
1460 573 1499 599 ut
1532 566 1724 599 occasione
1759 566 1956 599 additionis
1987 578 2092 611 quam

208 638 347 671 fecistis
367 643 566 670 memorato
588 638 628 669 R.
651 643 711 669 aut
731 635 864 669 dilecto
881 635 956 668 filio
974 641 1101 668 nostro
1122 634 1297 680 magistro
1319 633 1528 675 Mainerio¹,
1551 633 1609 666 cui
1630 633 1816 678 prebenda
1833 640 1956 666 sancte
1973 634 2096 667 Geno-

207 687 288 739 vei'e
308 716 484 738 concessa
509 710 577 746 est,
604 715 678 736 non
704 703 855 748 possitis
880 714 898 735 a
924 701 1140 747 prescriptis
1166 701 1335 734 ecclesiis
1361 700 1640 746 quomodolibet
1659 700 1860 741 molestari,
1881 712 1953 745 quo
1975 701 2096 733 minus

209 778 294 817 post
316 771 528 805 eorumdem
554 772 594 803 R.
622 777 658 803 et
682 771 730 803 M.
759 769 953 802 decessum
979 769 1016 801 in
1042 780 1124 802 eum
1152 775 1283 801 statum
1310 768 1437 801 eedem
1458 767 1646 813 prebende
1668 767 1832 809 redeant,
1853 767 1890 800 in
1917 779 1988 812 quo
2014 774 2096 801 ante

209 838 431 872 additionem
456 838 583 871 factam
612 837 727 870 fuisse
763 843 978 870 noscuntur.
1008 835 1106 868 Nulli
1142 847 1231 881 ergo
1265 835 1414 868 omnino
1451 822 1639 881 hominum
1669 834 1777 868 liceat
1806 834 1897 867 hanc
1928 834 2095 880 paginam

210 912 335 939 nostre
362 905 637 939 constitutionis
657 904 872 949 infringere,
893 903 952 937 vel
973 903 1006 936 ei
1027 902 1257 948 aliquatenus
1277 902 1471 936 contraire.
1495 902 1532 935 Si
1553 902 1636 947 quis
1657 908 1775 935 autem
1797 901 1865 934 hoc
1886 908 2098 947 attemptare

211 972 489 1019 presumpserit,
506 971 795 1018 indignationem
818 970 1080 1016 omnipotentis
1101 970 1167 1003 Dei
1188 977 1223 1003 et
1243 970 1431 1003 beatorum
1453 970 1550 1003 Petri
1571 976 1605 1002 et
1626 968 1727 1002 Pauli
1748 968 1996 1014 apostolorum
2020 970 2099 1014 ejus

211 1052 252 1074 se
271 1040 416 1074 noverit
437 1040 684 1073 incursurum.
712 1040 790 1071 Dat.
814 1037 999 1075 Ferentini
1020 1050 1041 1071 v
1064 1037 1133 1070 kal.
1156 1037 1386 1071 Novembris.

306 1151 442 1183 originale
457 1151 484 1174 in
499 1151 576 1175 Arch.
593 1154 646 1174 nat.
664 1150 748 1174 Paris.
766 1151 793 1174 L.
811 1151 857 1174 230
877 1155 906 1174 n⁰
922 1151 959 1174 10.
977 1151 1054 1174 Bulla
1074 1150 1199 1182 plumbea
1219 1149 1271 1173 filis
1292 1149 1368 1172 seric-
1387 1149 1462 1172 rubei
1482 1149 1578 1172 coloris
1599 1149 1768 1180 appenditur.
1789 1148 1933 1179 Maynum
1948 1148 2100 1175 Pastorale

212 1196 239 1220 in
254 1196 331 1220 Arch.
348 1199 401 1220 nat.
418 1195 502 1220 Paris.
519 1196 568 1220 LL.
586 1196 639 1224 175,
655 1204 682 1227 p.
699 1197 753 1219 564.
770 1209 801 1213 —-
815 1195 910 1224 Mansi,
926 1196 1020 1226 Ampl.
1035 1195 1099 1219 coll.
1114 1194 1215 1220 concil.
1233 1195 1298 1223 XXI,
1316 1194 1385 1222 1059,
1402 1194 1447 1217 ubi
1464 1202 1605 1225 perperam
1621 1202 1633 1217 (ι
1649 1202 1673 1217 v.
1690 1193 1726 1217 id.
1743 1193 1899 1217 Novembris
1915 1201 1937 1216 a.

307 1281 330 1304 1.
347 1281 400 1305 Iste
414 1280 557 1304 Mainerius
572 1280 677 1304 videtur
691 1288 749 1303 esse
769 1280 838 1304 idem
855 1288 915 1303 cum
931 1279 1066 1308 Maium-io,
1083 1279 1215 1311 discipulo
1235 1279 1385 1307 Abaelardi,
1407 1278 1453 1310 qui
1474 1287 1486 1301 «
1502 1279 1528 1302 in
1543 1278 1675 1302 auditorio
1695 1279 1802 1302 scholae
1820 1277 1939 1302 Parisius
1956 1286 1968 1301 ))
1983 1278 2098 1309 legebat,

215 1328 243 1350 ut
258 1325 322 1349 dicit
341 1325 467 1350 Gimldus
488 1325 667 1354 Cumbrensts,
687 1325 754 1356 Opp.
771 1325 811 1348 ed.
827 1325 935 1348 Brewer
950 1325 983 1353 lt,
999 1325 1058 1352 3493
1076 1324 1118 1352 IV,
1135 1325 1162 1353 7;
1179 1324 1210 1347 de
1225 1332 1277 1355 quo
1298 1323 1377 1346 etiam
1393 1324 1491 1346 Walter
1507 1324 1596 1355 Mapes
1612 1324 1683 1355 apud
1698 1323 1811 1354 Wright,
1836 1323 1892 1347 The
1907 1322 1981 1347 latin
1996 1329 2098 1354 poems,

213 1379 240 1402 p.
257 1371 295 1394 29.

214 1578 259 1617 7.
282 1587 451 1614 Alexander
469 1589 518 1613 III
538 1587 678 1614 ecclesiae
696 1587 860 1613 Parisiensi
884 1587 1035 1614 libertates
1064 1590 1092 1612 et
1118 1586 1309 1612 rationabiles
1338 1585 1560 1612 consuetudines
1580 1587 1740 1621 confirmat.
1772 1587 1842 1611 Item
1871 1585 1907 1611 de
1931 1585 2101 1621 praebenda

303 1638 331 1664 S.
351 1637 511 1671 Genovefae
527 1637 555 1663 in
571 1636 695 1663 ecclesia
709 1637 882 1672 Parisiensi,
900 1645 976 1672 quae
991 1644 1128 1662 concessa
1143 1636 1202 1670 fuit
1217 1636 1355 1670 magistro
1372 1635 1523 1661 Mainerio.

1394 1753 1468 1782 1174,
1485 1752 1603 1778 Octobris
1617 1752 1663 1782 28,
1678 1752 1813 1778 Ferentini.

306 1841 512 1876 Alexander
538 1841 735 1887 episcopus
763 1853 893 1875 servus
923 1853 1114 1875 servorum
1143 1841 1209 1874 Dei
1237 1840 1382 1874 dilectis
1411 1840 1498 1873 filiis
1523 1842 1563 1874 B.
1591 1840 1729 1874 decano
1761 1847 1796 1873 et
1824 1839 1982 1885 capitulo
2009 1839 2102 1872 Pari-

216 1908 351 1943 siensis
378 1908 534 1942 ecclesie
560 1908 713 1942 salutem
740 1915 777 1942 et
796 1907 1032 1954 apostolicam
1053 1907 1362 1941 benedictionem.
1386 1908 1529 1951 Quanto
1550 1908 1731 1941 servorem
1754 1907 1961 1941 devotionis
1981 1913 2102 1940 vestre

217 1975 436 2010 laudabilius
457 1987 584 2009 sumus
610 1982 646 2009 et
668 1975 850 2009 efficacius
871 1975 908 2008 in
931 1975 1056 2008 multis
1077 1975 1230 2021 experti,
1252 1982 1350 2008 tanto
1374 1975 1550 2008 libentius
1571 1976 1654 2020 jura
1681 1981 1717 2008 et
1737 1974 1925 2008 libertates
1947 1974 2102 2007 ecclesie

215 2050 336 2078 vestre
366 2054 585 2077 conservare
611 2042 782 2076 volumus
812 2049 848 2076 et
879 2043 986 2084 tueri,
1016 2049 1052 2076 et
1075 2043 1209 2076 vestris
1236 2042 1349 2088 justis
1380 2041 1690 2088 postulationibus
1719 2041 1919 2087 benignius
1948 2041 2105 2074 condes·-

216 2110 387 2152 cendere,
418 2116 458 2144 ut
487 2110 532 2143 de
566 2110 774 2143 sinceritate
810 2110 1030 2152 devotionis,
1067 2122 1172 2155 quam
1209 2122 1294 2155 erga
1329 2122 1398 2143 nos
1433 2116 1467 2143 et
1502 2111 1697 2143 Romanam
1733 2108 1924 2142 ecclesiam
1960 2109 2103 2154 geritis,

216 2177 367 2224 gratiam
393 2183 553 2211 nostram
581 2176 733 2210 uberius
759 2177 937 2210 sentiatis.
965 2178 1179 2223 Eapropter,
1207 2177 1331 2210 dilecti
1356 2177 1393 2209 in
1419 2177 1575 2210 Domino
1602 2176 1680 2218 filii,
1703 2176 1811 2209 officii
1837 2176 1954 2209 nostri
1980 2175 2103 2209 debito

218 2245 415 2291 provocati,
443 2251 479 2278 et
502 2243 742 2290 petitionibus
766 2244 901 2278 vestris
928 2243 1128 2278 clementer
1153 2244 1305 2286 inducti,
1334 2243 1523 2277 libertates
1550 2251 1586 2277 et
1615 2244 1781 2289 antiquas
1807 2250 1843 2276 et
1869 2242 2104 2276 rationabiles

217 2311 506 2346 consuetudines
523 2311 679 2344 ecclesie
694 2318 829 2353 vestre,
847 2323 866 2344 a
887 2318 1050 2357 tempore
1068 2318 1191 2344 sancte
1213 2311 1479 2344 recordationis
1501 2311 1613 2356 patris
1634 2317 1670 2344 et
1690 2310 1966 2356 predecessoris
1988 2309 2101 2343 nostri

219 2378 376 2424 Eugenii
411 2390 502 2424 pape
537 2390 655 2423 usque
688 2378 733 2411 ad
772 2385 896 2411 nostra
930 2385 1094 2424 tempora
1124 2377 1350 2419 observatas,
1389 2385 1484 2411 ratas
1518 2377 1694 2410 habemus
1729 2383 1765 2410 et
1798 2376 1931 2417 firmas,
1968 2387 2103 2421 easque

219 2445 431 2480 auctoritate
452 2444 651 2491 apostolica
671 2444 942 2487 confirmantes,
966 2452 1178 2491 perpetuam
1204 2446 1242 2478 in
1263 2452 1450 2491 posterum
1473 2445 1706 2478 decernimus
1727 2443 1862 2477 habere
1883 2443 2101 2477 firmitatem.

219 2513 275 2547 Ad
309 2512 376 2546 hec
410 2524 493 2546 cuin
523 2512 677 2557 quedam
713 2512 933 2545 monasteria
963 2519 999 2545 et
1031 2512 1187 2545 ecclesie
1222 2511 1429 2558 prebendas
1463 2511 1618 2544 habeant
1647 2511 1684 2544 in
1715 2510 1869 2544 ecclesia
1902 2517 2036 2553 vestra,
2071 2517 2104 2543 et

220 2579 353 2614 dilecto
382 2579 458 2613 filio
485 2586 613 2612 nostro
639 2579 814 2625 magistro
843 2579 1020 2612 Mainerio
1047 2578 1234 2624 prebenda
1264 2585 1387 2612 sancte
1416 2579 1603 2612 Genovese
1631 2590 1806 2612 concessa
1834 2578 1894 2619 sit,
1925 2577 2030 2611 veriti
2058 2589 2105 2610 ne

221 2646 393 2694 paulatim
426 2645 661 2692 subrependo
691 2646 728 2679 in
759 2646 1017 2679 detrimentum
1051 2646 1299 2692 predictorum
1331 2645 1636 2679 monasteriorum
1666 2652 1701 2678 et
1730 2645 1967 2678 ecclesiarum
2000 2651 2035 2678 et
2068 2645 2105 2677 in

221 2726 415 2761 gravamen
441 2720 603 2748 vestrum
631 2713 843 2759 hujusmodi
870 2713 1099 2746 consuetudo
1128 2713 1263 2746 inoleat
1290 2713 1326 2746 in
1361 2712 1515 2746 ecclesia
1544 2719 1678 2755 vestra,
1709 2712 1923 2758 postulastis
1949 2724 1966 2745 a
1998 2711 2106 2745 nobis

222 2787 261 2815 ut
280 2792 392 2827 super
411 2780 480 2814 hoc
491 2780 566 2826 juri
587 2787 709 2814 vestro
731 2787 766 2814 et
785 2780 1038 2826 indempnitati
1060 2780 1271 2814 eorumdem
1294 2780 1598 2813 monasteriorum
1621 2786 1657 2813 et
1676 2779 1911 2813 ecclesiarum
1935 2778 2105 2825 pastorali

216 2847 442 2882 >deberemus
471 2847 719 2881 sollicitudine
747 2859 954 2894 precavere.
982 2848 1071 2881 Inde
1097 2854 1154 2881 cst
1179 2847 1277 2893 quod
1310 2847 1471 2893 presenti
1499 2847 1636 2892 scripto
1663 2846 1782 2880 arcius
1812 2846 2034 2887 inhibemus,
2061 2857 2106 2878 ne

223 2914 269 2948 de
288 2914 407 2960 aliqua
428 2913 711 2960 prebendarum,
738 2927 828 2960 quas
852 2915 1054 2961 prescripta
1079 2915 1299 2948 monasteria
1324 2914 1382 2948 vel
1403 2914 1559 2947 ecclesie
1580 2913 1716 2947 habent
1736 2914 1771 2946 in
1793 2913 1946 2946 ecclesia
1972 2919 2105 2953 vestra,

224 2981 424 3027 quamlibet
446 2993 639 3027 personam
663 2982 878 3015 canonicare
898 2982 1093 3028 cogamini.
1112 2981 1209 3015 Nulli
1231 2994 1333 3027 ergo,
1355 2987 1434 3021 etc„
1458 2988 1582 3014 nostre
1607 2980 1894 3014 confirmationis
1916 2986 1947 3012 et
1970 2978 2105 3011 consti*
