2580 3528
269 430 366 470 1215]
609 439 656 462 ΑΒ
690 439 797 462 anno
832 439 910 462 ucc
945 439 1079 468 usqum
1113 439 1162 462 AD
1197 440 1427 462 PHlLlPPUM
1463 440 1502 462 iv
1538 440 1626 462 REG.
1665 441 1801 463 simne.
2104 433 2146 466 79

267 513 349 547 telis
378 513 423 546 de
457 513 676 559 methafisica
708 520 744 547 et
772 513 817 546 de
847 513 1012 547 naturali
1033 513 1277 558 philosophia,
1306 525 1372 546 nec
1401 525 1533 548 summe
1562 514 1607 546 de
1637 514 1789 555 eisdem,
1821 521 1882 547 aut
1909 515 1953 547 de
1982 515 2146 549 doctrina

266 580 429 626 magistri
451 580 565 614 David
585 580 631 613 de
652 580 798 622 Dinant,
819 587 880 613 aut
899 579 1071 613 Amalrici
1090 580 1256 621 heretici,
1278 587 1339 613 aut
1359 580 1525 614 Mauricii
1546 580 1699 626 hyspani
1713 584 1735 613 ⁴.

355 647 395 679 ln
425 646 616 692 principiis
645 653 680 680 et
709 646 951 680 conventibus
981 647 1254 693 magistrorum,
1285 654 1320 680 et
1348 647 1386 680 in
1415 646 1723 693 responsionibus
1758 647 1814 680 vel
1850 647 2146 692 oppositionibus

265 724 461 759 puerorum
488 713 547 747 vel
567 714 745 758 juvenum
773 712 872 746 nulla
899 712 986 746 fiant
1010 713 1188 747 convivia.
1216 714 1376 747 Possunt.
1400 720 1519 747 tamen
1543 725 1673 747 vocare
1698 713 1841 759 aliquos
1868 714 2064 747 familiares
2089 714 2147 748 vel

264 779 398 821 socios,
425 786 482 813 set
506 791 653 825 paucos.
681 780 837 813 Donaria
863 786 982 813 autem
1008 779 1065 813 vel
1090 780 1245 813 vestium
1271 780 1329 814 vel
1354 780 1521 821 aliorum,
1549 780 1644 813 sicut
1668 780 1763 814 solet
1789 780 1882 821 fieri,
1908 776 1965 813 vel
1991 780 2146 826 amplius

264 845 343 879 fieri
370 858 560 885 monemus
588 853 623 880 et
650 846 823 892 precipue
851 846 1085 892 pauperibus.
1115 846 1246 880 Nullus
1273 847 1530 892 magistrorum
1558 847 1757 892 legentium
1787 847 1822 879 in
1852 846 1991 880 artibus
2018 846 2147 880 habeat

263 924 384 958 capam
411 913 483 946 nisi
507 913 713 955 rotundam,
739 913 879 959 nigram
906 920 941 946 et
966 913 1128 953 talarem,
1154 913 1280 947 saltem
1309 913 1394 946 dum
1416 926 1507 947 nova
1533 920 1600 947 est.
1628 913 1740 946 Pallio
1766 920 1884 946 autem
1907 913 2001 946 bene
2027 920 2148 959 potest

264 979 327 1012 uti.
365 979 551 1013 Sotulares
584 992 657 1013 non
692 979 822 1013 habeat
854 979 923 1013 sub
957 992 1043 1025 capa
1078 980 1233 1013 rotunda
1268 980 1468 1025 laqueatos,
1505 992 1689 1025 nunquam
1724 979 1954 1025 liripipiatos.
1992 980 2028 1013 Si
2063 980 2146 1027 quis

263 1045 397 1079 obierit
420 1045 613 1080 scolarium
640 1046 677 1079 in
702 1045 841 1080 artibus
866 1046 923 1080 vel
949 1046 986 1079 in
1012 1046 1209 1092 theologia,
1238 1046 1413 1080 medietas
1439 1047 1695 1092 magistrorum
1725 1046 1855 1080 artium
1877 1053 1932 1079 eat
1957 1046 2001 1079 ad
2023 1046 2146 1092 sepul-

263 1118 377 1146 turam
404 1125 474 1146 una
498 1113 592 1155 vice,
620 1120 656 1146 et
680 1113 791 1146 altera
816 1113 992 1146 medietas
1018 1113 1099 1154 alia,
1126 1120 1162 1146 et
1187 1125 1260 1146 non
1286 1113 1432 1146 recedat
1458 1113 1575 1146 donec
1603 1113 1781 1159 completa
1808 1113 1918 1146 suerit
1943 1113 2144 1158 sepultura,

262 1179 334 1213 nisi
364 1179 614 1213 rationabilem
644 1179 813 1213 habuerit
841 1192 997 1214 causam.
1031 1180 1067 1213 Si
1095 1180 1178 1225 quis
1200 1179 1334 1213 obierit
1361 1180 1536 1226 magister
1566 1180 1602 1213 in
1629 1179 1768 1213 artibus
1796 1180 1853 1214 vel
1880 1180 1917 1212 in
1946 1179 2144 1225 theologia,

262 1257 390 1280 omnes
414 1246 579 1292 magistri
604 1246 775 1280 intersint
798 1246 949 1292 vigiliis,
977 1246 1131 1291 quilibet
1157 1246 1252 1291 legat
1278 1246 1336 1280 vel
1359 1246 1434 1292 legi
1458 1246 1564 1279 faciat
1584 1246 1809 1292 psalterium,
1833 1245 1988 1291 quilibet
2007 1258 2143 1279 moram

260 1312 366 1346 saciat
394 1312 432 1346 in
461 1312 628 1355 ecclesia,
658 1311 722 1346 ubi
751 1312 956 1346 celebratur
985 1312 1110 1358 vigilia
1140 1324 1257 1358 usque
1287 1313 1332 1346 ad
1362 1313 1516 1346 mediam
1545 1319 1687 1346 noctem
1718 1312 1777 1346 vel
1804 1313 1975 1357 majorem
2007 1319 2143 1358 partem

260 1379 392 1421 noctis,
423 1379 494 1413 nisi
523 1378 750 1412 rationabilis
780 1391 888 1412 causa
917 1379 1112 1412 obstiterit.
1145 1379 1212 1412 Die
1242 1391 1315 1424 quo
1350 1379 1548 1412 tumulatur
1582 1379 1769 1424 magister,
1805 1379 1929 1412 nullus
1962 1379 2059 1424 legat
2086 1379 2144 1413 vel

260 1445 433 1492 disputet.

349 1514 492 1546 Pratum
528 1513 648 1546 Sancti
678 1513 850 1547 Germani
880 1513 917 1546 in
947 1524 990 1546 eo
1020 1519 1114 1546 statu
1143 1513 1181 1546 in
1210 1524 1283 1558 quo
1313 1513 1381 1546 suit
1410 1512 1464 1545 eis
1493 1512 1761 1557 adjudicatum⁶
1791 1513 1844 1545 eis
1875 1512 1982 1557 plene
2011 1512 2144 1546 confir—

260 1591 410 1614 mamus.

349 1645 512 1690 Quilibet
540 1646 715 1693 magister
743 1647 860 1680 sorum
892 1647 949 1680 sui
979 1646 1133 1681 scolaris
1162 1646 1326 1680 habeat‘.
1359 1646 1489 1679 Nullus
1517 1646 1728 1691 irrequisito
1758 1658 1943 1680 consensu
1973 1645 2143 1691 inquilini

258 1713 316 1748 vel
344 1713 463 1747 scolas
489 1714 641 1759 accipiat
666 1713 724 1747 vel
752 1713 913 1755 domum,
942 1713 1027 1747 dum
1055 1713 1261 1747 facultatem
1287 1713 1417 1747 habeat
1444 1713 1668 1759 requirendi.
1698 1713 1829 1746 Nullus
1856 1713 2006 1758 incipiat
2030 1713 2143 1746 licen-

258 1780 373 1814 ciatus
402 1792 421 1814 a
451 1780 667 1814 cancellario
696 1780 754 1814 vel
783 1780 827 1814 ab
856 1780 928 1814 alio
957 1781 1038 1814 data
1067 1781 1101 1814 ei
1131 1781 1285 1827 pecunia
1318 1780 1377 1814 vel
1406 1780 1477 1814 fide
1512 1780 1675 1826 prestita,
1709 1780 1767 1814 vel
1802 1779 1870 1813 alia
1900 1780 2142 1814 conventione

257 1845 390 1880 habita.
418 1848 507 1880 Item
531 1847 831 1893 facere-possunt
855 1847 1021 1893 magistri
1047 1854 1082 1881 et
1107 1847 1269 1881 scolares
1294 1854 1364 1881 tam
1391 1859 1455 1893 per
1481 1859 1520 1881 se
1547 1859 1651 1892 quam
1681 1859 1762 1880 cum
1789 1846 1870 1880 aliis
1897 1846 2142 1892 obligationes

258 1919 294 1947 et
319 1913 600 1947 constitutiones
626 1913 698 1947 fide
717 1914 775 1948 vel
795 1926 888 1960 pena
907 1914 966 1948 vel
988 1915 1197 1959 juramento
1222 1914 1371 1948 vallatas
1397 1914 1433 1947 in
1461 1913 1532 1947 hiis
1557 1913 1718 1955 casibus,
1748 1913 1889 1947 scilicet
1909 1913 1947 1946 in
1972 1913 2142 1946 interfec-

258 1979 356 2014 tione
390 1980 448 2014 vel
478 1980 704 2014 mutilatione
733 1981 900 2023 scolaris,
935 1981 993 2015 vel
1027 1981 1065 2014 in
1098 1981 1212 2015 atroci
1246 1981 1379 2027 injuria
1413 1981 1511 2015 illata
1545 1981 1690 2023 scolari,
1727 1981 1757 2014 si
1793 1981 1951 2014 desuerit
1979 1980 2141 2026 justicia,

257 2058 324 2092 pro
340 2047 504 2081 taxandis
521 2047 648 2093 pretiis
663 2047 920 2093 hospitiorum,
939 2048 983 2081 de
1004 2047 1144 2090 habitu,
1166 2048 1211 2082 de
1232 2048 1432 2094 sepultura,
1455 2048 1500 2081 de
1520 2047 1742 2082 lectionibus
1763 2055 1798 2081 et
1816 2046 2140 2093 disputationibus,

257 2113 304 2147 ita
324 2120 456 2156 tamen,
478 2114 577 2160 quod
596 2121 745 2160 propter
764 2114 832 2148 hee
853 2115 1013 2148 studium
1036 2127 1110 2148 non
1130 2115 1354 2149 dissolvatur
1373 2121 1435 2148 aut
1455 2115 1676 2148 destruatur.

346 2181 451 2215 Circa
484 2187 614 2215 statum
644 2181 899 2227 theologorum
930 2182 1136 2224 statuimus,
1173 2171 1271 2227 quod
1306 2181 1430 2215 nullus
1464 2181 1625 2215 Parisius
1660 2181 1758 2227 legat
1791 2181 1880 2214 citra
1915 2181 2138 2214 tricesimum

258 2246 423 2292 quintum
448 2248 553 2281 etatis
577 2260 644 2282 sue
669 2260 818 2290 annum,
846 2255 882 2282 et
907 2249 980 2282 nisi
1005 2249 1188 2282 studuerit
1212 2261 1277 2294 per
1301 2255 1383 2282 octo
1408 2260 1524 2282 annos
1549 2249 1593 2282 ad
1620 2248 1754 2289 minus,
1781 2254 1817 2280 et
1841 2247 1957 2280 libros
1982 2246 2140 2280 fideliter

258 2320 294 2347 et
313 2314 350 2347 in
370 2313 482 2347 scolis
500 2314 669 2356 audierit,
691 2321 728 2348 et
746 2315 908 2360 quinque
929 2315 1034 2349 annis
1054 2315 1177 2349 audiat
1196 2315 1430 2361 theologiam,
1452 2322 1642 2360 antequam
1666 2314 1822 2360 privatas
1843 2313 2021 2347 lectiones
2042 2313 2140 2358 legat

257 2379 417 2426 publice,
445 2386 480 2414 et
506 2379 651 2414 illorum
678 2380 803 2414 nullus
828 2381 926 2427 legat
951 2388 1034 2415 ante
1062 2381 1202 2415 tertiam
1230 2382 1267 2414 in
1294 2381 1439 2423 diebus,
1471 2381 1616 2427 quando
1645 2380 1810 2426 magistri
1839 2379 1978 2425 legunt.
2008 2378 2138 2412 Nullus

257 2446 453 2492 recipiatur
472 2446 633 2481 Parisius
657 2447 702 2480 ad
722 2446 900 2481 lectiones
920 2447 1146 2493 sollempnes
1166 2447 1224 2481 vel
1244 2448 1287 2481 ad
1310 2447 1591 2493 predicationeS,
1619 2447 1689 2479 nisi
1711 2445 1861 2491 probate
1882 2445 1954 2479 vite
1975 2445 2084 2478 suerit
2103 2451 2139 2478 et

257 2513 421 2547 scientie.
444 2513 575 2547 Nullus
596 2514 643 2547 sit
662 2513 815 2547 scolaris
836 2514 1010 2556 Parisius,
1032 2514 1094 2559 qui
1114 2521 1253 2548 certum
1274 2514 1488 2559 magistrum
1510 2525 1583 2547 non
1604 2512 1744 2546 habeat.

347 2581 394 2614 Ut
419 2587 537 2614 autem
565 2580 632 2614 ista
653 2580 912 2615 inviolabiliter
938 2580 1193 2622 observentur,
1225 2592 1353 2614 omnes
1383 2580 1445 2626 qui
1471 2579 1732 2614 contumaciter
1761 2585 1886 2613 contra
1913 2578 1980 2612 hec
2006 2585 2136 2612 statuta

256 2653 380 2681 nostra
412 2647 538 2681 venire
572 2647 876 2693 presumpserint,
916 2647 987 2681 nisi
1026 2647 1117 2680 infra
1155 2647 1363 2693 quindecim
1399 2647 1478 2680 dies
1516 2659 1535 2680 a
1574 2646 1633 2679 die
1672 2645 1980 2692 transgressionis
2015 2657 2134 2679 coram

257 2713 492 2747 universitate
522 2714 780 2760 magistrorum
815 2721 851 2747 et
883 2713 1091 2755 scolarium,
1123 2713 1181 2747 vel
1215 2725 1335 2747 coram
1365 2712 1550 2759 aliquibus
1579 2712 1624 2746 ab
1652 2712 1898 2747 Universitate
1926 2712 2135 2746 constitutis

257 2780 566 2826 presumptionem
602 2792 703 2814 suam
737 2781 944 2815 curaverint
971 2781 1179 2823 emendare,
1209 2780 1404 2826 legationis
1434 2792 1503 2826 qua
1532 2780 1720 2825 fungimur
1747 2779 1959 2813 auctoritate
1988 2778 2134 2812 vinculo

257 2846 640 2881 excommunicationis
660 2847 927 2882 innodavimus.
950 2848 1078 2881 Actum
1099 2859 1194 2881 anno
1215 2847 1331 2893 gratie
1348 2847 1480 2881 M⁰CC⁰
1495 2846 1781 2892 quintodecimo,
1804 2858 1930 2879 mense
1951 2847 2131 2890 Augusto.

349 2952 486 2985 Originale
500 2953 526 2978 in
541 2954 618 2978 Arch.
635 2954 756 2979 Univen.
774 2955 857 2979 Paris.
875 2955 951 2979 theca
966 2955 1020 2979 VH.
1038 2955 1067 2979 D.
1085 2955 1123 2978 10.
1139 2954 1164 2979 b.
1182 2954 1370 2986 Fragmentum
1391 2954 1474 2986 sigilli
1489 2953 1557 2978 cerei
1573 2953 1622 2977 vir.
1639 2954 1688 2977 col.
1706 2953 1758 2977 silis
1774 2953 1849 2976 serie.
1866 2952 2006 2984 appendet.
2022 2965 2053 2969 —
2067 2951 2129 2975 Cod.

257 2997 312 3022 Vnt.
325 2997 388 3030 ling.
399 2998 456 3027 ⁴06,
471 2998 516 3022 sol.
529 2998 568 3028 2⁸,
579 3002 606 3023 ot.
619 2998 688 3023 sibl.
700 2999 833 3032 Phinipp·
849 2999 875 3023 in
891 2999 1063 3024 Cheltaenham
1079 3007 1128 3023 ms.
1140 3000 1195 3029 ⁸76,
1208 2999 1252 3023 fol.
1265 2999 1316 3028 29¹³,
1331 2999 1445 3023 offerunt.
1459 2998 1528 3022 bunc
1542 2998 1649 3022 titulum
1661 3006 1666 3021 ε
1681 3006 1692 3021 n
1704 2997 1876 3029 Privilegium
1891 2996 2029 3028 cujusdam
2043 2995 2131 3019 cardi-
