2580 3528
242 409 339 451 1260]
578 418 626 441 AB
659 417 767 440 Auno
800 416 879 440 nec
914 415 1047 445 usque
1082 415 1130 438 An
1167 415 1397 438 ramerum
1433 415 1473 437 iv
1508 415 1595 438 nse.
1633 415 1769 437 rame.
2053 405 2119 438 409

241 505 404 540 congrue
433 491 573 533 meritis
593 491 790 532 intuemur,
821 496 1020 536 sequentes
1040 490 1078 522 in
1102 489 1167 523 hac
1193 496 1294 535 parte
1319 488 1419 534 regis
1445 488 1560 521 eterni
1586 488 1752 533 vestigia,
1784 488 1845 532 qui
1876 487 1970 521 bona
2001 488 2119 521 reddit

241 559 400 606 singulis
429 559 632 594 secundum
661 558 809 604 proprie
841 557 961 591 studia
991 556 1177 590 bonitatis.
1212 556 1305 590 Sane
1336 567 1418 589 cum
1450 555 1587 588 dudum
1620 554 1680 587 sel.
1715 554 1979 587 recordationis
2012 555 2121 587 Inno-

241 626 384 661 centius
422 637 512 672 papa
551 625 794 671 predecessor
828 630 955 658 noster
993 623 1211 657 evidentiam
1251 629 1311 655 tue
1352 621 1544 668 probitatis
1582 620 1822 654 considerans
1866 627 1983 653 tecum
2027 620 2122 652 sicut

241 693 448 739 accepimus
473 704 538 738 per
562 703 647 726 suas
672 691 812 725 litteras
837 691 1101 736 dispensasset,
1129 696 1167 723 ut
1193 701 1266 722 non
1292 689 1459 722 obstante
1485 688 1629 721 defectu
1657 687 1827 721 natalium
1854 699 1961 732 quem
1988 686 2122 731 pateris

243 760 288 794 de
323 759 444 793 soluto
481 758 628 805 genitus
658 765 694 792 et
722 758 840 791 soluta
870 769 1001 803 posses
1030 756 1238 803 promoveri
1271 755 1316 789 ad
1345 767 1473 789 omnes
1510 754 1660 788 ordines
1690 760 1725 787 et
1754 753 1972 786 beneficium
2007 752 2123 786 eecle-

243 826 428 862 siasticum
459 826 566 860 etiam
595 826 628 859 si
656 824 808 859 haberet
834 824 1035 858 animarum
1064 835 1187 857 curam
1219 822 1336 856 libere
1366 821 1545 863 obtinere,
1577 833 1645 854 nos
1676 820 1909 866 postmodum
1936 819 2122 852 intellecto

243 893 343 940 quod
378 892 553 927 nonnulla
583 892 819 926 ecclesiarum
850 891 955 937 regni
985 890 1134 924 Francie
1164 902 1203 924 ac
1232 889 1383 923 aliarum
1413 889 1567 934 partium
1598 887 1753 933 capitula
1789 893 1961 921 statutum
1998 885 2124 919 edide-

244 967 325 995 rant
342 961 550 1006 juramento
575 959 768 1000 firmatum,
794 965 834 992 ut
858 957 997 992 nullum
1022 957 1194 991 clericum
1221 957 1402 990 desectum
1428 955 1599 989 natalium
1626 955 1820 1000 patientem
1846 954 1884 987 in
1909 952 2124 991 canonicum

245 1027 452 1074 reciperent
479 1033 515 1061 et
542 1027 690 1060 fratrem
719 1025 872 1067 admitti,
903 1024 1144 1058 consideratis
1181 1031 1241 1057 tue
1275 1022 1469 1057 laudabilis
1498 1021 1789 1055 conversationis
1819 1027 1855 1054 et
1882 1020 1954 1054 vite
1984 1019 2125 1053 meritis

247 1106 312 1140 per
340 1099 484 1128 nostras
513 1093 653 1127 litteras
683 1092 852 1126 duximus
883 1091 1183 1138 dispensandum.
1214 1091 1334 1134 Quare
1365 1102 1430 1135 pro
1461 1096 1561 1135 parte
1592 1095 1662 1122 tua'
1680 1087 1867 1122 humiliter
1892 1086 2082 1132 petebatur
2106 1098 2125 1119 a

248 1160 355 1195 nobis
386 1167 423 1195 ut
454 1160 498 1194 de
527 1159 716 1206 amplioris
740 1158 1027 1205 dispensationis
1052 1157 1232 1191 beneficio
1258 1156 1323 1190 tibi
1349 1156 1543 1202 providere
1569 1155 1614 1189 de
1639 1155 1864 1201 benignitate
1887 1153 1993 1188 solita
2023 1165 2127 1186 cura·

248 1239 384 1269 remus,
429 1226 581 1261 maxime
619 1238 702 1260 cum
742 1233 778 1260 tu
818 1237 883 1271 per
922 1225 988 1258 Dei
1026 1225 1176 1270 gratiam
1216 1224 1254 1257 iu
1292 1223 1497 1268 theologica
1542 1221 1710 1256 facultate
1753 1221 1906 1267 adeptus
1949 1219 2126 1253 honorem

247 1294 419 1329 cathedre
454 1293 674 1340 magistralis
710 1292 845 1326 fluenta
881 1291 1034 1325 scientie
1070 1291 1216 1324 derives
1252 1290 1296 1324 ad
1333 1289 1440 1331 alios,
1480 1296 1516 1323 et
1554 1301 1618 1322 eos
1657 1295 1829 1334 quantum
1870 1287 1934 1320 tibi
1974 1299 2017 1320 ex
2055 1286 2127 1320 alto

249 1361 463 1396 conceditur
499 1360 648 1394 studeas
686 1359 842 1392 reddere
880 1358 1075 1404 gratiosos.
1116 1358 1190 1390 Nos
1228 1357 1350 1402 itaque
1388 1356 1461 1390 tuis
1495 1355 1649 1401 propter
1687 1355 1756 1388 hoc
1798 1353 2128 1399 supplicationibus

248 1434 452 1462 annuentes
481 1433 520 1460 ut
549 1426 713 1472 predicto
743 1437 817 1459 non
846 1424 1013 1458 obstante
1043 1424 1185 1457 defectu
1217 1424 1254 1456 in
1283 1423 1432 1468 prefatis
1461 1422 1519 1456 vel
1549 1421 1831 1468 quibuscunque
1855 1420 1936 1454 aliis
1962 1419 2130 1453 ecelesiis

250 1500 484 1542 personatum
512 1492 571 1527 vel
600 1492 814 1539 dignitatem
844 1491 1127 1525 ecclesiasticam
1158 1502 1239 1524 cum
1269 1501 1355 1523 cura
1385 1489 1443 1522 vel
1473 1489 1553 1522 sine
1583 1500 1668 1522 cura
1699 1488 1805 1521 etiam
1843 1487 1873 1521 si
1911 1486 2130 1532 episcopalis

250 1561 360 1595 suerit
387 1560 585 1595 dummodo
614 1559 703 1593 alias
732 1559 777 1593 ad
807 1571 884 1592 eam
913 1558 1088 1592 canonice
1120 1557 1286 1591 evoceris
1310 1556 1478 1590 obtinere
1503 1555 1623 1590 valeas
1649 1554 1714 1588 tibi
1738 1554 1950 1588 auctoritate
1980 1565 2133 1598 presen-

250 1616 339 1662 tium
370 1627 416 1662 de
445 1626 595 1674 speciali
624 1626 738 1672 gratia
767 1625 1016 1671 indulgemus.
1047 1624 1146 1658 Nulli
1176 1635 1278 1670 ergo,
1309 1629 1388 1665 etc„
1420 1629 1545 1656 nostre
1575 1621 1842 1663 concessionis,
1879 1625 1943 1655 etc.
1977 1619 2014 1654 Si
2049 1619 2132 1665 quis

251 1701 384 1737 autem,
409 1699 474 1729 etc.
501 1695 580 1728 Dat.
606 1692 773 1739 Anagnis
796 1704 819 1727 v
844 1691 914 1726 kal.
939 1691 1141 1733 Februarii,
1168 1703 1262 1725 anno
1289 1697 1404 1724 sexto.

346 1792 409 1824 neg.
425 1792 482 1816 Vnt.
499 1790 640 1815 Alexandri
654 1790 688 1815 IV
702 1798 745 1814 an.
760 1791 785 1819 6,
801 1797 842 1822 ep.
858 1790 897 1819 111,
915 1790 959 1813 rol.
975 1790 1030 1814 238.

347 1877 370 1902 1.
388 1877 424 1901 De
439 1876 498 1909 ipso
521 1875 582 1900 vide
602 1883 685 1908 supra
699 1879 729 1899 n⁰
741 1876 796 1904 330,
812 1878 874 1899 nota
888 1875 927 1903 12,
945 1877 972 1898 et
985 1878 1015 1898 n⁰
1031 1875 1086 1898 ³40.
1106 1873 1254 1906 Episcopus
1270 1873 1354 1897 Paris.
1371 1873 1395 1897 ei
1418 1872 1602 1896 canonicatum
1622 1871 1648 1895 in
1663 1871 1775 1895 ecclesia
1799 1871 1884 1895 Paris.
1900 1870 2020 1901 eontulit,
2036 1878 2068 1894 ex
2082 1878 2134 1902 quo

253 1930 335 1955 gravo
348 1921 489 1946 dissidium
504 1920 573 1945 inter
586 1920 676 1953 ipnum
690 1923 716 1944 et
727 1919 874 1952 capitulum
889 1919 973 1944 Paris.
990 1918 1134 1943 oriebatur.

257 2074 370 2114 360.
390 2083 535 2111 ,ΙοΙιαιυιεε
550 2083 634 2121 prior
649 2085 676 2111 S.
698 2082 789 2119 Eligit
802 2082 898 2110 Paris.
916 2082 1047 2110 concedit
1067 2082 1211 2117 fratribus
1230 2081 1297 2108 Ord.
1321 2081 1346 2108 b.
1365 2081 1481 2107 Mariae
1495 2079 1532 2107 de
1547 2078 1787 2106 Monte-Carmeli
1803 2083 1833 2106 ul
1848 2079 1961 2106 donnum
1979 2078 2135 2116 quamdam

347 2132 376 2160 in
382 2132 526 2170 parochia
540 2134 568 2160 S.
584 2131 673 2160 Pauli
684 2141 704 2159 a
717 2132 853 2169 Philippo
868 2131 995 2168 Bukeeyn
1011 2135 1135 2168 emptam
1150 2130 1239 2158 libere
1252 2129 1434 2167 possideant.

1349 2218 1425 2249 1280,
1439 2225 1530 2245 monn
1543 2218 1682 2245 Februario
1696 2217 1716 2253 [
1716 2218 1823 2244 Parisiis
1823 2216 1849 2252 J.

350 2299 540 2335 Universis
586 2306 776 2346 presentes
821 2299 961 2333 litteras
999 2299 1220 2345 inspecturis
1259 2299 1368 2331 frater
1407 2298 1536 2331 Petrus
1577 2296 1726 2330 humilis
1771 2295 1883 2330 abbas
1927 2294 2137 2329 monasterii

261 2366 510 2402 Fossatensis¹
541 2372 713 2413 totusque
741 2372 944 2400 conventus
973 2365 1138 2411 ejusdem
1169 2364 1239 2398 loci
1269 2364 1421 2398 salutem
1453 2363 1491 2397 in
1521 2363 1688 2397 Domino.
1720 2364 1851 2396 Notum
1878 2362 2042 2404 facimus,
2069 2373 2137 2395 nos

260 2433 399 2468 litteras
429 2433 595 2479 religiosi
619 2433 688 2467 viri
716 2432 892 2467 Johannis
922 2432 1055 2478 prioris
1086 2431 1206 2466 Sancti
1237 2430 1346 2476 Eligii
1377 2430 1595 2464 Parisiensis
1624 2429 1763 2463 vidisse
1794 2436 1829 2463 et
1858 2428 2064 2475 inspexisse
2100 2428 2137 2461 in

261 2500 328 2535 hec
352 2499 462 2535 verba
489 2511 497 2533 :

352 2566 543 2601 Universis
575 2572 766 2612 presentes
801 2565 940 2599 litteras
976 2565 1196 2611 inspecturis
1232 2566 1263 2598 J.
1301 2563 1450 2598 humilis
1488 2563 1588 2609 prior
1625 2562 1744 2597 Sancti
1776 2562 1885 2608 Eligii
1922 2562 2140 2596 parisiensis

262 2633 414 2669 salutem
440 2633 478 2666 in
503 2633 671 2667 Domino.
703 2632 886 2667 Noveritis
910 2632 1009 2678 quod
1034 2644 1102 2665 nos
1127 2631 1296 2665 volumus
1321 2637 1357 2664 et
1375 2629 1625 2671 concedimus,
1649 2629 1746 2675 quod
1772 2630 1901 2663 fratres
1927 2629 1972 2662 de
2001 2629 2140 2663 Ordine

263 2700 367 2735 beate
396 2699 509 2734 Mario
534 2700 580 2734 de
605 2699 901 2734 Monte-Carmeli
930 2698 1087 2733 habeant
1110 2705 1145 2732 et
1171 2697 1383 2744 possideant
1412 2697 1448 2731 in
1479 2703 1693 2743 perpetuum
1725 2695 1873 2742 pacifice
1898 2703 1934 2730 ct
1957 2696 2079 2742 quiete
2104 2695 2141 2729 in

264 2778 371 2802 manu
409 2773 550 2801 mortua
589 2766 779 2812 quamdam
819 2766 965 2799 domuin
1005 2765 1110 2799 sitam
1149 2765 1310 2799 Parisinus
1348 2764 1386 2798 in
1425 2770 1519 2798 terra
1559 2769 1683 2797 nostra
1719 2763 1755 2796 in
1796 2762 1984 2809 parrochia
2020 2762 2139 2796 Sancti

265 2832 378 2876 Pauli,
416 2845 522 2880 quam
559 2833 707 2867 domum
737 2839 904 2867 emerunt
932 2845 951 2867 a
982 2832 1149 2878 Philippo
1180 2831 1364 2878 Buketyn3
1396 2837 1432 2865 et
1460 2830 1559 2877 quod
1589 2830 1627 2864 in
1657 2842 1696 2864 ea
1727 2829 1919 2864 ecclesiam
1957 2829 2139 2870 edificare,

265 2899 387 2934 divina
415 2899 601 2934 celebrare
638 2899 793 2942 valeant,
833 2906 869 2934 et
906 2900 998 2934 insra
1036 2899 1239 2933 clausuram
1277 2910 1378 2932 suain
1418 2897 1552 2932 habere
1589 2897 1807 2931 cimiterium
1846 2903 1879 2930 et
1919 2907 2139 2941 campanam.

268 2966 653 3013 Recompensationem
673 2966 778 3001 etiam
795 2966 1034 3013 quadraginta
1054 2965 1255 3000 solidorum
1275 2965 1466 3012 parisiens
1485 2964 1595 2998 annui
1614 2963 1792 3005 redditus,
1812 2975 1917 3009 quam
1936 2962 2142 2996 Ludos-icus

394 3025 492 3050 citam.
515 3024 594 3050 Unio.
613 3024 709 3050 Paris.
1988 3021 2017 3043 52
