2580 3528
506 394 573 426 374
1090 402 1411 424 ann'rULAamM
1447 401 1638 423 UNlVERS.
1675 401 1804 423 rmus.
2285 391 2388 431 [1258

508 477 706 510 parisiensi
741 477 871 522 viginti
910 476 1022 509 libras
1061 488 1141 509 cum
1176 475 1319 508 meliori
1353 475 1503 508 culcitra
1538 482 1574 508 et
1609 474 1825 508 melioribus
1866 474 2140 508 linteaminibus
2175 480 2210 508 et
2243 473 2387 508 meliori

509 544 741 589 coopertorio
776 543 874 588 quod
904 542 1032 575 habeo.
1065 544 1153 575 Item
1185 542 1269 587 lego
1299 541 1455 574 ecclesie
1486 541 1531 574 de
1557 541 1812 586 Longumello,
1844 541 1875 574 si
1904 554 1922 574 a
1952 541 2167 587 presbytero
2201 541 2388 586 impetrari

510 611 627 656 possit
654 610 832 655 separatio
860 610 904 642 de
931 609 1172 654 Longumello
1201 615 1236 641 et
1262 608 1508 649 Balenvillicr,
1541 620 1606 653 pro
1634 607 1868 641 fundamento
1896 607 2268 653 cujusdam‘ecclesie
2293 620 2390 642 nove

510 677 634 710 decem
666 677 813 709 libratas
848 683 956 721 terre.
994 676 1029 709 Si
1065 676 1169 708 etiam
1206 687 1224 708 a
1259 675 1418 708 dominis
1452 681 1547 707 terre
1582 675 1768 719 impetrari
1801 675 1931 720 possit,
1966 674 2051 721 lego
2086 674 2310 720 pauperibus
2343 674 2391 708 de

511 744 691 777 Loenceio
720 743 956 788 quadraginta
978 742 1126 787 arpenta
1147 749 1243 774 terre
1261 741 1412 774 arabilis
1434 747 1470 774 et
1489 741 1614 773 decem
1636 747 1784 786 arpenta
1805 741 1992 775 vinearum
2015 741 2059 774 de
2081 741 2296 775 melioribus
2317 753 2390 787 que

510 810 678 851 habeam,
708 810 739 842 si
759 821 846 843 vero
867 809 1064 850 noluerint,
1086 809 1206 841 omnia
1227 808 1431 841 vendantur
1450 807 1517 840 hec
1538 814 1573 840 et
1593 807 1674 849 alia,
1695 814 1731 840 et
1751 807 1973 853 pauperibus
1995 808 2271 842 distribuantur.
2298 809 2389 842 Item

511 877 594 922 lego
622 876 776 909 ecclesie
806 876 910 909 beate
931 876 1043 908 Marie
1075 875 1119 907 de
1149 874 1384 908 Viromandia
1414 874 1653 920 quadraginta
1681 873 1794 907 libras
1825 886 1890 920 pro
1925 875 2174 908 anniversario
2208 875 2390 909 faciendo.

511 945 597 976 Item
628 943 782 975 ecclesie
810 942 904 975 beati
930 942 1026 975 Petri
1055 941 1257 974 Duacensis
1284 941 1413 986 viginti
1441 940 1554 974 libras
1579 941 1623 974 ad
1650 941 1827 974 emendos
1854 941 2020 974 redditus
2048 953 2114 986 pro
2141 942 2392 976 anniversario

512 1022 591 1042 meo
612 1009 790 1042 faciendo.
814 1010 902 1041 Item
924 1008 1054 1053 viginti
1076 1007 1188 1040 libras
1210 1007 1365 1041 ecclesie
1387 1007 1482 1040 beati
1502 1007 1621 1040 Amati
1643 1007 1845 1041 Duacensis
1865 1007 2034 1041 similiter
2054 1020 2120 1053 pro
2141 1008 2391 1043 anniversario

511 1088 591 1109 meo
621 1075 799 1108 faciendo.
833 1076 921 1108 Item
953 1075 1072 1107 onmia
1104 1086 1334 1119 quecumque
1363 1074 1479 1107 habeo
1510 1074 1548 1106 in
1577 1074 1682 1119 cupis
1713 1081 1748 1107 et
1778 1073 1925 1120 scyphis
1955 1075 2154 1120 argenteis,
2185 1081 2221 1108 et
2249 1075 2287 1109 in
2317 1086 2392 1109 uno

511 1143 647 1188 scypho
687 1154 797 1175 aureo
841 1149 875 1175 et
918 1141 1016 1183 aliis,
1063 1141 1183 1174 omnia
1226 1141 1431 1174 vendantur
1474 1153 1539 1186 per
1582 1153 1711 1174 manus
1750 1147 1985 1174 executorum
2029 1153 2193 1174 meorum
2237 1141 2393 1176 inferius

510 1216 778 1250 contentorum,
806 1209 853 1241 ita
879 1216 1011 1249 tamen,
1041 1208 1139 1253 quod
1167 1208 1299 1253 aliquis
1325 1209 1488 1253 ipsorum
1516 1208 1574 1241 vel
1601 1207 1734 1253 aliquis
1761 1208 1945 1254 attingens
1972 1208 2128 1253 aliquem
2157 1208 2320 1254 ipsorum
2346 1208 2393 1242 de

512 1277 686 1322 predictis
719 1276 809 1308 nihil
842 1276 957 1321 possit
988 1275 1135 1308 habere.
1166 1276 1253 1308 Item
1285 1275 1369 1320 lego
1400 1275 1513 1308 Marie
1544 1275 1589 1307 de
1619 1275 1754 1316 Cauda,
1787 1275 1945 1308 Loancio
1981 1275 2233 1317 commoranti,
2263 1275 2392 1310 decem

510 1350 658 1389 arpenta
683 1350 779 1376 terre
800 1349 836 1375 et
856 1342 928 1375 duo
949 1348 1096 1387 arpenta
1116 1342 1316 1382 vinearum,
1340 1348 1373 1374 et
1394 1342 1466 1374 duo
1487 1348 1636 1386 arpenta
1657 1348 1855 1386 pratorum.
1883 1341 1990 1385 Quod
2015 1342 2046 1375 si
2072 1342 2187 1387 ipsam
2212 1342 2394 1376 decedere

511 1410 721 1455 contigerit,
752 1409 878 1442 eadem
907 1408 1079 1442 redibunt
1112 1409 1149 1441 in
1184 1420 1312 1441 manus
1346 1415 1580 1441 executorum
1611 1420 1790 1450 meorum,
1820 1415 1855 1441 et
1882 1420 1922 1441 ea
1949 1409 2123 1449 vendent,
2154 1415 2190 1442 et
2218 1409 2256 1442 in
2285 1420 2394 1442 usum

513 1489 710 1522 pauperum
736 1476 968 1516 Parisiensis,
996 1475 1294 1515 Silvanectensis,
1321 1474 1574 1508 Atrebatensis
1596 1475 1734 1507 dioces.
1758 1474 2009 1508 reservabunt.
2038 1476 2127 1508 Item
2148 1475 2233 1520 lego
2255 1475 2395 1509 monia-

512 1544 609 1576 libus
641 1543 760 1576 Sancti
790 1542 940 1575 Antonii
975 1541 1219 1574 Parisiensis⁴
1251 1541 1381 1587 viginti
1411 1541 1524 1574 libras
1555 1541 1748 1586 parisiens.
1781 1542 1870 1574 Item
1899 1541 2122 1586 pauperibus
2149 1541 2394 1587 hospitalibus

513 1610 673 1643 diocesis
706 1609 937 1646 parisiensis,
969 1608 1030 1641 ubi
1065 1608 1284 1650 celebratur,
1319 1607 1470 1641 cuilibet
1499 1608 1624 1640 decem
1657 1607 1811 1649 solidos,
1846 1607 1909 1640 ubi
1943 1620 2030 1641 vero
2066 1620 2139 1641 non
2173 1607 2394 1650 celebratur,

513 1678 675 1722 quinque
703 1676 855 1709 solidos.
885 1677 972 1708 Item
999 1675 1171 1720 leprosiis
1197 1675 1361 1719 ejusdem
1384 1674 1544 1707 diocesis
1565 1675 1727 1719 quinque
1753 1674 1865 1708 libras
1887 1675 2079 1720 parisiens.
2108 1676 2197 1708 Item
2218 1674 2395 1708 fratribus

514 1742 809 1777 Predicatoribus
838 1742 968 1787 viginti
998 1741 1122 1774 libras.
1155 1743 1244 1774 Item
1275 1741 1447 1774 fratribus
1476 1741 1682 1774 Minoribus
1709 1741 1840 1786 viginti
1869 1741 1994 1774 libras.
2028 1743 2117 1775 Item
2146 1741 2320 1776 fratribus
2349 1741 2395 1775 de

515 1811 711 1856 penitentia
740 1812 827 1843 Jesu
858 1809 993 1843 Christi
1023 1809 1148 1841 decem
1175 1808 1299 1841 libras.
1332 1810 1420 1841 Item
1455 1808 1627 1841 fratribus
1654 1808 1698 1841 de
1731 1808 2033 1842 Monte-Carmeli
2063 1815 2207 1842 centum
2239 1808 2393 1842 solidos.

515 1880 603 1911 Item
634 1877 806 1910 fratribus
836 1875 1136 1910 Cartusicnsibus
1163 1882 1307 1908 centum
1337 1875 1506 1908 solidos-²¹.
1537 1876 1625 1908 Item
1654 1875 1877 1920 pauperibus
1908 1875 2112 1909 scolaribus
2142 1876 2179 1908 in
2208 1875 2396 1921 theologia

515 1944 748 1978 studentibus
783 1943 1020 1988 quadraginta
1055 1942 1180 1975 libras.
1214 1944 1301 1975 Item
1334 1949 1513 1975 trecentas
1548 1941 1660 1975 libras
1695 1954 1760 1987 per
1797 1954 1926 1975 manus
1961 1949 2194 1975 executor-um
2229 1954 2395 1975 meorum

517 2010 738 2056 pauperibus
773 2009 985 2042 (leuariatim
1021 2008 1307 2041 distribuendas.
1340 2010 1428 2041 Item
1459 2009 1496 2041 in
1526 2008 1738 2054 episcopatu
1773 2009 1849 2042 sive
1884 2009 1921 2041 in
1956 2009 2095 2042 diocesi
2131 2008 2396 2042 Silvanectensi

516 2076 758 2122 hospitalibus
780 2083 815 2109 et
835 2076 1006 2120 leprosiis
1026 2082 1170 2108 centum
1193 2074 1319 2116 libras,
1342 2081 1449 2120 prout
1470 2075 1618 2107 domino
1641 2075 1815 2120 episcopo
1835 2074 2020 2108 videbitur
2040 2075 2224 2120 expedire.
2247 2076 2336 2108 Item
2357 2075 2396 2107 in

515 2144 727 2189 episcopatu
761 2142 993 2175 Atrebatensi
1033 2142 1208 2174 ducentas
1243 2141 1355 2174 libras
1391 2153 1455 2186 per
1491 2153 1620 2174 manus
1654 2148 1888 2174 executorum
1922 2141 2208 2175 distribuendas.
2239 2143 2396 2175 Verum-

517 2218 634 2244 tamen
666 2210 749 2243 volo
783 2216 817 2242 et
846 2209 1007 2254 precipio
1040 2208 1138 2253 quod
1166 2208 1285 2240 omnia
1314 2207 1434 2240 debita
1463 2220 1555 2249 mea,
1585 2220 1655 2253 que
1684 2207 1830 2253 probari
1859 2215 2042 2253 poterunt,
2072 2215 2153 2242 ante
2181 2207 2247 2241 hec
2275 2208 2396 2241 omnia

516 2278 657 2322 integre
686 2276 951 2321 persolvantur.
980 2275 1035 2307 Ad
1063 2274 1129 2307 hec
1156 2281 1274 2307 autem
1303 2274 1422 2307 omnia
1448 2275 1660 2319 exequenda
1686 2275 1870 2307 constituo
1897 2281 2111 2308 executores
2138 2287 2239 2308 meos
2266 2275 2397 2320 magis·

518 2351 609 2377 trum
646 2343 842 2376 Robertum
880 2342 924 2374 de
960 2341 1136 2382 Sorbona,
1173 2342 1318 2374 fratrem
1351 2342 1543 2386 Symoncm
1575 2341 1619 2374 de
1651 2342 1781 2374 Sancto
1812 2341 1981 2382 Martino,
2017 2341 2232 2374 celerarium
2267 2341 2396 2374 Sancte

516 2411 703 2444 Genovese
744 2409 975 2450 Parisiensis,
1012 2408 1198 2441 dominum
1234 2409 1409 2441 Joannem
1444 2407 1698 2452 presbyterum
1734 2408 1778 2440 de
1814 2407 1954 2449 Benis⁸,
1996 2407 2221 2453 capellanum
2261 2419 2394 2445 meum,

517 2478 644 2511 volens
666 2484 701 2509 ct
722 2476 941 2521 preripienS,
971 2475 1069 2520 quod
1090 2481 1253 2519 repetant
1276 2481 1311 2507 et
1332 2475 1509 2519 recipiant
1529 2475 1649 2507 omnia
1671 2474 1791 2507 debita
1817 2486 1909 2515 mea,
1933 2474 2066 2519 quibus
2092 2474 2250 2519 receptis
2275 2474 2396 2507 omnia

519 2544 724 2588 supradicta
750 2542 907 2575 fideliter
933 2548 1168 2586 exequantur.
1192 2541 1331 2575 Volens
1353 2541 1518 2586 insuper,
1541 2541 1638 2586 quod
1661 2541 1691 2574 si
1712 2540 1861 2573 mobilia
1883 2552 1960 2574 mea
1981 2547 2017 2573 et
2037 2540 2158 2573 debita
2184 2540 2396 2585 exequenda

518 2622 590 2642 non
612 2610 801 2650 sufficiant,
825 2608 1023 2641 immobilia
1044 2620 1121 2640 mea
1143 2608 1345 2640 vendantur
1367 2620 1431 2652 per
1451 2620 1579 2640 manus
1600 2614 1834 2640 executorum
1856 2619 2019 2640 meorum
2041 2607 2212 2651 superius
2233 2606 2398 2640 nomina-

519 2683 637 2709 torum
658 2683 693 2708 ct
713 2676 756 2707 dc
778 2675 894 2719 pretio
915 2675 1159 2715 venditorum,
1183 2674 1213 2706 si
1236 2686 1389 2707 necesse
1410 2674 1531 2715 suerit,
1554 2680 1807 2706 testamentum
1831 2685 1949 2706 meum
1972 2672 2132 2718 plenarie
2158 2672 2395 2718 compleatur.

520 2744 607 2775 Item
638 2742 681 2774 dc
708 2748 781 2774 toto
809 2742 955 2774 residuo
982 2740 1171 2773 mobilium
1194 2752 1357 2773 meorum
1380 2747 1414 2773 et
1435 2740 1691 2780 immobilium,
1713 2739 1744 2772 si
1766 2751 1835 2784 que
1861 2739 2007 2772 inventa
2032 2739 2169 2772 suerint
2194 2746 2316 2784 preter
2341 2751 2395 2780 ea,

520 2821 589 2853 que
616 2809 651 2840 in
679 2808 839 2852 presenti
868 2814 1083 2840 testamento
1111 2807 1358 2848 continentur,
1385 2806 1625 2839 distribuatur
1650 2805 1784 2838 familie
1810 2817 1889 2838 mee
1916 2812 1952 2838 et
1975 2806 2125 2850 pauperi
2149 2805 2336 2850 parentele
2362 2812 2397 2839 et

520 2887 584 2920 pro
610 2874 793 2907 forefactis
820 2874 908 2906 meis
930 2880 964 2906 ct
984 2873 1083 2914 alibi,
1104 2873 1166 2906 ubi
1188 2873 1304 2918 magis
1324 2873 1483 2906 viderint
1504 2879 1719 2906 executores
1741 2872 1811 2904 mei
1833 2871 1940 2904 saluti
1961 2872 2079 2904 anime
2105 2883 2184 2905 mee
2210 2872 2395 2917 expedire.

520 2944 621 2986 Rogo
652 2947 768 2973 autem
799 2940 979 2972 dominam
1014 2952 1126 2972 meam
1163 2939 1227 2972 M7.
1259 2939 1437 2972 illustrem
1471 2941 1691 2972 Francorum
1723 2939 1901 2984 reginam,
1930 2938 2100 2983 quatinus
2129 2938 2301 2984 dignetur
2330 2950 2397 2984 pro
