2580 3528
264 419 362 459 1246]
610 427 656 449 ΑΒ
692 427 798 449 ΑΝΝΟ
832 426 910 448 mcc
935 426 1067 455 L'SQL'E
1102 426 1151 447 An
1187 425 1415 447 rnimrrrm
1455 426 1494 447 iv
1529 427 1618 447 nso.
1657 426 1792 448 ram-c.
2077 418 2137 452 197

261 503 381 536 facere
415 501 589 548 quicquid
618 500 775 534 voluerit
808 499 924 533 libere
955 506 990 533 et
1017 498 1156 545 absque
1186 499 1284 532 omni
1314 499 1601 532 contradictione
1633 506 1754 533 nostra
1786 511 1850 532 seu
1883 512 2137 534 successorum

263 576 489 609 nostrorum;
518 568 773 614 promittentes
800 579 869 600 nos
889 566 1037 600 nomine
1058 565 1214 600 ecclesie
1239 572 1364 599 nostre
1390 566 1506 599 eidem
1530 566 1648 600 abbati
1671 567 1818 599 nomine
1840 579 1907 599 suo
1929 574 1961 600 et
1983 567 2139 600 ecclesie

260 647 328 670 sue
357 635 519 682 legitime
545 633 733 680 stipulanti
764 633 945 679 predictas
972 633 1098 667 vineas
1127 633 1350 679 garantizare
1378 645 1443 666 seu
1471 633 1670 666 defendere
1695 633 1740 666 ad
1766 645 1855 666 usus
1881 640 1916 666 et
1942 641 2139 666 consuetu·

263 702 369 736 dines
397 702 553 735 civitatis
581 700 800 735 parisiensis
829 707 953 734 contra
984 712 1126 733 omnem
1158 699 1348 733 humanam
1384 710 1592 745 personam,
1620 699 1892 734 universitatem
1928 712 1992 733 sen
2028 700 2140 733 colle-

261 769 375 815 gium,
398 769 429 802 si
450 768 579 802 dictam
603 767 793 801 ecclesiam
811 767 931 800 Sancti
953 767 1113 801 Victoris
1135 767 1273 800 ratione
1295 766 1469 800 dictarum
1491 767 1679 800 vinearum
1703 766 1933 812 contingeret
1952 766 1996 799 ab
2017 766 2139 811 aliquo

259 834 458 876 molestari.
490 834 730 868 Promisimus
758 834 864 867 etiam
894 833 991 866 dicto
1019 832 1139 866 abbati
1170 833 1317 866 nomine
1348 833 1503 867 ecclesie
1534 846 1600 866 sue
1627 833 1790 878 legitime
1820 833 2007 878 stipulanti
2038 833 2137 878 quod

258 902 373 948 ipsam
417 901 607 935 ecclesiam
652 900 773 934 Sancti
810 900 970 934 Victoris
1016 900 1113 933 omni
1158 906 1320 946 tempore
1364 907 1433 934 tam
1479 912 1546 933 nos
1590 912 1695 946 quam
1740 911 1976 933 successores
2020 900 2135 933 nostri

258 968 491 1014 indempnem
518 966 745 1001 servabimus
771 966 815 1000 ab
842 967 940 1000 omni
966 979 1079 1000 censu
1105 966 1229 1000 debito
1251 967 1295 1000 de
1317 967 1492 1012 predictis
1510 967 1629 1000 vineis
1651 973 1719 1000 tam
1742 966 1964 1000 monasterio
1989 966 2136 1000 Tironis

258 1047 364 1080 quam
389 1034 548 1080 capitulo
578 1033 788 1074 Parisiensi,
817 1034 863 1066 ita
893 1033 992 1078 quod
1021 1033 1099 1079 ipsa
1129 1033 1283 1066 ecclesia
1311 1033 1402 1066 nulli
1432 1045 1498 1079 pro
1525 1045 1639 1066 censu
1660 1033 1717 1067 vel
1743 1033 1788 1066 de
1809 1044 1923 1066 censu
1944 1033 2136 1066 occasione

257 1102 433 1136 dictarum
458 1101 646 1135 vinearum
674 1100 711 1133 in
736 1100 858 1146 aliquo
881 1107 1057 1142 teneatur,
1081 1100 1146 1133 sed
1174 1113 1250 1133 eam
1277 1100 1322 1134 ab
1347 1100 1518 1133 omnibus
1539 1100 1751 1140 liberemus,
1774 1100 1935 1145 exceptis
1961 1100 2132 1141 decimis,

256 1169 303 1202 ita
324 1169 423 1214 quod
443 1168 474 1201 si
495 1168 726 1213 contingeret
751 1167 874 1212 aliquo
899 1174 1062 1212 tempore
1089 1167 1219 1200 dictam
1246 1167 1437 1200 ecclesiam
1463 1179 1528 1212 pro
1550 1179 1663 1200 censu
1685 1167 1860 1200 dictarum
1882 1167 2067 1200 vinearum
2089 1167 2134 1200 ab

254 1235 378 1281 aliquo
398 1234 584 1268 molestari
605 1240 641 1267 et
661 1245 726 1279 pro
747 1245 859 1267 censu
881 1246 900 1266 a
922 1233 1029 1267 nobis
1050 1245 1123 1266 non
1144 1233 1265 1267 soluto
1286 1241 1321 1267 et
1341 1233 1385 1266 ab
1410 1234 1464 1267 eis
1485 1234 1598 1279 petito
1619 1245 1684 1279 per
1704 1233 1899 1279 capitulum
1928 1234 2134 1267 Parisiense

254 1302 312 1336 vel
333 1314 398 1348 per
416 1301 675 1336 monasterium
703 1300 849 1334 Tironis
875 1300 1069 1345 dampnum
1092 1306 1127 1333 et
1147 1312 1326 1346 expensas
1351 1301 1553 1342 incurrere,
1575 1300 1694 1333 omnia
1720 1300 1873 1346 dampna
1895 1307 1930 1334 et
1954 1312 2133 1346 expensas

255 1368 418 1415 predicte
443 1367 599 1401 ecclesie
625 1367 743 1401 Sancti
773 1366 934 1400 Victoris
964 1367 1158 1400 restituere
1188 1373 1388 1405 teneamur,
1419 1374 1453 1400 et
1483 1367 1528 1400 de
1559 1367 1796 1412 dampnorum
1827 1374 1859 1400 et
1891 1379 2131 1413 expensarum

254 1435 452 1482 quantitate
472 1434 623 1468 credere
639 1435 847 1479 juramento
867 1433 1055 1467 camerarii
1077 1433 1241 1478 ejusdem
1263 1433 1418 1467 ecclesie
1439 1433 1501 1479 qui
1522 1446 1588 1479 pro
1608 1441 1770 1479 tempore
1790 1434 1900 1467 suerit
1920 1433 2132 1475 debeamus,

253 1502 298 1536 de
328 1501 462 1548 quibus
491 1500 658 1547 dampnis
688 1507 723 1534 et
752 1500 924 1545 expensis
952 1500 1190 1533 restituendis
1217 1500 1355 1534 eisdem
1387 1500 1630 1546 obligavimus
1661 1501 1825 1546 predicto
1852 1500 1971 1534 abbati
2003 1513 2070 1534 nos
2098 1508 2131 1534 et

251 1569 399 1603 domum
419 1567 739 1609 claravallensem,
757 1579 901 1600 necnon
922 1573 958 1600 et
978 1566 1125 1600 domum
1146 1567 1294 1601 fratrum
1317 1574 1525 1601 nostrorum
1547 1567 1708 1601 Parisius
1725 1567 1962 1609 studentium,
1981 1568 2132 1613 insuper

251 1642 287 1670 et
306 1635 426 1669 locum
448 1635 493 1668 de
514 1634 720 1669 Cardoneto
738 1646 844 1679 quem
862 1633 906 1667 ab
923 1634 1014 1679 ipsis
1031 1634 1249 1679 recepimus,
1268 1634 1396 1667 dantes
1412 1641 1448 1667 et
1463 1634 1709 1668 concedentes
1726 1634 1820 1667 dicte
1838 1634 1993 1667 ecclesie
2011 1635 2129 1668 Sancti

249 1702 410 1737 Victoris
429 1701 580 1735 liberam
602 1707 815 1746 potestatem
838 1700 1005 1746 capiendi
1032 1700 1186 1746 pignora
1207 1701 1243 1734 in
1263 1701 1427 1746 predicto
1456 1701 1536 1734 loco
1565 1701 1609 1734 de
1635 1701 1841 1735 Cardoneto
1868 1707 1901 1734 et
1928 1713 1968 1734 ea
1996 1701 2130 1734 tamdiu

250 1769 434 1803 retinendi
467 1780 659 1814 quousque
689 1767 759 1813 ipsi
787 1767 942 1801 ecclesie
970 1767 1014 1801 de
1045 1768 1220 1814 predictis
1248 1768 1414 1814 dampnis
1443 1775 1478 1801 et
1504 1768 1676 1814 expensis
1701 1768 1808 1801 suerit
1843 1768 2004 1814 plenarie
2030 1768 2131 1801 satis—

248 1836 393 1870 factum.
416 1834 655 1869 Promisimns
677 1834 781 1867 etiam
804 1834 921 1867 eidem
943 1833 1063 1868 abbati
1084 1835 1231 1868 nomine
1253 1834 1408 1868 ecclesie
1430 1847 1495 1868 sue
1516 1835 1679 1880 legitime
1700 1835 1887 1880 stipulanti
1909 1835 2007 1880 quod
2028 1834 2130 1868 nullo

238 1890 413 1948 vtempore
440 1914 508 1935 nos
532 1901 591 1935 vel
616 1913 852 1935 successores
878 1901 994 1935 nostri
1024 1901 1276 1935 edificabimus
1303 1902 1394 1948 ipsis
1422 1902 1546 1936 invitis
1576 1908 1674 1935 extra
1704 1914 1829 1935 muros
1859 1902 2086 1935 Parisienses
2111 1914 2128 1935 a

249 1975 358 2003 strata
378 1981 443 2015 per
463 1980 568 2014 quam
590 1968 662 2002 itur
682 1980 700 2001 a
722 1974 823 2013 porta
846 1968 974 2002 Sancte
996 1968 1183 2002 Genovese
1204 1969 1248 2002 ad
1271 1970 1438 2002 Sanctum
1461 1968 1688 2010 Marcellum,
1709 1975 1745 2002 et
1764 1981 1782 2002 a
1804 1970 1934 2002 Sancto
1957 1968 2129 2002 Marcello

249 2035 386 2069 directe
417 2046 534 2080 usque
561 2035 604 2068 ad
635 2035 821 2076 Secanam,
853 2047 919 2068 nec
945 2047 1109 2068 ememus
1137 2047 1204 2068 nec
1232 2035 1484 2069 edificabimus
1517 2035 1554 2068 in
1582 2035 1729 2069 censive
1759 2035 1922 2080 ejusdem
1952 2034 2129 2068 eccclesie

248 2101 386 2147 aliquid
405 2101 544 2147 absque
564 2101 808 2147 permissione
830 2101 946 2147 ipsius
967 2101 1136 2143 ecclesie,
1159 2109 1310 2148 excepto
1336 2103 1373 2135 in
1398 2102 1618 2136 Cardoneto.
1642 2104 1720 2145 Que
1747 2102 1866 2136 omnia
1894 2101 2129 2148 promisimus

249 2179 314 2214 per
334 2180 402 2202 nos
421 2174 457 2202 et
476 2179 712 2202 successores
733 2174 879 2202 nostros
900 2168 998 2202 omni
1020 2175 1183 2215 tempore
1205 2169 1308 2203 illesa
1334 2169 1471 2203 servari
1492 2176 1528 2202 et
1547 2175 1672 2202 contra
1694 2169 1729 2202 in
1751 2169 1872 2214 aliquo
1894 2181 1967 2202 non
1989 2169 2126 2209 venire,

248 2235 484 2281 impetrantes
512 2246 644 2268 novum
673 2233 904 2281 privilegium
926 2234 984 2268 vel
1005 2235 1195 2281 impetrato
1222 2242 1385 2276 utentes;
1415 2243 1448 2269 et
1477 2235 1508 2269 si
1533 2235 1655 2281 aliquo
1678 2241 1840 2281 tempore
1866 2241 1990 2268 contra
2018 2247 2128 2268 venc-

248 2300 362 2334 rimus
388 2313 455 2334 nos
482 2299 539 2334 vel
565 2312 800 2334 successores
827 2300 956 2340 nostri,
978 2308 1013 2335 et
1034 2309 1182 2348 propter
1202 2302 1270 2335 hoc
1292 2303 1433 2336 scilicet
1452 2303 1549 2348 quod
1572 2314 1639 2335 nos
1663 2302 1719 2335 vel
1747 2314 1983 2335 successores
2012 2301 2126 2334 nostri

247 2374 371 2401 contra
403 2355 612 2400 veniremus
647 2367 775 2401 dictam
812 2367 1001 2401 ecclesiam
1039 2369 1157 2402 Sancti
1192 2369 1353 2403 Victoris
1381 2376 1545 2414 oporteat
1576 2368 1736 2402 laborem
1765 2375 1823 2402 aut
1858 2368 2010 2413 dampna
2045 2380 2125 2401 cnm

247 2432 454 2480 sumptibus
486 2433 682 2475 sustinere,
715 2446 782 2467 nos
812 2434 1057 2479 promittimus
1087 2435 1207 2468 onmia
1240 2435 1393 2481 dampna
1426 2442 1461 2468 et
1493 2447 1671 2481 expensas
1704 2435 1821 2468 eidem
1850 2435 2056 2476 restituere,
2092 2439 2125 2467 ct

246 2499 507 2534 nichilominus
528 2500 647 2534 omnia
671 2500 877 2546 supradicta
898 2513 978 2534 cum
1002 2501 1208 2547 integritate
1233 2514 1391 2535 servare.
1415 2503 1483 2535 Pro
1505 2501 1639 2547 quibus
1661 2501 1831 2535 omnibus
1852 2499 1937 2534 dicti
1959 2500 2071 2535 abbas
2092 2507 2125 2534 et

245 2558 448 2601 conventus
474 2567 593 2601 Sancti
614 2566 773 2601 Victoris
799 2566 979 2600 dederunt
1005 2574 1037 2601 et
1061 2567 1288 2602 tradiderunt
1308 2568 1428 2610 nobis,
1457 2581 1497 2602 ac
1525 2569 1561 2601 in
1586 2567 1767 2614 corporali
1794 2566 2032 2614 possessione
2059 2580 2126 2601 nos

246 2633 331 2680 poni
358 2634 536 2675 fecerunt,
561 2633 722 2679 quinque
749 2640 897 2679 arpenta
923 2640 1018 2667 terrc.
1039 2634 1209 2680 contigua
1235 2634 1325 2668 infra
1352 2647 1477 2669 muros
1497 2635 1723 2669 Parisienses
1749 2634 1784 2667 in
1807 2634 1888 2668 loco
1909 2635 1971 2680 qui
1993 2634 2126 2667 dicitur

245 2697 490 2734 Cardonetnm
512 2698 625 2733 libera
651 2699 696 2734 ab
722 2700 819 2733 omni
846 2712 971 2742 onere,
994 2701 1180 2734 exactione
1206 2713 1271 2735 seu
1297 2714 1424 2743 censu,
1452 2708 1588 2735 retenta
1616 2701 1665 2734 ibi
1692 2701 1941 2735 tantummodo
1969 2699 2013 2734 ab
2034 2701 2125 2746 ipsis

239 2766 380 2811 justitia
405 2766 571 2812 capiendi
598 2766 750 2813 pignora
776 2773 811 2800 et
831 2766 988 2800 habendi
1011 2779 1076 2813 pro
1097 2768 1264 2814 dampnis
1292 2775 1325 2802 et
1351 2768 1523 2814 expensis
1551 2780 1621 2814 que
1643 2774 1678 2801 et
1698 2780 1788 2814 quas
1814 2767 2039 2801 sustinerent
2060 2778 2124 2813 pro

246 2832 388 2867 defectu
419 2839 560 2875 nostro,
587 2833 623 2867 in
658 2832 811 2879 predicti
844 2846 978 2867 census
1013 2834 1196 2868 solutione
1232 2834 1338 2868 nobis
1372 2834 1615 2877 cessantibus,
1650 2841 1683 2868 et
1719 2841 1868 2881 propter
1900 2834 1969 2867 hoc
2003 2833 2072 2879 ipsi
2107 2846 2123 2866 a

245 2899 467 2934 monasterio
500 2900 647 2934 Tironis
681 2900 738 2934 vel
775 2901 972 2934 Parisiensi
1006 2901 1165 2947 capitulo
1201 2909 1434 2943 vexarentur3
1467 2902 1594 2936 dantes
1634 2901 1741 2935 nobis
1776 2908 1807 2935 et
1844 2900 2123 2935 successoribus

246 2964 383 3000 nostris
414 2965 562 3000 liberam
594 2973 806 3013 potestatem
839 2967 995 3001 habendi
1025 2969 1184 3014 predicta
1212 2969 1373 3015 quinque
1401 2976 1547 3015 arpenta
1578 2968 1691 3002 libera
1720 2969 1755 3002 in
1786 2980 1889 3001 manu
1920 2974 2058 3000 mortua
2088 2967 2122 2999 in
