2580 3528
463 415 527 448 220
1049 424 1364 447 cuAn'rULAamM
1399 422 1588 444 UNIVERS.
1626 421 1754 443 rmus.
2233 413 2333 454 [1250

463 501 597 546 gentiis
619 507 654 534 et
672 500 901 534 libertatibus
928 498 1164 534 Cisterciensi
1190 497 1319 531 Ordini
1344 496 1388 529 ab
1413 495 1611 541 apostolica
1633 494 1720 527 sede
1742 495 1930 528 concessis
1957 495 2052 528 sicut
2071 496 2183 529 ceteri
2202 497 2333 545 fratres

464 567 627 612 ejusdem
655 567 809 609 ordinis,
835 566 1043 612 gauderetis
1067 577 1073 598 :
1097 577 1164 598 nos
1191 563 1381 609 premissis
1406 562 1543 607 aliquid
1569 561 1613 594 ad
1640 567 1797 595 vestram
1825 561 2128 607 supplicationem
2156 563 2332 598 addentes

464 634 674 679 expressius
694 633 798 667 vobis
819 639 940 678 preter
960 632 1135 677 premissa
1156 629 1360 676 privilegia,
1381 628 1643 673 indulgentias,
1671 634 1706 660 et
1722 627 1927 686 libertates,
1956 628 2091 674 quibus
2112 629 2159 663 ob
2179 629 2333 664 transla-

464 701 597 734 tionem
628 700 836 744 hujusmodi
867 698 1036 731 nolumus
1071 697 1253 741 derogari,
1284 695 1494 728 auctoritate
1524 694 1749 740 presentium
1779 685 2029 740 indulgemus,
2061 703 2100 729 ut
2128 696 2166 729 in
2195 696 2332 742 capella

462 774 582 801 vestra
611 766 773 811 ejusdem
805 766 874 798 loci
905 765 948 798 de
979 764 1174 798 Cardineto
1204 762 1323 796 divina
1354 761 1503 806 possitis
1533 760 1720 794 celebrare
1751 761 1881 803 officia,
1913 768 1949 795 et
1976 762 2208 806 cimiterium,
2238 763 2333 798 sicut

464 834 575 867 moris
606 840 673 875 est,
703 832 746 865 ab
776 832 948 877 episcopo
978 830 1207 863 benedictum
1236 828 1369 861 habere
1399 828 1444 861 ad
1474 840 1566 873 opus
1595 828 1746 861 fratrum
1779 827 1915 861 ibidem
1951 829 2205 863 decedentium
2230 831 2331 875 juxta

463 899 764 934 consuetudinem
784 897 1041 932 Cisterciensis
1062 896 1211 929 Ordinis
1232 894 1476 940 approbatam.
1499 894 1597 927 Nulli
1615 906 1717 940 ergo,
1734 900 1813 937 etc.,
1836 902 1961 929 nostre
1978 896 2243 938 concessionis,
2265 902 2329 931 etc.

464 967 499 1000 Si
521 966 602 1011 quis
623 972 753 1006 autem,
775 970 837 998 etc.
861 965 938 996 Dat.
962 962 1130 1007 Lugduni
1151 962 1197 1006 vij
1221 961 1288 994 kal.
1313 961 1552 1006 Septembris,
1575 961 1806 1007 pontificatus
1826 962 1943 996 nostri
1963 974 2058 996 anno
2079 970 2218 998 octavo.

554 1063 688 1094 Originale
711 1062 737 1085 in
757 1062 832 1085 Arch.
855 1062 956 1093 ἀείρω-ἱ.
979 1062 1010 1084 de
1029 1061 1120 1084 l'Aube
1142 1056 1269 1091 (Troye's),
1290 1060 1407 1090 311s257.
1427 1060 1505 1083 Deest
1523 1060 1606 1083 bulla.
1628 1060 1657 1083 In
1673 1068 1766 1084 aversa
1783 1060 1937 1084 membrana
1954 1069 1959 1084 :
1979 1069 1990 1084 «
2006 1060 2155 1085 Cardinalis
2170 1061 2247 1085 albus
2261 1069 2283 1086 υ.
2301 1075 2333 1080 -

460 1107 582 1130 D'Arbois
594 1107 625 1129 de
639 1106 807 1133 Jubninville,
823 1101 926 1130 &tudes
939 1112 992 1130 sur
1005 1105 1081 1130 l'etat
1094 1104 1233 1129 interieur
1245 1105 1291 1128 des
1306 1104 1426 1135 abbayes
1439 1104 1558 1133 cisterc„
1572 1113 1599 1136 p.
1616 1105 1671 1129 363.

553 1192 576 1214 1.
594 1190 727 1221 Conjicere
745 1198 896 1221 possumus,
913 1189 1031 1213 aedificia
1048 1190 1073 1212 in
1089 1189 1229 1212 Cardineto
1244 1196 1312 1211 anno
1329 1189 1389 1212 1246
1404 1188 1526 1212 inchoata
1546 1188 1638 1220 (supra
1653 1189 1687 1212 nl·
1702 1189 1755 1218 166,
1772 1189 1827 1220 167)
1844 1198 1895 1213 non
1916 1190 1998 1214 fuisse
2018 1191 2135 1222 perfecta
2154 1193 2214 1214 ante
2233 1198 2331 1214 annum

459 1237 528 1259 1250,
544 1249 575 1253 —
592 1236 614 1258 2.
631 1235 694 1258 Vide
714 1242 795 1266 supra
810 1239 839 1257 n⁰
853 1234 907 1257 157.

464 1403 569 1439 193.
597 1411 757 1448 Capitulum
772 1411 906 1446 generale
924 1410 989 1437 ord.
1007 1411 1120 1436 Cisterc.
1135 1410 1276 1446 provisori
1290 1409 1382 1436 studii
1396 1410 1522 1436 Parisiis
1536 1409 1716 1446 privilegiam
1731 1410 1870 1436 concedit.

1564 1502 1640 1531 1250.
1656 1501 1815 1534 Septembris
1829 1502 1866 1532 12,
1881 1501 1900 1537 [
1902 1502 2021 1528 Cietomii
2018 1502 2044 1537 J.

547 1578 615 1610 Pro
637 1589 767 1622 magno
787 1578 908 1610 favore
930 1584 965 1610 ct
984 1577 1097 1622 gratia
1123 1576 1247 1609 domni
1268 1575 1408 1609 abbatis
1434 1583 1470 1609 et
1493 1576 1624 1610 domus
1650 1576 1863 1610 Clarevallis
1884 1576 2099 1610 conceditur
2119 1577 2330 1611 auctoritate

458 1643 604 1689 capituli
625 1643 820 1689 generalis,
842 1650 881 1676 ut
900 1643 1068 1689 provisor
1088 1643 1199 1676 studii
1220 1643 1381 1676 Parisius
1402 1643 1439 1675 in
1460 1642 1631 1676 omnibus
1651 1642 1806 1676 abbatiis
1823 1643 1978 1685 ordinis,
2000 1643 2044 1677 ad
2065 1655 2155 1689 quas
2174 1641 2330 1687 venerit,

459 1717 527 1743 stet
548 1711 584 1743 in
606 1710 715 1743 choro
737 1710 875 1743 abbatis
896 1710 1101 1743 immediate
1130 1709 1264 1755 ubique
1290 1717 1373 1755 post
1396 1709 1559 1752 abbates,
1586 1710 1657 1743 nisi
1682 1710 1792 1743 fuerit
1811 1709 1862 1743 ibi
1889 1710 2007 1755 aliqua
2027 1710 2228 1744 reverenda
2248 1722 2332 1757 per-

458 1789 559 1819 sona,
582 1789 651 1822 que
672 1778 773 1822 prius
794 1777 1060 1819 abbatizaverit,
1082 1777 1140 1810 cui
1160 1789 1377 1810 concessum
1396 1777 1507 1810 fuerit
1527 1789 1609 1810 esse
1630 1776 1766 1822 ubique
1789 1784 1872 1822 post
1890 1777 2068 1811 abbatem.

549 1875 617 1898 Bibl.
635 1875 780 1903 Trecensis,
796 1883 846 1899 ms.
862 1876 932 1903 1796,
949 1876 994 1898 fol.
1011 1875 1052 1899 21‘.
1068 1875 1132 1899 Cod.
1148 1875 1247 1899 definit.
1263 1878 1289 1899 et
1303 1875 1387 1907 Capp.
1403 1883 1466 1907 gen.
1482 1875 1546 1900 ord.
1559 1875 1625 1900 Cist.
1638 1875 1665 1899 in
1680 1875 1757 1899 Arch.
1774 1879 1835 1900 stat.
1847 1875 1873 1899 in
1884 1876 1994 1904 Luzern,
2005 1876 2023 1899 l.
2036 1876 2058 1905 1,
2070 1884 2143 1907 pars,
2161 1876 2183 1905 1,
2194 1884 2221 1908 p.
2234 1876 2288 1901 205.
2300 1890 2331 1895 —

457 1920 580 1948 Martene,
599 1919 677 1944 Thes.
690 1926 753 1944 nov.
766 1921 874 1948 anecd„
891 1920 933 1948 lv,
951 1920 1019 1948 1392,
1036 1924 1065 1943 n⁰
1079 1921 1102 1943 6.

463 2103 571 2143 194.
597 2114 663 2139 octo
679 2114 847 2150 positiones,
871 2114 898 2140 in
919 2114 1022 2150 quibus
1043 2115 1146 2140 Petrus
1166 2114 1354 2149 Lombardus,
1372 2114 1511 2149 magister
1531 2114 1753 2149 Sententiarum,
1777 2115 1961 2140 communiter
1976 2123 1993 2140 a
2014 2114 2162 2149 magistris
2180 2114 2330 2141 Parisien-

545 2162 626 2188 sibus
641 2171 695 2188 non
711 2162 868 2189 tenebatur.

1703 2213 1775 2239 circu
1789 2220 1879 2239 annum
1896 2213 1972 2238 1250.

548 2286 721 2331 Magister
751 2288 878 2320 Petrus
908 2287 1134 2320 Lonibardus
1164 2287 1279 2332 magis
1310 2299 1376 2320 suo
1411 2287 1536 2320 labore
1571 2287 1704 2320 meruit
1731 2287 1931 2332 legentium
1967 2287 2151 2320 orationes
2185 2293 2220 2320 et
2248 2298 2331 2332 gra-

459 2352 585 2385 tiarum
607 2353 781 2395 actiones,
803 2366 908 2398 quam
929 2353 1250 2399 reprehensiones,
1272 2354 1357 2387 licet
1380 2354 1417 2386 in
1442 2353 1626 2399 aliquibus
1651 2354 1743 2387 locis
1764 2353 2000 2387 declinaverit
2028 2353 2071 2386 ab
2093 2352 2330 2398 opinionibus

459 2419 711 2453 communibus
733 2427 768 2453 et
787 2421 878 2465 parti
898 2421 1018 2453 miuus
1039 2420 1219 2466 probabili
1241 2420 1438 2463 adheserit,
1460 2421 1633 2466 precipue
1654 2421 1691 2454 in
1713 2427 1794 2454 octo
1815 2420 1920 2454 locis.

548 2487 633 2518 Nam
654 2487 690 2519 in
711 2487 827 2532 primo
847 2487 941 2520 libro
968 2494 1051 2521 sunt
1080 2488 1151 2520 duo
1175 2499 1182 2520 ε
1205 2500 1317 2520 unum
1338 2487 1509 2521 videlicet
1536 2494 1592 2521 est
1616 2488 1850 2521 distinctione
1875 2487 2014 2520 decima
2039 2487 2205 2532 septima,
2231 2486 2328 2532 quod

461 2556 602 2597 caritas,
631 2569 699 2601 que
725 2564 781 2590 est
806 2570 904 2591 amor
932 2559 997 2591 Dei
1028 2565 1063 2591 et
1089 2559 1257 2603 proximi,
1284 2571 1356 2591 non
1383 2565 1439 2592 est
1465 2559 1552 2604 quid
1579 2565 1752 2600 creatum,
1779 2558 1844 2592 sed
1870 2558 2082 2591 increatum.
2108 2557 2219 2590 Aliud
2241 2569 2329 2591 vero

462 2628 529 2663 est,
558 2623 654 2667 quod
682 2623 747 2656 hec
773 2624 917 2657 nomina
947 2625 1066 2659 trinus
1090 2632 1125 2658 et
1144 2626 1295 2659 trinitas
1322 2637 1395 2658 non
1423 2625 1549 2658 dicunt
1569 2625 1802 2671 positionem,
1827 2624 1892 2658 sed
1918 2624 2157 2670 privationem
2178 2630 2326 2657 tantum.

463 2689 506 2720 Et
525 2688 592 2721 hoc
614 2689 713 2733 ponit
735 2690 966 2723 distinctione
987 2691 1162 2737 vigesima
1184 2698 1320 2737 quarta.
1342 2712 1387 2717 —
1407 2693 1447 2724 In
1468 2692 1630 2725 secundo
1656 2703 1743 2725 vero
1765 2691 1932 2724 similiter
1953 2691 2025 2723 duo
2047 2690 2147 2732 dicit,
2174 2702 2327 2735 quorum

463 2755 615 2799 primum
639 2762 704 2797 est,
727 2757 823 2800 quod
848 2757 885 2789 in
911 2758 1052 2802 angelis
1079 2758 1194 2792 beatis
1222 2759 1401 2804 premium
1426 2759 1617 2804 precessit,
1646 2765 1681 2792 et
1700 2758 1868 2791 meritum
1889 2763 2058 2802 respectu
2080 2756 2329 2790 substantialis

463 2822 590 2866 premii
617 2821 724 2855 habet
750 2822 937 2868 subsequi.
967 2825 1011 2856 Et
1035 2824 1102 2857 hoc
1131 2825 1218 2858 dicit
1246 2825 1481 2858 distinctione
1511 2825 1635 2870 quinta
1663 2831 1699 2858 et
1725 2824 1832 2857 etiam
1860 2822 2094 2857 distinctione
2124 2823 2326 2856 undecima.

462 2887 571 2920 Aliud
593 2895 659 2929 est,
682 2889 777 2932 quod
799 2889 910 2921 nichil
930 2890 975 2922 de
995 2890 1086 2923 cibis
1111 2892 1237 2924 transit
1264 2892 1301 2924 in
1321 2892 1507 2925 veritatem
1534 2891 1688 2924 humane
1716 2897 1856 2932 nature,
1883 2902 1949 2923 nec
1970 2901 2035 2935 per
2055 2889 2326 2935 generationem

463 2966 529 2987 nec
560 2966 623 2999 per
654 2955 884 2988 nutritionem
917 2956 1011 2997 [dist.
1042 2958 1110 3000 30].
1133 2978 1176 2982 ——
1197 2959 1236 2990 In
1267 2959 1373 2991 tertio
1403 2958 1498 2991 libro
1529 2958 1697 2991 similiter
1727 2957 1798 2990 duo
1830 2957 1915 2990 dicit
1948 2968 1954 2989 :
1988 2967 2098 2989 unum
2127 2962 2195 2997 est,
2230 2956 2328 3001 quod
