2580 3528
0 275 5 308 ὲ

0 309 6 351 ὲ

0 353 6 399 ,ἰ

0 400 9 471 Ξ

0 471 10 506 ὲ

277 427 374 468 1220]
618 437 665 458 ΑΒ
699 436 805 458 Anno
839 436 917 459 mcc
951 436 1083 465 usqua
1119 436 1167 458 an
1203 436 1433 458 PHILIPPUM
1468 436 1508 457 1v
1543 435 1631 457 nso.
1669 436 1806 458 ruane.
2111 427 2153 460 97

274 510 540 545 vicissitudinis
569 510 706 556 premia
731 510 927 556 recepturi,
954 510 1016 555 qui
1046 521 1110 543 eos
1139 510 1185 543 ad
1213 511 1415 555 profectum
1445 509 1601 542 ecclesie
1631 509 1815 555 generalis
1845 509 1881 542 in
1912 510 2153 543 ministerium

275 576 456 624 evangelii
485 588 701 623 segregans,
727 577 828 622 quod
853 577 915 610 uni
942 589 986 610 ex
1014 577 1106 622 ipsis
1131 576 1171 610 fit
1195 576 1266 610 sibi
1295 583 1438 622 reputat
1464 588 1547 609 esse
1572 576 1717 617 sactum,
1745 588 1784 609 ac
1814 587 1895 617 nos,
1920 576 1982 621 qui
2005 576 2153 609 eosdem

275 644 418 678 sincera
438 643 715 689 complectimur
735 643 772 676 in
794 643 950 677 Domino
976 643 1136 685 caritate,
1158 643 1317 676 habituri
1338 643 1455 689 magis
1475 655 1514 676 ac
1535 643 1652 688 magis
1673 642 1891 676 favorabiles
1908 649 1944 676 et
1958 642 2153 688 benignos.

275 711 354 744 Dat.
376 710 473 756 apud
493 710 629 744 Urbem
649 711 821 744 Veterem
843 709 894 755 iiij
918 709 988 743 kal.
1011 710 1182 756 Augusti,
1207 709 1439 756 pontificatus
1462 709 1579 742 nostri
1601 721 1696 742 anno
1722 709 1862 755 quinto.

282 844 285 846 Ι
367 809 510 840 Maynum
526 809 675 833 Pas-torale
694 807 722 831 in
743 807 822 832 Arch.
843 811 898 832 nat.
918 808 1003 832 Paris.
1025 809 1074 832 LL.
1091 808 1146 837 175,
1166 817 1193 840 p.
1210 809 1264 832 568.
1285 822 1316 826 -
1335 808 1465 837 Guerard,
1488 809 1562 833 Cart.
1582 809 1615 833 de
1629 808 1822 833 Notre-Dame
1841 809 1875 832 de
1893 807 1989 836 Paris,
2006 807 2039 836 11,
2056 808 2109 830 392.
2126 821 2157 825 -

274 854 314 879 cf.
336 862 419 886 supra
435 858 466 877 11⁰
485 854 523 877 35.
544 853 632 877 Mense
651 852 790 876 Decembri
805 853 926 885 ejusdem
945 853 1007 876 anni
1027 854 1097 877 faeta
1116 855 1157 876 est
1174 854 1293 885 perfecta
1314 853 1472 884 compositio
1496 853 1564 877 inter
1585 853 1733 884 capitulum
1752 852 1901 876 parisiense
1920 855 1946 875 et
1966 853 2060 876 fratres
2081 852 2159 875 Prac-

274 899 404 923 dicaturus
420 899 447 923 S.
461 898 555 922 Jacobi
569 897 640 921 circa
656 897 719 929 jura
737 898 881 929 parochiae
899 898 926 922 S.
942 898 1086 922 Benedicti.
1103 898 1142 921 Cf.
1158 900 1258 921 textum
1278 898 1391 921 latinum
1411 898 1482 930 apud
1502 898 1536 922 Le
1555 897 1645 926 Μαίη,
1662 898 1749 922 Paris
1766 897 1868 922 ancien
1883 901 1909 922 et
1923 903 2063 925 ποκυεαιι,
2084 897 2116 925 11,
2132 898 2156 926 li,

273 943 475 968 translationem
489 942 615 975 gallicam
629 943 701 974 apud
717 942 825 972 Sauval,
840 943 968 968 Histoire
986 947 1011 968 et
1029 942 1180 974 antiquitds
1194 943 1227 966 de
1242 942 1271 966 la
1289 942 1352 967 cille
1365 943 1398 966 de
1414 943 1509 971 Paris,
1525 943 1545 971 1,
1561 944 1615 966 635.
1638 942 1829 974 Apogrnphum
1844 941 2012 965 instrumenti
2032 941 2059 965 in
2079 941 2155 965 Arch.

275 991 328 1012 nat.
345 988 430 1013 Paris.
448 988 474 1012 S.
490 988 562 1016 4229,
578 991 607 1011 n⁰
621 987 644 1011 8.

277 1106 355 1144 39.
378 1116 523 1143 Honorius
539 1117 587 1142 ΙΙΙ
601 1116 694 1153 priori
709 1120 737 1143 et
750 1116 894 1151 fratribus
909 1116 1020 1142 ordinis
1034 1116 1140 1143 Praed.
1159 1117 1187 1143 S.
1204 1115 1305 1142 Jacobi
1319 1116 1414 1142 Paris.
1432 1117 1554 1150 fratrem
1572 1113 1751 1141 Guillelmum
1767 1114 1954 1149 commendat,
1973 1114 2023 1150 qui
2038 1123 2099 1140 cum
2115 1114 2158 1140 eis

363 1165 489 1191 Parisiis
503 1165 641 1192 studendi
655 1174 747 1192 causa
763 1165 898 1192 habitare
912 1165 1006 1201 elegit.

1425 1207 1504 1237 1220,
1520 1206 1668 1233 Decembris
1682 1208 1727 1238 30.
1743 1207 1870 1233 Laterani.

365 1283 550 1316 Honorius
581 1283 778 1329 episcopus
809 1294 939 1316 servus
965 1294 1155 1316 servorum
1184 1282 1250 1315 Dei
1280 1282 1423 1315 dilectis
1454 1281 1575 1314 filiis..
1608 1282 1720 1327 priori
1747 1288 1782 1314 et
1814 1281 1986 1314 fratribus
2017 1280 2158 1314 ordinis

275 1349 547 1383 Predicatoru‘m
578 1349 700 1383 Sancti
723 1349 851 1383 Jacobi
875 1349 1095 1382 Parisiensis
1129 1349 1282 1382 salutem
1313 1355 1349 1381 et
1382 1348 1617 1393 apostolicam
1647 1348 1953 1381 benedictionem.
1982 1348 2073 1381 Cum
2095 1347 2158 1380 Lie

275 1415 530 1461 importunitas
560 1415 829 1449 desiderabiles
865 1415 1032 1449 Rachelis
1064 1415 1253 1461 amplexus
1282 1415 1358 1447 sere
1388 1414 1560 1448 continue
1595 1414 1702 1447 nobis
1737 1414 1909 1455 invideat,
1941 1414 2158 1460 religionem

274 1488 431 1516 vestram
461 1494 633 1528 rogamus
662 1482 835 1516 attentius
861 1489 897 1516 et
922 1482 1118 1516 instantius
1147 1481 1388 1528 postulamus,
1421 1481 1591 1526 quatinus
1620 1492 1700 1522 vos,
1723 1481 1785 1526 qui
1811 1481 1948 1514 sedetis
1975 1481 2019 1513 ad
2045 1481 2158 1530 pedes

274 1549 420 1582 Domini
440 1561 522 1582 cum
544 1549 656 1582 Maria
678 1549 800 1595 ipsum
821 1548 1008 1582 humiliter
1027 1549 1199 1590 exoretis,
1223 1555 1263 1582 ut
1281 1559 1434 1594 gressus
1455 1554 1603 1581 nostros
1625 1547 1759 1593 dirigat
1778 1547 1815 1580 in
1837 1559 1987 1581 suorum
2011 1547 2159 1580 semitas

274 1615 539 1658 mandatorum,
566 1616 738 1661 quatinus
761 1628 832 1662 que
858 1615 929 1650 sibi
953 1622 1039 1649 sunt
1063 1615 1192 1661 placita
1216 1615 1391 1648 facientes
1417 1614 1563 1660 dignam
1590 1614 1661 1647 sibi
1687 1614 1873 1660 possimus
1895 1614 1940 1647 de
1965 1614 2159 1647 commissa

274 1681 382 1716 nobis
408 1682 658 1716 sollicitudine
678 1682 835 1716 reddere
861 1683 1049 1716 rationem.
1078 1682 1135 1715 Ad
1155 1682 1222 1715 hec
1246 1681 1418 1715 dilectum
1443 1681 1557 1714 filium
1578 1681 1724 1714 fratrem
1746 1680 1984 1714 Guilielmum
2008 1680 2158 1714 latorem

275 1749 518 1795 presentium,
549 1749 611 1795 qui
640 1749 727 1783 licet
755 1749 862 1783 nobis
897 1750 977 1795 ejus
1007 1749 1191 1795 presentia
1220 1755 1321 1794 grata
1356 1754 1471 1789 esset,
1504 1760 1587 1781 esse
1621 1754 1741 1781 tamen
1770 1747 1961 1781 vobiscum
1997 1747 2159 1781 Parisius

275 1815 448 1850 studendi
482 1816 667 1850 desiderio
702 1816 893 1862 preelegit,
929 1816 1067 1850 caritati
1101 1822 1222 1850 vestre
1257 1815 1479 1861 propensius
1513 1815 1825 1856 commendamus,
1862 1827 1927 1860 per
1960 1814 2159 1860 apostolica

274 1882 381 1917 vobis
408 1883 542 1929 scripta
568 1883 796 1926 mandantes,
825 1883 996 1928 quatinus
1022 1883 1068 1925 ei,
1095 1883 1140 1916 ad
1165 1883 1270 1928 cujus
1295 1893 1424 1928 preces
1449 1881 1555 1915 vobis
1579 1888 1614 1915 et
1634 1882 1699 1915 toti
1720 1881 1840 1915 ordini
1861 1888 1984 1915 vestro
2007 1893 2160 1914 conces-

276 1949 405 1991 simus,
422 1956 463 1983 ut
481 1961 547 1996 pro
568 1949 686 1996 ipsius
707 1950 848 1983 ordinis
869 1949 1001 1983 litteris
1022 1949 1134 1983 nichil
1155 1961 1221 1995 pro
1242 1949 1341 1982 bulla
1362 1955 1485 1982 nostra
1505 1955 1668 1994 tempore
1690 1955 1816 1982 nostro
1838 1948 2012 1989 solvatur,
2031 1960 2159 1993 oppor-

276 2016 464 2050 tunitatem
499 2016 671 2050 studendi
706 2023 879 2062 quantum
910 2017 1094 2062 permittet
1123 2016 1236 2050 vestri
1266 2015 1407 2049 ordinis
1437 2015 1617 2048 institutio
1652 2015 1832 2049 tribuatis.
1875 2017 1951 2048 Dat.
1994 2015 2159 2048 Laterani

276 2083 314 2128 iij
336 2083 406 2117 kal.
429 2083 605 2126 Januarii,
627 2083 859 2130 pontificatus
880 2084 996 2118 nostri
1016 2096 1111 2117 anno
1132 2083 1271 2129 quinto.

369 2181 507 2214 Originale
521 2182 548 2206 in
563 2182 640 2206 Δηὼ.
657 2185 711 2206 nne.
728 2182 813 2206 Paris.
831 2183 858 2207 L.
872 2183 927 2212 240,
942 2186 973 2206 n⁰
983 2183 1022 2206 81.
1041 2183 1150 2207 Restant
1164 2182 1347 2206 tantummodo
1358 2182 1403 2206 fila
1418 2181 1529 2205 cnnnnb.

276 2343 357 2381 40.
380 2353 525 2380 Honorius
546 2355 595 2380 III
610 2355 719 2389 fratres
740 2354 963 2382 Praedicatores
987 2357 1014 2381 S.
1031 2355 1133 2381 Jacobi
1153 2355 1248 2381 Paris.
1273 2358 1301 2381 et
1322 2356 1444 2389 fratrem
1468 2353 1647 2380 Guilielmum
1670 2352 1847 2388 familiarem
1863 2362 1945 2378 suum
1968 2352 2116 2387 magistris
2132 2356 2159 2379 et

368 2401 550 2429 scholaribus
565 2402 662 2430 Par-ie.
679 2402 867 2430 commendat.

1484 2445 1557 2475 1221,
1572 2445 1692 2471 danum-ii
1702 2445 1728 2474 2,
1745 2445 1872 2470 Latet-am.

369 2519 554 2553 Honorius
584 2519 781 2566 episcopus
811 2509 941 2554 servus
971 2532 1161 2554 servorum
1189 2520 1255 2553 Dei
1281 2519 1424 2553 dilectis
1450 2519 1535 2553 filiis
1562 2519 1745 2552 universis
1770 2518 1955 2564 magistris
1981 2525 2016 2551 et
2043 2518 2159 2552 scola-

280 2585 382 2619 ribus
425 2586 587 2620 Parisius
625 2586 938 2620 commorantibus
983 2586 1135 2621 salutem
1178 2593 1214 2620 et
1247 2586 1483 2632 apostolicam
1517 2585 1823 2619 benedictionem.
1863 2586 1993 2618 lterate
2030 2597 2158 2631 preces

280 2653 461 2698 precantis
485 2653 652 2686 affectum
680 2653 888 2699 exprimunt
917 2653 1134 2699 pleniorem,
1156 2665 1237 2687 cum
1260 2659 1428 2687 crescant
1452 2652 1670 2698 regulariter
1694 2652 1814 2686 omnia
1838 2652 2031 2698 geminata.
2061 2652 2161 2685 Licet

280 2718 393 2765 igitur
412 2731 478 2766 pro
499 2719 643 2753 dilectis
665 2720 750 2754 filiis
765 2747 786 2754 ..
805 2721 927 2766 priore
949 2727 986 2754 et
1006 2720 1179 2754 fratribus
1201 2720 1343 2754 ordinis
1363 2719 1635 2753 Predicatorum
1658 2719 1777 2753 Sancti
1797 2718 1922 2753 Jacobi
1943 2719 2162 2752 Parisiensis

280 2785 419 2832 pluries
448 2785 555 2820 vobis
582 2787 825 2821 direxerimus
853 2800 982 2834 preces
1014 2794 1158 2822 nostras
1187 2799 1276 2834 quas
1311 2799 1424 2833 prona
1453 2786 1648 2821 devotione
1673 2798 1713 2819 ac
1743 2793 1908 2832 prompta
1938 2785 2159 2827 obedientia,

280 2852 376 2886 sicut
403 2864 530 2886 eorum
555 2853 625 2887 leta
651 2854 827 2889 relatione
853 2854 1063 2898 didicimus,
1085 2855 1316 2901 suscepistis,
1338 2861 1479 2901 gratum
1506 2855 1583 2887 Deo
1606 2860 1643 2887 et
1666 2852 1774 2887 nobis
1795 2853 1831 2887 in
1851 2853 1920 2887 hoc
1942 2853 2158 2898 obsequium

281 2918 476 2962 exibendo,
496 2919 613 2954 adhuc
635 2927 753 2955 tamen
773 2933 902 2968 preces
923 2934 988 2968 per
1008 2921 1180 2956 dilectum
1203 2921 1317 2955 filium
1338 2922 1483 2955 fratrem
1504 2920 1739 2958 Willermum
1761 2920 1972 2954 familiarem
1995 2926 2158 2953 nostrum

282 2985 447 3031 ejusdem
475 2986 618 3021 ordinis
644 2999 688 3021 eo
712 2988 948 3023 affectuosius
974 2995 1009 3023 et
1034 2988 1241 3023 fiducialius
1269 2989 1455 3030 iterantes,
1487 2999 1559 3034 quo
1587 2987 1726 3033 placida
1753 2994 1789 3020 et
1812 2986 1940 3032 placita
1966 2998 2159 3020 conversa-

407 3044 504 3069 οιιανε.
527 3044 606 3070 vnto.
624 3046 719 3072 Paro.
737 3045 759 3071 1.
2005 3045 2034 3067 ¹³
