2580 3528
267 421 366 462 1246]
612 430 660 452 ΑΒ
693 430 799 452 Auno
834 429 911 454 nec
946 430 1078 458 USQus
1112 430 1161 451 An
1196 429 1426 452 ruimrruu
1462 430 1501 451 ιν
1536 430 1624 452 asc..
1662 430 1799 453 stunc.
2082 423 2143 456 187

264 503 438 538 fratribus
462 503 670 537 Alexandro
691 503 736 537 de
758 503 867 537 Hales
887 510 924 536 et
941 505 972 537 J.
996 503 1041 536 de
1062 503 1259 549 Rupellis⁸.
1283 504 1327 536 Et
1348 503 1401 536 sic
1429 510 1498 536 tam
1523 515 1589 536 vos
1614 515 1718 548 quam
1747 516 1814 537 nos
1836 504 1989 538 maximo
2017 513 2143 539 nostro

265 570 395 604 solatio
429 581 596 604 essemus
630 569 808 611 destituti,
839 570 937 616 quod
971 569 1078 603 absit.
1114 569 1273 604 Omnino
1312 576 1430 603 autem
1466 569 1712 615 provideatur,
1749 570 1846 615 quod
1882 570 2001 604 dictus
2034 571 2145 604 frater

264 638 394 671 Petrus
414 636 523 670 nobis
544 642 683 682 satagat
709 648 916 678 occurrere,
938 643 1130 682 antequam
1155 637 1375 670 transfretet.
1398 636 1544 669 Erimus
1564 643 1682 670 autem
1705 648 1770 682 per
1790 637 1856 670 Dei
1876 637 2026 682 gratiam
2048 638 2142 683 apud

263 703 431 740 Witland
451 703 510 737 die
531 702 671 737 sabbati
692 703 855 748 proxima
875 710 960 749 post
978 703 1111 736 festum
1133 703 1228 737 beati
1249 703 1436 737 Dionisii⁶.
1459 703 1630 737 Ceterum
1652 703 1842 744 noveritis,
1865 703 1964 748 quod
1984 703 2020 736 in
2037 716 2143 737 causa

262 770 482 804 visitationis
516 769 622 815 plane
651 791 696 795 —
715 769 932 803 benedictus
960 769 1199 804 Dominus—
1224 782 1291 815 pro
1319 769 1427 803 nobis
1458 776 1494 803 et
1523 781 1588 815 per
1616 781 1849 815 consequens
1879 781 1944 815 pro
1972 770 2143 803 omnibus

263 836 450 883 episcopis
473 843 531 870 est
550 837 828 882 pronunciatum
842 837 867 869 ⁷.
889 836 1015 871 Valeat
1035 837 1234 882 paternitas
1254 844 1374 870 vestra
1395 848 1541 882 semper
1556 836 1593 869 in
1615 836 1783 869 Domino.

357 934 473 969 Robqrtt'
487 934 653 960 Grosseteste
666 935 808 966 epistolae,
824 935 865 959 ed.
882 935 978 963 Luard,
994 944 1020 967 p.
1037 936 1092 959 334.
1112 949 1143 952 —
1159 935 1288 959 Robertus
1303 935 1445 967 episcopus
1460 934 1651 958 Lincolniensis
1667 934 1776 967 scripsit
1790 934 1858 958 hauc
1873 934 2022 966 epistolam,
2039 936 2144 967 quando

263 986 279 1002 a
298 978 416 1003 Concilio
429 979 601 1011 Lugduueusi
615 979 734 1003 recessit.
751 979 844 1003 Socius
860 979 917 1011 ejus
933 980 1014 1003 trater
1029 979 1111 1003 Adam
1127 979 1159 1003 de
1178 979 1292 1003 Marisco
1308 979 1356 1003 fuit
1368 979 1472 1003 celeber
1486 979 1624 1010 theologus
1641 980 1754 1002 fratrum
1773 978 1904 1002 Minorum
1925 979 1951 1002 in
1966 979 2144 1003 Universitate

264 1023 415 1048 Oxoniensi.

358 1108 380 1131 1.
406 1107 548 1132 Guillelmo
569 1108 602 1131 de
620 1108 792 1140 Nottingham
813 1108 976 1140 (1240-1249).
997 1122 1030 1126 -
1044 1109 1066 1132 2.
1090 1109 1203 1132 Beaunc.
1226 1122 1257 1126 —
1279 1110 1301 1132 3.
1318 1109 1428 1132 Montes.
1453 1122 1484 1126 -——
1502 1109 1526 1132 4.
1548 1108 1654 1132 Petrum
1673 1108 1705 1131 de
1725 1108 1908 1136 Tewksburia.
1929 1108 1975 1140 qui
1994 1116 2064 1132 anno
2083 1108 2145 1132 1249

264 1160 402 1176 successor
417 1152 467 1176 t'uit
485 1152 621 1177 Guillelmi
639 1152 672 1176 de
686 1152 859 1185 Nottingbam
878 1153 904 1176 iu
920 1153 1068 1177 ministerio
1084 1153 1193 1185 Angliae
1209 1154 1321 1177 fratrum
1336 1152 1476 1176 Minoi-um.
1497 1152 1562 1176 Vide
1585 1152 1715 1176 Thomsm
1735 1152 1768 1176 de
1791 1153 1938 1182 Eccleston,
1958 1153 1999 1177 De
2019 1154 2146 1178 adventu

264 1197 413 1222 Minorum
431 1197 465 1221 t'n
486 1196 626 1228 Analiam
644 1197 676 1221 in
695 1197 771 1222 Mon.
792 1197 950 1226 Francisc„
971 1197 1012 1221 ed.
1033 1197 1148 1225 Brewer,
1169 1206 1195 1229 p.
1218 1197 1255 1221 71.
1276 1211 1308 1215 --
1327 1199 1348 1221 5.
1372 1197 1410 1221 Ex
1428 1197 1477 1220 hoc
1496 1196 1649 1225 ediscimus,
1664 1204 1716 1228 quo
1736 1204 1805 1220 anno
1825 1197 1877 1220 duo
1892 1196 2009 1221 celebres
2024 1197 2145 1221 doctores

264 1241 328 1265 Ord.
341 1241 482 1269 uiuorum,
497 1241 644 1265 Alexander
658 1241 690 1264 de
705 1241 784 1264 Hales
799 1242 826 1265 et
837 1241 972 1265 Johsnnes
987 1242 1019 1265 de
1034 1242 1154 1273 Rupella,
1170 1241 1292 1265 obierint.
1307 1241 1441 1265 ,lohannes
1456 1241 1489 1264 de
1501 1240 1654 1269 Garlandin,
1671 1240 1716 1273 qui
1731 1240 1782 1264 isto
1796 1244 1916 1273 tempore
1930 1241 2040 1265 Parisiis
2055 1249 2146 1264 mors-

264 1285 351 1314 batur,
372 1288 447 1309 notat
466 1285 576 1317 insuper
594 1285 772 1309 Alexandrum
791 1285 833 1309 die
849 1286 896 1309 15·
914 1285 1027 1317 Augusti
1046 1285 1146 1309 obiisse
1164 1288 1190 1309 et
1209 1286 1326 1317 legatum
1346 1285 1464 1310 odonem
1484 1285 1593 1308 missam
1615 1285 1765 1309 celebrasse
1783 1293 1832 1316 pro
1852 1285 1976 1309 defuncto
1995 1285 2145 1309 astantibus

262 1329 392 1361 praelatis
406 1329 439 1353 de
453 1328 570 1353 coneilio
585 1328 775 1361 (Lugdunensi)
790 1329 965 1353 venientibus.
982 1330 1023 1354 De
1037 1329 1173 1355 misteriis
1187 1329 1326 1355 ecclesiae.
1342 1329 1411 1353 Bibl.
1429 1330 1455 1353 S.
1473 1329 1630 1358 Genovesae,
1646 1329 1674 1358 Υ,
1690 1329 1708 1352 1.
1724 1331 1748 1358 5,
1763 1329 1843 1358 iii-¹10,
1859 1329 1885 1352 in
1901 1329 1960 1353 fine.
1977 1329 2046 1353 Bibl.
2062 1329 2143 1361 Brug.

264 1381 314 1398 ms.
330 1374 385 1402 54⁸,
400 1373 445 1398 tol.
467 1373 522 1397 52⁸.
539 1373 580 1398 Cf.
595 1373 724 1398 Monum-
742 1374 897 1404 Franci-vc„
910 1382 938 1406 p.
954 1374 1008 1398 542.
1024 1373 1159 1398 ,lohannes
1174 1374 1206 1398 de
1221 1374 1331 1406 Rupella
1347 1373 1414 1397 obiit
1434 1375 1449 1397 3
1471 1373 1609 1397 Februarii
1625 1374 1722 1404 (Artur.
1738 1381 1754 1397 a
1775 1373 1943 1402 Monaeterio,
1959 1374 2143 1405 Martyroloq.

265 1418 417 1446 Francisc„
437 1426 464 1449 p.
485 1419 525 1447 49,
541 1417 587 1441 ubi
602 1414 689 1441 tamen
704 1426 845 1450 perperam
860 1418 966 1446 dicitur,
983 1418 1131 1442 Johannem
1145 1427 1203 1442 esse
1219 1422 1354 1442 mortuum
1369 1426 1410 1442 nn.
1428 1419 1508 1448 1271).
1525 1418 1623 1442 Contra
1638 1418 1713 1446 istos,
1729 1417 1774 1450 qui
1790 1426 1874 1450 usque
1889 1418 1967 1442 bodie
1982 1422 2144 1447 asseverant,

263 1462 411 1487 Johannem
425 1462 457 1486 de
472 1462 584 1494 Rupella
594 1470 663 1486 anno
674 1462 736 1486 1253
746 1462 900 1486 cathedram
910 1463 1112 1487 Bonaventurae
1126 1462 1276 1495 reliquisse,
1288 1463 1433 1486 notandum
1448 1465 1496 1491 est,
1509 1463 1535 1486 S.
1548 1462 1761 1486 Bonaventuram
1769 1462 1825 1493 jam
1836 1470 1904 1486 anno
1920 1462 1981 1486 1248
1996 1471 2011 1486 a
2025 1462 2146 1486 Johanne

263 1507 296 1533 de
310 1507 415 1536 Parma,
431 1513 485 1532 suo
499 1510 673 1532 antecessore
687 1507 720 1531 in
736 1507 861 1538 legendo,
877 1515 999 1539 annoque
1015 1507 1075 1532 1247
1091 1507 1117 1531 in
1133 1507 1285 1531 ministrum
1301 1507 1452 1539 generalem
1467 1507 1559 1535 electo,
1575 1507 1657 1530 fuisse
1672 1506 1848 1538 assignatum,
1864 1509 1894 1530 ut
1908 1506 2018 1530 Parisiis
2035 1507 2144 1538 legeret,

263 1551 333 1576 sicut
350 1551 416 1575 dicit
433 1554 526 1575 auctor
545 1559 657 1575 coaevas
674 1551 824 1575 Salimbenc
844 1551 870 1575 in
890 1560 938 1576 suo
955 1551 1103 1580 Chronico,
1125 1552 1188 1576 Cod.
1206 1552 1262 1576 Vat.
1280 1552 1325 1576 lat.
1342 1553 1412 1581 7260,
1434 1552 1478 1576 sol.
1501 1552 1555 1579 138,
1576 1552 1616 1575 ed.
1634 1551 1731 1580 Parin..
1747 1560 1773 1583 p.
1791 1551 1845 1575 129.
1863 1551 1902 1575 Cf.
1918 1559 1944 1583 p.
1961 1551 2001 1579 62,
2019 1551 2073 1579 128,
2090 1551 2144 1575 137.

263 1595 396 1621 Monum-
410 1595 566 1625 Francisc„
586 1596 627 1620 ed.
644 1595 760 1625 Brewer,
775 1605 802 1628 p.
818 1597 857 1620 49.
873 1610 904 1614 —
918 1598 941 1620 6.
958 1597 988 1620 14
1003 1596 1134 1621 Octobris.
1150 1610 1182 1614 ——
1201 1597 1223 1620 7.
1240 1596 1294 1620 Has
1314 1596 1417 1620 litteras
1437 1595 1582 1620 Innocentii
1601 1596 1635 1620 lv
1653 1595 1730 1619 uobis
1749 1595 1917 1619 conservavit
1936 1595 2027 1619 Matth.
2048 1595 2143 1624 Paris..

265 1640 369 1666 Chron.
385 1641 465 1672 maol,
483 1640 524 1664 ed.
541 1641 638 1669 Luard,
654 1641 696 1670 lV,
711 1642 767 1665 497.
784 1641 865 1665 natae
885 1644 947 1665 sunt
966 1641 1088 1673 Lugduni
1108 1641 1153 1673 viij
1170 1641 1222 1665 kal.
1239 1641 1311 1673 Sept.
1328 1649 1370 1665 an.
1387 1642 1402 1664 3
1417 1641 1456 1671 (25
1471 1641 1536 1673 Aug.
1554 1641 1634 1670 1245),
1651 1649 1681 1664 ex
1701 1648 1753 1672 quo
1773 1639 1851 1664 etiam
1867 1643 1987 1671 apparet.
2003 1639 2145 1671 epistolam

264 1684 371 1709 Roberti
386 1684 504 1709 Lincoln.
520 1685 602 1716 episc.
619 1693 677 1709 csse
692 1685 820 1717 scriptam
835 1694 904 1709 anno
922 1686 992 1710 1245.
1009 1686 1048 1710 Cf.
1065 1686 1164 1714 seiten,
1180 1686 1282 1711 Robert
1297 1686 1474 1715 Grosseteste.
1490 1694 1516 1717 p.
1533 1686 1571 1708 35.

270 1860 359 1897 151
369 1889 378 1898 .
402 1870 584 1896 Innocentius
601 1871 644 1896 IV
657 1870 782 1897 Iohanni
800 1871 960 1905 Teutonico,
979 1880 1053 1906 mag.
1069 1870 1201 1906 generali
1219 1871 1285 1897 ord.
1299 1870 1416 1903 Praed.,
1432 1869 1554 1896 mandat
1569 1873 1600 1895 ul
1615 1869 1784 1904 magistrum
1800 1869 1962 1904 theologiae
1977 1869 2018 1895 ad
2032 1869 2145 1895 domum

355 1918 487 1945 eistat-cii
501 1919 606 1946 mittat.

1479 1955 1555 1984 1243.
1570 1955 1690 1981 danuam·
1700 1955 1726 1984 8,
1743 1954 1858 1987 Lugduni.

355 2030 591 2063 Innocentius
621 2030 818 2076 episcopus
846 2042 976 2064 servus
1007 2043 1196 2064 servorum
1226 2031 1291 2064 Dei
1312 2030 1446 2064 dilecto
1475 2029 1549 2063 [ilio
1574 2029 1788 2075 ..magistro
1816 2029 1968 2062 Ordinis
1995 2029 2143 2062 fratrum

265 2095 537 2130 Predicatorum
557 2096 711 2130 salutem
733 2103 769 2130 et
787 2097 1023 2143 apostolicam
1045 2097 1351 2131 benedictionem.
1375 2097 1518 2130 Nostris
1539 2095 1677 2129 inducti
1699 2094 1872 2129 suasibus
1893 2094 2016 2128 dilecti
2037 2094 2102 2128 filii
2121 2121 2143 2129 ..

265 2160 377 2195 abbas
410 2161 595 2197 Cistercii¹
632 2164 786 2209 ejusque
823 2163 1018 2198 coabbates
1052 2164 1311 2199 Cisterciensis
1346 2163 1496 2198 Ordinis
1536 2162 1675 2208 pridem
1717 2162 1752 2195 in
1789 2161 1952 2207 generali
1987 2161 2144 2207 capitulo

265 2229 478 2274 congregati
513 2229 756 2272 laudabiliter,
796 2231 892 2264 sicut
925 2231 1147 2277 accepimus,
1189 2237 1394 2265 statuerunt
1428 2237 1467 2263 ut
1499 2230 1537 2262 in
1575 2228 1730 2262 abbatiis
1772 2240 1897 2262 eorum
1938 2227 2144 2274 theologice

266 2294 427 2328 studium
446 2294 651 2329 habeatur¹.
674 2297 766 2331 Cum
795 2297 915 2343 itaque
937 2298 1056 2331 dictus
1076 2297 1188 2332 abbas
1210 2309 1275 2344 pro
1292 2297 1400 2331 domo
1421 2295 1590 2330 Cistercii
1621 2295 1835 2340 magistrum
1862 2294 1906 2327 dc
1928 2294 2057 2327 ordine
2083 2300 2144 2328 tuo

266 2360 400 2395 habere
420 2362 542 2408 cupiat
568 2369 604 2396 et
628 2363 779 2397 scientia
807 2364 988 2410 preditum
1010 2371 1046 2398 ot
1065 2363 1262 2399 virtutibus
1289 2363 1518 2409 insignitum,
1543 2361 1774 2395 devotionem
1800 2367 1895 2394 tuam
1918 2372 2089 2406 rogamus
2110 2367 2146 2393 et

264 2426 453 2462 hortamur
480 2435 615 2463 attente
636 2442 701 2475 per
727 2430 926 2476 apostolica
948 2430 1013 2464 tibi
1041 2431 1174 2477 scripta
1204 2431 1430 2471 mandantes,
1459 2428 1629 2474 quatinus
1655 2439 1719 2473 pro
1746 2433 1867 2460 nostra
1890 2433 1926 2460 et
1944 2426 2144 2472 apostolice

264 2493 366 2528 sedis
400 2496 603 2529 reverentia
639 2496 755 2542 ipsius
789 2496 930 2531 abbatis
965 2497 1188 2531 desiderium
1224 2496 1368 2530 sublato
1402 2494 1624 2528 difficultatis
1658 2493 1847 2527 obstaculo
1880 2493 1916 2526 in
1945 2492 2010 2526 hac
2045 2499 2144 2539 parte

263 2560 449 2607 compleas
470 2573 535 2607 per
555 2562 735 2605 effectum,
758 2563 805 2597 ita
830 2563 929 2609 quod
950 2564 1028 2609 ipse
1049 2575 1089 2597 ac
1110 2563 1274 2609 ejusdem
1296 2563 1366 2596 loci
1386 2567 1590 2596 conventus
1611 2561 1646 2593 in
1668 2567 1701 2593 te
1728 2559 1902 2606 religiose
1922 2559 2144 2594 sinceritatis

265 2626 432 2661 affectum
468 2628 656 2663 invenisse
692 2629 887 2675 gaudeant,
918 2636 954 2663 et
982 2642 1050 2663 nos
1080 2630 1142 2676 qui
1172 2641 1301 2676 preces
1330 2627 1541 2674 hujusmodi
1568 2639 1648 2661 cum
1674 2626 1805 2660 fiducia
1840 2626 2047 2672 dirigimus,
2080 2625 2144 2659 tibi

265 2699 389 2739 grates
409 2694 541 2728 exinde
563 2696 775 2730 reseramus.
799 2698 877 2730 Dat.
901 2696 1071 2743 Lugduni
1093 2698 1126 2742 vj
1149 2696 1198 2730 id.
1219 2696 1392 2737 Januarii,
1416 2694 1647 2741 pontificatus
1668 2693 1783 2727 nostri
1804 2705 1899 2727 anno
1920 2693 2039 2727 tertio.

356 2791 494 2824 originale
514 2793 540 2818 in
560 2794 636 2818 Arcb.
654 2798 707 2819 nat.
725 2795 808 2819 Paris.
826 2795 853 2820 L.
871 2797 925 2825 245,
942 2801 971 2820 n⁰
989 2796 1043 2820 109.
1066 2795 1142 2819 Bulla
1163 2795 1289 2827 plumbi-a
1310 2794 1361 2818 mia
1382 2793 1493 2817 cannah.
1515 2792 1683 2825 appenditur.
1701 2806 1732 2810 —
1748 2791 1823 2815 Edita
1840 2792 1924 2816 Mem.
1940 2793 1973 2816 de
1993 2791 2021 2816 Ia
2037 2791 2097 2816 Soc.
2113 2792 2147 2815 de

263 2834 399 2862 emmiu-e
411 2838 446 2862 de
461 2837 549 2864 Paris
562 2842 588 2863 et
602 2840 636 2864 de
650 2839 895 2870 IIIa-de-France,
912 2841 941 2870 Χ,
958 2842 1012 2865 259.

359 2920 384 2946 1.
396 2920 562 2949 Bonis-cin.
575 2936 606 2941 —
621 2924 644 2948 2.
662 2924 726 2948 Vide
741 2933 823 2957 supra
841 2929 870 2949 n⁰
886 2926 940 2949 148.
