2580 3528
494 414 559 446 456
1073 418 1388 442 ann‘ruLAntum
1422 416 1612 439 UNtvuns.
1649 414 1778 436 Parus.
2267 404 2367 445 [1266

498 497 612 530 ruerit
632 496 868 536 amovendus,
896 507 967 540 quo
993 506 1077 527 casu
1102 493 1159 527 vel
1190 493 1221 525 si
1246 493 1338 525 forte
1351 491 1375 509 ²¹
1403 490 1554 523 decedat
1578 488 1635 522 vel
1661 488 1765 521 cedat
1790 499 1856 521 seu
1882 484 1999 521 actum
2021 487 2171 534 legendi
2198 484 2365 531 dimittat,

497 570 640 609 tempus
661 562 757 608 quod
780 562 824 595 de
843 561 1021 606 regimine
1043 560 1158 605 ipsius
1180 558 1373 604 supererit,
1396 567 1605 590 accrescere
1626 554 1796 588 volumus
1818 555 2038 588 successori.
2061 555 2227 600 Eligetur
2247 562 2366 588 autem

497 636 617 663 rector
637 629 767 662 unicus
788 641 805 661 a
827 634 980 673 quatuor
1001 625 1298 672 procuratoribus
1319 624 1512 657 nacionum
1532 622 1590 655 vel
1611 621 1692 654 aliis
1714 627 1868 666 quatuor
1889 633 2011 655 earum
2033 622 2219 672 magistris
2234 622 2367 667 juratis

497 696 697 729 secundum
719 702 880 728 tenorem
903 694 1024 727 statuti
1045 704 1156 737 super
1191 691 1259 724 hoc
1282 690 1417 723 dudum
1445 689 1533 722 editi
1545 689 1585 730 ”,
1613 688 1708 721 sicut
1733 688 1838 721 etiam
1864 700 1881 721 a
1907 687 2097 721 nonnullis
2121 688 2227 722 annis
2253 688 2371 722 extitit

496 762 739 796 observatum.
761 761 869 794 Nacio
891 767 1007 793 autem
1030 771 1095 792 seu
1120 758 1304 798 naciones,
1333 768 1402 801 que
1423 757 1524 801 juxta
1550 755 1789 800 prescriptam
1815 755 1965 788 formam
1992 766 2031 788 se
2056 754 2100 788 ab
2121 755 2202 788 aliis
2222 767 2368 801 separa-

495 829 624 869 verint,
648 828 680 860 ei
702 828 760 872 qui
783 834 866 860 tunc
887 826 953 858 erit
974 824 1229 858 Universitatis
1250 830 1369 856 rector
1390 829 1425 855 et.
1445 823 1489 855 de
1510 821 1591 855 aliis
1613 821 1828 855 nacionibus
1850 821 2030 867 originem
2052 821 2197 855 duxerit
2215 821 2367 855 obedire

497 895 728 939 separacione
756 894 907 926 durante
935 904 1007 924 non
1035 897 1225 924 teneantur
1252 890 1378 931 invite,
1408 901 1479 934 quo
1505 901 1591 922 casu
1620 895 1655 921 et
1681 888 1783 930 alias,
1813 888 2106 934 quandocunque
2132 888 2367 934 separacione

490 962 590 1006 juxta
626 960 819 1005 predictam
856 960 1004 992 formam
1041 964 1163 990 secuta
1197 956 1353 989 officium
1389 955 1544 989 rectoris
1580 955 1744 1000 expirare
1785 955 1995 1000 contigerit,
2031 954 2131 988 nulla
2167 967 2233 988 seu
2267 954 2367 988 nulle

496 1027 666 1060 naciones
688 1025 920 1070 separacione
947 1025 1098 1057 durante
1124 1030 1303 1057 rectorem
1330 1022 1481 1068 eligent,
1508 1022 1574 1055 sed
1600 1034 1723 1055 earum
1747 1021 1911 1067 quelibet
1935 1033 2000 1067 per
2025 1033 2107 1055 eum
2133 1034 2240 1067 quem
2265 1019 2368 1067 prius

495 1099 763 1138 procuratorem
795 1091 973 1131 habuerit,
1005 1103 1045 1123 ea
1075 1102 1145 1134 que
1174 1090 1219 1122 ad
1249 1089 1404 1122 officium
1439 1089 1594 1122 rectoris
1626 1089 1811 1134 pertinent
1844 1100 1925 1121 cum
1962 1100 2020 1121 res
2055 1088 2219 1134 exegerit
2251 1088 2369 1122 donec

495 1165 716 1192 restauretur
737 1158 822 1190 unio
844 1164 1053 1202 exequatur.

583 1225 748 1270 Amplius
777 1225 859 1269 quia
890 1224 1052 1257 nacionis
1082 1223 1302 1256 incertitudo
1338 1222 1451 1256 veluti
1486 1223 1699 1268 precipuum
1734 1222 1980 1255 dissensionis
2010 1222 2244 1255 seminarium
2274 1221 2371 1255 inter

495 1293 665 1326 naciones
698 1292 795 1337 ipsas
830 1297 966 1336 posset,
1002 1291 1095 1323 sicut
1128 1291 1218 1323 facta
1247 1290 1407 1323 recentia
1437 1301 1506 1323 nos
1539 1289 1706 1331 edocent,
1738 1301 1884 1335 gravem
1915 1289 2163 1322 contendendi
2192 1299 2370 1334 generare

495 1360 690 1399 materiam,
717 1370 784 1391 nos
806 1370 916 1403 super
936 1358 1004 1390 hoc
1026 1364 1245 1402 oportunum
1267 1356 1434 1390 volentes
1455 1356 1657 1389 remedium
1678 1355 1852 1389 adhibere
1874 1356 2066 1389 statuimus
2087 1362 2123 1389 et
2142 1355 2369 1397 ordinamus,

495 1427 636 1459 dicente
667 1425 831 1470 apostolo
859 1424 966 1457 finem
1001 1436 1082 1457 esse
1113 1424 1232 1456 omnis
1267 1424 1518 1457 controversie
1549 1424 1810 1468 juramentum,
1845 1429 1895 1464 ut,
1931 1423 2102 1468 quotiens
2137 1422 2182 1455 de
2216 1422 2370 1467 alicujus

494 1493 702 1526 bachellarii
724 1492 875 1524 nacione
898 1491 1093 1536 contigerit
1109 1490 1347 1536 probabiliter
1364 1489 1535 1531 dubitari,
1559 1496 1674 1523 stetur
1696 1490 1860 1535 ejusdem
1882 1489 2093 1522 bachellarii
2113 1489 2202 1533 (sive
2222 1489 2267 1522 de
2287 1500 2370 1534 pre-

495 1560 588 1592 dicta
618 1559 702 1592 villa
737 1559 780 1591 de
816 1558 952 1591 Vlliaco
988 1558 1095 1590 suerit
1127 1558 1203 1591 sive
1234 1558 1342 1590 etiam
1372 1557 1628 1602 undecumque
1663 1556 1801 1601 absque
1832 1556 2085 1589 retractatione
2115 1556 2245 1600 aliqua)
2269 1556 2370 1600 jura-

495 1633 630 1666 mento,
662 1625 706 1658 de
741 1637 808 1669 qua
840 1625 990 1657 nacione
1021 1625 1067 1657 sit
1095 1624 1153 1657 vel
1183 1625 1261 1657 sore
1292 1635 1331 1656 se
1361 1624 1497 1665 credat,
1528 1624 1632 1657 tactis
1664 1623 1908 1656 sacrosanctis
1939 1622 2140 1668 evangeliis
2170 1629 2205 1656 et
2232 1622 2370 1656 vocatis

496 1691 793 1737 procuratoribus
815 1692 1018 1731 nacionum,
1048 1691 1143 1724 inter
1163 1703 1252 1736 quas
1274 1703 1385 1736 super
1405 1690 1474 1724 hoc
1495 1691 1689 1724 contencio
1711 1691 1833 1731 suerit,
1856 1689 2075 1723 exhibendo.
2098 1691 2142 1722 Et
2161 1689 2230 1722 hoc
2249 1689 2369 1734 ipsum

496 1766 618 1792 contra
640 1759 840 1804 predictum
866 1759 1075 1803 magistrum
1097 1757 1299 1791 Johannem
1321 1758 1365 1790 de
1390 1757 1531 1791 Vlliaco
1558 1764 1593 1790 et
1618 1757 1709 1790 alios
1731 1757 1824 1790 duos
1845 1756 2087 1790 bachellarios
2108 1756 2178 1789 loci
2205 1756 2370 1801 ejusdem

496 1826 678 1871 predictos
712 1825 881 1858 volumus
917 1832 951 1858 et
984 1825 1206 1870 precipimus
1241 1825 1442 1859 observari.
1481 1825 1598 1870 Super
1632 1824 1778 1869 injuriis
1813 1831 1931 1857 autem
1966 1836 2010 1857 ex
2048 1823 2166 1869 ipsius
2205 1822 2371 1868 magistri

495 1892 669 1925 Johannis
697 1892 741 1924 de
768 1892 907 1925 Vlliaco
936 1899 970 1925 et
996 1893 1161 1937 magistri
1190 1892 1356 1925 canonici
1386 1891 1573 1925 Tullensis
1604 1891 1770 1937 captione
1801 1891 1937 1924 secutis
1967 1890 2184 1923 arbitramur
2212 1896 2247 1922 et
2273 1889 2371 1922 ordi-

497 1971 624 1991 namus
646 1959 743 2003 quod
764 1959 866 1992 nacio
892 1959 1126 1992 Picardorum
1153 1965 1325 2003 quantum
1352 1959 1389 1991 in
1416 1970 1454 1991 se
1482 1958 1593 1991 fuerit
1617 1956 1713 1991 bona
1738 1957 1810 1991 fide
1835 1969 1940 2003 opem
1966 1963 2001 1990 et
2021 1968 2167 2002 operam
2189 1956 2371 1989 efficacem

498 2025 675 2061 exhibeat,
699 2032 737 2058 ut
756 2026 918 2071 magistri
939 2026 1115 2059 Johannis
1137 2026 1308 2065 Fretel²³,
1337 2032 1371 2058 et
1395 2025 1572 2059 Johannis
1594 2025 1639 2058 de
1660 2026 1751 2070 Huy,
1781 2024 1962 2057 Robertus
1983 2035 2129 2069 quoque
2151 2030 2186 2056 et
2206 2025 2371 2056 Renerus

499 2092 650 2136 predicti
672 2099 836 2137 captores
858 2093 1000 2125 illorum
1024 2093 1176 2138 injurias
1197 2093 1295 2138 ipsas
1317 2093 1524 2133 emendent,
1544 2098 1693 2138 propter
1713 2091 1781 2125 hoc
1803 2091 1927 2124 limina
1948 2092 2057 2124 Beate
2078 2090 2190 2123 Marie
2206 2089 2372 2135 Virginis

499 2159 543 2191 de
565 2160 665 2204 Rupe
693 2160 861 2192 amatoris
888 2172 1041 2205 peregre
1072 2160 1266 2201 visitando,
1297 2166 1332 2192 et
1359 2159 1457 2204 quod
1485 2159 1535 2191 ibi
1563 2159 1700 2192 fuerint
1725 2159 1940 2192 auttenticas
1967 2157 2153 2190 afferendo
2173 2155 2313 2190 litteras
2333 2168 2372 2190 ac

499 2226 723 2270 procuratori
755 2227 917 2259 nacionis
948 2227 1172 2260 Gallicorum
1200 2227 1305 2259 etiam
1337 2226 1580 2259 ostendendo.
1614 2227 1682 2258 Det
1712 2225 1880 2258 similiter
1908 2237 2013 2270 opem
2042 2231 2077 2257 et
2104 2235 2250 2270 operam
2277 2223 2373 2256 bona

500 2291 569 2324 fide
600 2293 695 2336 quod
727 2293 957 2337 supradictus
988 2294 1161 2339 magister
1190 2281 1340 2338 Sigerus
1369 2305 1480 2338 super
1507 2293 1674 2338 captione
1702 2293 1819 2338 ipsius
1850 2292 2015 2337 magistri
2045 2291 2239 2324 Guillermi
2267 2289 2372 2323 tertia

502 2371 605 2391 manu
627 2371 666 2391 sc
688 2366 831 2404 purget,
853 2360 1014 2405 alioquin
1036 2360 1136 2405 ipsos
1162 2373 1180 2393 a
1206 2360 1392 2393 consortio
1420 2372 1485 2393 sue
1514 2360 1677 2393 nacionis
1704 2359 1883 2400 excludat,
1913 2371 1986 2391 non
2007 2359 2109 2404 prius
2130 2356 2373 2391 resumendos

501 2425 543 2457 ad
572 2425 661 2457 illud
687 2426 723 2457 in
749 2438 963 2471 quacunque
992 2427 1199 2459 studuerint
1225 2427 1406 2468 facultate,
1429 2439 1535 2471 quam
1558 2427 1746 2459 emendam
1776 2426 2003 2472 prestiterint
2028 2425 2079 2458 sic
2105 2425 2315 2469 injunctam,
2339 2429 2375 2456 et

504 2491 588 2523 dicti
614 2491 781 2536 sacrilegi
807 2492 850 2524 ab
877 2494 1260 2526 excommunicationis
1287 2494 1465 2526 sententia
1494 2506 1599 2538 quam
1628 2500 1778 2538 propter
1803 2492 2036 2537 sacrilegium
2065 2492 2117 2524 sic
2138 2490 2372 2524 commissum

505 2557 702 2589 incurrisse
733 2566 934 2591 noscuntur
963 2572 1002 2592 se
1033 2560 1099 2592 rite
1130 2561 1323 2593 docuerint
1349 2560 1550 2593 absolutos.
1579 2559 1782 2593 Articulum
1813 2566 1930 2592 autem
1962 2558 2007 2591 de
2036 2569 2189 2591 excessu
2219 2555 2374 2602 predicti

505 2621 651 2663 bedelli,
674 2635 753 2655 cum
775 2624 867 2656 circa
888 2625 1006 2669 ipsum
1027 2626 1168 2670 plenam
1191 2638 1263 2659 non
1284 2626 1585 2671 inquisiverimus
1606 2626 1806 2668 veritatem,
1829 2637 1902 2658 non
1924 2624 2207 2657 determinamus
2227 2622 2271 2655 ad
2292 2633 2375 2667 pre-

506 2699 604 2728 sens,
631 2689 694 2720 sed
725 2701 803 2720 eum
831 2691 1055 2723 ordinacioni
1081 2699 1116 2724 et
1139 2692 1288 2725 arbitrio
1315 2699 1441 2725 nostro
1473 2693 1510 2725 in
1538 2699 1724 2738 posterum
1751 2703 1993 2725 reservamus.
2021 2690 2112 2733 Quia
2137 2701 2224 2723 vero
2250 2695 2375 2721 contra

507 2754 691 2785 nacionem
722 2755 953 2788 Picardorum
981 2769 1090 2802 super
1117 2759 1376 2803 impedimento
1403 2760 1555 2804 prestito
1585 2759 1769 2804 magistris
1797 2757 1962 2791 nacionis
1989 2756 2175 2791 Gallicane
2202 2767 2247 2788 ne
2274 2755 2375 2800 lege-

507 2826 588 2852 rent
614 2820 650 2852 in
679 2821 841 2865 exequiis
870 2824 1086 2867 supradictis
1108 2831 1142 2857 et
1167 2825 1347 2858 ablatione
1369 2825 1545 2858 librorum
1575 2826 1620 2858 de
1647 2825 1814 2858 manibus
1840 2824 2051 2857 eorumdem
2080 2829 2116 2856 et
2142 2822 2186 2855 de
2213 2822 2374 2867 predicta

508 2885 703 2929 injectione
724 2899 891 2920 manuum
917 2889 1074 2922 violenta
1099 2891 1210 2923 nichil
1236 2892 1457 2925 sufficienter
1482 2892 1689 2926 invenimus
1714 2903 1797 2924 esse
1823 2890 2027 2936 probatum,
2054 2890 2168 2935 ipsam
2196 2888 2240 2922 ab
2261 2889 2375 2934 impe-

509 2952 641 2984 ticionc
673 2953 766 2985 dicte
797 2954 958 2987 nacionis
989 2955 1208 2989 Gallicorum
1241 2969 1351 3002 super
1380 2958 1448 2991 hoc
1480 2959 1648 2991 duximus
1678 2956 1950 2999 absolvendam,
1983 2956 2080 2990 salva
2110 2955 2228 2989 tamen
2256 2956 2373 2989 eidem
