2618 3640
1006 411 1302 434 INTRODUCTIO.
2015 414 2095 436 ΧΧΧΙ

212 495 326 532 fronte
344 499 448 532 notae
463 494 669 544 principalis
684 494 831 542 positus.
851 495 1151 543 Orthographiam
1168 494 1282 542 ipsam
1299 495 1611 540 documentorum,
1629 496 1692 532 etsi
1709 496 1969 533 inconstantem
1987 498 2097 534 mobi-

213 567 359 615 lemque
373 571 411 603 ut
427 578 470 603 eo
489 571 651 615 tempore
666 566 816 611 solebat,
841 566 1066 603 retinuimus.

312 639 402 674 Cum
431 638 574 674 chartas
602 637 698 686 apud
713 637 896 674 Bulaeum
918 638 993 686 jam
1017 637 1178 686 vulgatas
1197 649 1238 674 ex
1263 637 1515 686 manuscriptis
1538 639 1755 683 recudimus,
1784 639 1899 675 solum
1924 640 2095 676 Bulaeum

213 709 412 754 citavimus,
428 709 567 746 etiamsi
583 710 678 757 apud
691 709 781 745 alios
797 720 941 757 quoque
960 708 1158 757 impressae
1177 709 1426 753 inveniuntur;
1446 709 1482 744 in
1496 710 1546 745 eis
1565 714 1684 746 autem
1697 722 1787 757 quae
1800 722 1820 746 a
1834 711 1967 747 Bulaeo
1979 712 2099 759 ignota

213 780 308 828 apud
327 780 417 818 alios
431 780 607 829 impressa
619 781 858 829 reperiuntur,
876 781 921 816 ad
941 792 1050 828 opera
1065 780 1226 816 omnium
1244 781 1451 829 gravissima
1470 781 1623 818 lectores
1645 782 1846 818 remisimus
1859 781 1888 826 ';
1911 795 2095 831 nunquam

213 855 333 888 tamen
354 851 556 888 curavimus
574 852 705 889 talibus
718 852 754 887 in
768 851 907 888 casibus
925 852 1019 888 varia
1035 851 1142 888 verba
1157 852 1303 897 reterre,
1324 852 1457 901 quippe
1479 865 1570 900 quae
1590 852 1681 889 nihil
1701 853 1863 889 utilitatis
1879 855 2093 891 attulissent.

211 924 302 960 Raro
318 922 363 960 ab
378 923 559 972 impressis
575 927 713 960 tantum
729 923 830 960 libris
847 923 1063 960 documenta
1079 924 1235 960 mutuari
1252 923 1354 960 nobis
1369 924 1530 973 contigit,
1549 928 1602 961 ter
1616 937 1657 961 ex
1674 925 1750 961 solo
1768 925 1913 962 Bulaeo.

302 994 415 1035 Multa
430 994 466 1030 in
482 995 574 1031 notis
589 994 632 1031 ad
647 994 899 1043 explicandum
916 998 1051 1030 textum
1065 995 1322 1043 congessimus.
1343 995 1397 1032 lbi
1414 996 1530 1033 sontes
1545 996 1720 1044 plurimos
1731 1000 1765 1033 et
1776 997 2097 1035 demonstrationes

209 1077 294 1102 cum
318 1066 427 1102 rebus
449 1066 485 1102 in
507 1069 604 1103 textu
630 1066 746 1102 allatis
765 1066 999 1103 cohaerentes
1020 1067 1344 1111 accumulavimus;
1370 1079 1512 1116 semper
1529 1072 1647 1105 tamen
1663 1069 1756 1105 inter
1770 1070 1984 1106 constitutos
2005 1070 2096 1106 fines

207 1141 301 1174 stare
319 1138 438 1174 conati
456 1149 593 1174 sumus.

1113 1237 1187 1277 IV

306 1361 530 1396 Documenta
559 1359 717 1407 primum
749 1359 943 1407 orzjqinalia,
977 1372 1041 1396 seu
1072 1360 1296 1396 authenticas
1326 1361 1482 1405 chartas,
1515 1362 1669 1410 reperire
1706 1362 1741 1398 in
1771 1375 1814 1400 eo
1842 1374 1948 1411 opere
1987 1377 2094 1401 curae

209 1429 417 1475 habuimus,
449 1430 636 1478 multaque
669 1442 690 1466 a
725 1430 832 1467 nobis
870 1431 1011 1467 inventa
1040 1443 1116 1468 esse
1149 1435 1221 1468 tam
1260 1432 1304 1468 de
1334 1432 1565 1469 [finiversitate
1594 1434 1671 1481 ipsa
1700 1446 1806 1481 quam
1841 1435 1884 1471 de
1916 1436 2090 1484 collegiis,

208 1501 476 1550 Ordinibusque
494 1501 672 1550 religiosis
690 1502 804 1539 lector
822 1484 974 1550 quilibet
994 1503 1155 1539 cruditus
1178 1503 1358 1539 fatebitur.
1382 1505 1515 1540 Eorum
1532 1505 1687 1541 maxima
1709 1517 1789 1553 pars
1808 1511 2038 1543 conservatur
2058 1509 2094 1543 in

204 1572 360 1610 Archivo
378 1573 557 1610 Nationali
573 1573 777 1618 Parisiensi,
795 1574 909 1610 multo
928 1574 1047 1611 minor
1060 1575 1097 1610 in
1113 1575 1267 1611 Archivo
1283 1575 1527 1612 Universitatis
1544 1575 1651 1625 (nunc
1667 1577 1881 1623 Sorbonae),
1900 1578 1962 1614 ubi
1981 1591 2094 1627 paene

205 1642 327 1680 omnia
344 1643 582 1681 instrumenta
602 1656 693 1692 quae
713 1645 758 1681 ad
778 1645 1049 1682 Universitatem
1068 1646 1247 1694 pertinent
1268 1646 1356 1683 olim
1374 1647 1617 1684 servabantur.
1641 1649 1731 1684 Sunt
1752 1649 1858 1685 etiam
1883 1649 1920 1685 in
1940 1651 2093 1688 Archivo

204 1715 452 1753 Universitatis
475 1716 633 1764 Registra
654 1717 726 1753 sive
750 1717 951 1754 lnventaria
967 1717 1052 1761 duo,
1081 1718 1224 1755 sacculo
1245 1719 1345 1756 XVlI
1371 1719 1515 1767 scripta,
1537 1719 1838 1756 documentorum
1865 1721 2092 1770 originalium

207 1786 333 1835 (Arch.
356 1787 459 1824 Univ.
484 1789 568 1836 Reg.
588 1790 649 1831 97,
671 1789 732 1833 98)
754 1800 799 1824 ex
821 1788 953 1836 quibus
973 1789 1152 1837 quaedam
1172 1789 1369 1837 deperiisse
1384 1791 1436 1827 vel
1453 1791 1573 1827 adhuc
1592 1792 1736 1839 penitus
1756 1792 1867 1828 latere
1883 1793 2089 1839 edocemur,

205 1859 346 1895 tametsi
367 1858 516 1895 verbum
538 1874 554 1892 «
578 1859 677 1896 deest
696 1875 710 1893 υ
738 1860 775 1895 in
796 1861 956 1909 margine
975 1861 1178 1909 appositum
1204 1862 1364 1910 jacturas
1382 1862 1457 1907 jam
1479 1863 1644 1911 antiquas
1666 1875 1744 1899 esse
1766 1863 1957 1912 significat.
1980 1866 2093 1902 Multa

203 1929 395 1978 originalia
405 1929 637 1975 documenta,
653 1931 858 1979 specialiter
870 1931 1020 1969 Ordines
1035 1932 1221 1981 religiosos
1232 1932 1473 1980 respicientia,
1484 1945 1528 1970 ex
1540 1934 1620 1970 aliis
1634 1934 1819 1971 tabulariis
1832 1937 2088 1983 protraximus,

203 2000 416 2037 nominatim
439 2001 581 2039 Divioni
611 2002 735 2050 (Arch.
755 2003 800 2040 de
822 2003 856 2039 la
880 2003 1099 2049 Cote-d’Or),
1125 2005 1245 2041 Trecis
1272 2005 1394 2053 (Arch.
1423 2005 1467 2042 de
1491 2005 1649 2054 l'Aube),
1680 2006 1858 2043 Massiliae
1879 2008 2000 2056 (Arch.
2030 2008 2091 2045 des

205 2072 611 2121 Bouches-du—RhOne)
619 2102 626 2109 .
2083 2128 2085 2130 Ι

300 2144 452 2192 Reqesta
471 2157 696 2182 summorum
714 2146 927 2183 Pontificum
949 2146 985 2182 in
1005 2147 1160 2184 Archivo
1175 2147 1349 2184 Vaticano
1374 2152 1511 2185 servata
1529 2149 1651 2185 multis
1676 2150 1915 2194 documentis,
1935 2162 2088 2199 quorum

201 2214 287 2252 alibi
302 2215 358 2252 vix
373 2216 559 2264 vestigium
573 2221 710 2262 manet,
729 2217 866 2263 repleta
879 2221 975 2254 sunt.
992 2220 1146 2267 Regesta
1160 2219 1314 2267 Philippi
1331 2220 1482 2268 Augusti
1494 2220 1531 2256 in
1548 2220 1640 2256 Bibl.
1661 2222 1738 2257 Nat.
1753 2221 1863 2257 Paris.
1887 2222 1958 2266 (lat.
1974 2223 2084 2270 9778)

202 2289 238 2322 et
258 2286 402 2323 Archiv.
424 2288 502 2323 Nat.
529 2288 594 2328 (JJ.
620 2289 681 2335 26)
701 2288 804 2325 nobis
822 2289 920 2325 utilia
942 2289 1085 2326 fuerunt
1102 2294 1279 2337 quantum
1295 2291 1341 2327 ad
1362 2291 1531 2327 Ludovici
1550 2293 1593 2327 IX
1613 2295 1783 2335 aetaten1;
1804 2297 1926 2328 contra
1943 2295 2090 2341 Regesta

204 2357 373 2394 Ludovici
389 2359 435 2393 lX
456 2357 493 2393 in
515 2359 624 2395 Arch.
645 2361 724 2395 Nat.
747 2359 814 2406 (JJ.
839 2361 898 2404 30,
921 2362 981 2404 31,
999 2360 1056 2409 34)
1073 2361 1165 2396 nihil
1185 2361 1414 2411 profuerunt.

301 2429 351 2464 Ex
370 2427 606 2466 chartulariis
620 2430 802 2467 Ecclesiae
819 2431 1030 2467 Parisiensis
1044 2432 1200 2480 plurima
1213 2432 1516 2480 deprompsimus,
1533 2445 1686 2480 quorum
1702 2434 1979 2482 descriptionem
1993 2436 2089 2483 apud

204 2499 361 2535 Guerard
379 2499 512 2543 (Chart.
537 2501 581 2537 de
600 2502 643 2537 N.
672 2503 715 2537 D.
737 2501 782 2538 de
802 2502 912 2546 Paris,
939 2503 966 2547 Ι,
990 2515 1000 2538 1
1022 2503 1118 2550 sqq.)
1142 2503 1366 2539 luculentam
1392 2504 1560 2540 invenies.
1587 2504 1685 2540 Adeo
1709 2509 1895 2541 accuratus
1916 2507 2087 2543 Guerardi

205 2569 310 2606 labor
340 2574 379 2607 ut
408 2571 641 2608 membranae
669 2572 713 2609 de
742 2584 832 2609 novo
862 2573 1011 2610 collatae
1041 2574 1094 2610 vix
1124 2585 1233 2629 unam
1263 2574 1439 2611 diversam
1472 2575 1664 2612 lectionem
1694 2576 1945 2624 praebuerint;
1981 2578 2087 2614 etiam

204 2641 395 2688 quaedam,
414 2654 506 2690 quae
522 2642 610 2679 sorte
628 2655 672 2679 ex
693 2643 867 2680 industria
887 2644 1068 2689 omiserat,
1088 2645 1124 2680 in
1140 2649 1262 2682 nostro
1277 2646 1460 2682 volumine
1477 2646 1574 2683 edita
1589 2651 1685 2683 sunt.
1909 2641 1917 2646 ⁸

303 2713 344 2748 ln
360 2712 482 2750 multis
503 2714 735 2750 Charmlariis
755 2715 947 2752 domorum
965 2715 1211 2764 religiosarum
1227 2728 1267 2753 ea
1283 2728 1374 2765 quae
1398 2717 1443 2753 ad
1459 2717 1731 2754 Universitatem
1749 2723 1951 2767 spectarent
1966 2720 2087 2768 inqui-

204 2768 363 2826 sivimus,
378 2784 442 2820 sed
459 2796 573 2832 pauca
588 2797 652 2822 nos
667 2786 894 2834 adjuverunt,
914 2791 950 2823 ut
968 2787 1233 2824 Chartularium
1248 2789 1280 2824 S.
1297 2788 1480 2825 Benedicti
1502 2789 1738 2826 Floriacensis
1757 2790 1881 2837 (Arch.
1895 2791 1940 2826 dn
1955 2791 2084 2836 Loiret,

301 2906 313 2931 1
342 2907 464 2933 Fortasse
478 2908 575 2941 aliquis
587 2908 730 2934 mirabitur
742 2918 794 2934 non
807 2910 967 2935 mentionem
984 2911 1041 2936 fleri
1058 2919 1162 2944 operum
1179 2911 1285 2936 Honorii
1302 2911 1338 2935 111
1350 2911 1382 2936 ab
1398 2911 1495 2936 Honov
1508 2911 1652 2943 editorum
1670 2914 1698 2937 at
1714 2921 1771 2937 cum
1787 2913 1939 2938 documenta
1956 2914 1981 2938 in
1999 2916 2087 2938 nostro

203 2950 373 2976 chartulario
389 2959 419 2976 ex
436 2953 560 2984 Regestis
575 2953 641 2986 ipsis
654 2954 775 2980 Vaticani
789 2955 896 2987 vulgata
913 2955 976 2986 sint,
991 2963 1180 2988 supervacuum
1195 2957 1252 2980 erat
1266 2955 1405 2981 editionem
1422 2964 1452 2981 ex
1469 2957 1626 2989 apographis
1641 2965 1729 2982 eorum
1745 2957 1771 2981 in
1787 2957 1855 2982 Bibl.
1868 2957 1927 2982 Nat.
1946 2958 2086 2983 Parisiensi

203 2995 312 3020 sex-vatis
329 2996 414 3021 citari.

2262 1365 2368 1390 Fontes.
