2618 3640
237 728 278 766 1.
301 736 470 764 Alexander
489 738 538 764 III
550 737 657 764 statuit
675 737 704 763 in
726 736 851 764 Concilio
874 737 1039 772 Turonensi,
1063 740 1094 762 ut
1112 736 1209 763 nullus
1229 736 1342 762 omnino
1359 739 1428 773 post
1447 739 1538 762 votum
1557 735 1707 771 religionis
1722 739 1751 762 et
1764 739 1834 772 post
1846 737 1958 770 factam
1975 737 2003 762 in
2019 736 2118 773 aliquo

321 786 456 822 religioso
471 786 533 813 loco
543 786 755 823 professionem
770 786 811 812 ad
821 786 973 823 physicam
988 785 1097 821 legesve
1113 785 1278 812 mundanas
1293 785 1432 821 legendas
1444 786 1633 822 permittatur
1647 786 1735 812 exire.

1515 889 1588 918 1163,
1603 889 1666 914 Maii
1677 889 1716 918 19,
1735 889 1829 915 Turoni.

321 979 348 1023 (5
365 979 410 1023 1.)
426 979 508 1012 Non
527 990 750 1024 magnopere
767 978 907 1023 antiqui
923 977 1041 1011 hostis
1056 977 1193 1011 invidia
1207 977 1348 1011 infirma
1369 977 1531 1011 membra
1550 978 1706 1011 ecclesie
1726 978 1944 1024 precipitare
1965 977 2117 1020 laborat,

233 1045 299 1080 sed
328 1057 474 1079 manum
507 1045 616 1078 mittit
648 1045 692 1078 ad
720 1044 980 1078 desiderabilia
1010 1045 1090 1090 ejus
1125 1051 1161 1078 et
1192 1044 1330 1078 electos
1365 1057 1511 1090 quoque
1541 1045 1669 1078 nititur
1706 1045 1940 1091 supplantare
1975 1045 2119 1079 dicente

233 1113 414 1159 scriptura
437 1124 444 1145 :
472 1113 566 1146 Esca
591 1113 672 1157 ejus
698 1111 838 1145 electi¹.
868 1111 1067 1145 Multorum
1093 1112 1276 1157 siquidem
1301 1124 1424 1145 casum
1452 1112 1596 1158 operari
1622 1124 1661 1146 se
1687 1119 1805 1158 putat,
1830 1112 1894 1146 ubi
1920 1113 2120 1158 pretiosius

233 1179 381 1225 aliquod
401 1178 605 1213 membrum
622 1178 778 1212 ecclesie
799 1191 864 1212 sua
884 1179 995 1212 suerit
1014 1178 1210 1212 calliditate
1236 1179 1450 1212 detractum.
1478 1181 1522 1212 Et
1546 1179 1632 1212 inde
1664 1179 1835 1213 nimirum
1862 1186 1935 1222 est,
1959 1180 2057 1225 quod
2083 1180 2120 1213 in

233 1246 404 1293 angelum
425 1245 519 1280 lucis
540 1258 581 1280 se
601 1258 703 1279 more
725 1245 834 1279 solito
861 1245 1128 1291 transfigurans
1159 1246 1228 1279 sub
1255 1245 1407 1279 obtentu
1439 1246 1692 1292 languentium
1724 1247 1875 1280 fratrum
1901 1247 2120 1280 consulendi

232 1312 451 1359 corporibus
478 1312 787 1346 et‘ecclesiastica
815 1313 962 1358 negotia
989 1312 1136 1346 fidelius
1164 1313 1408 1358 pertractandi
1441 1313 1631 1359 regulares
1662 1314 1839 1359 quosdam
1869 1314 1914 1347 ad
1943 1314 2120 1360 legendas

232 1379 336 1426 leges
357 1386 393 1413 et
412 1380 662 1413 confectiones
688 1379 895 1425 physicales
920 1373 1177 1425 ponderandas
1198 1379 1243 1412 de
1268 1379 1438 1413 claustris
1464 1380 1541 1413 suis
1567 1381 1701 1413 educit.
1725 1381 1831 1414 Unde
1855 1393 1900 1414 ne
1927 1381 1996 1414 sub
2018 1393 2120 1414 occa-

233 1446 337 1480 sione
354 1446 507 1480 scientie
523 1446 734 1492 spirituales
752 1446 818 1479 viri
835 1446 1030 1479 mundanis
1047 1458 1177 1479 rursus
1193 1446 1399 1480 actionibus
1416 1446 1648 1480 involvantur
1662 1454 1698 1480 et
1712 1447 1750 1480 in
1766 1447 2005 1481 interioribus
2022 1460 2065 1481 ex
2077 1460 2119 1481 eo

231 1513 313 1559 ipso
330 1513 513 1555 deficiant,
530 1525 574 1546 ex
595 1525 667 1559 quo
684 1525 724 1546 se
741 1513 822 1546 aliis
843 1519 971 1559 putant
989 1513 1026 1546 in
1043 1513 1289 1547 exterioribus
1308 1514 1517 1559 providere,
1535 1514 1580 1547 de
1602 1515 1786 1560 presentis
1802 1526 1957 1548 assensu
1974 1515 2121 1548 concilii

232 1580 443 1623 statuimus,
469 1587 510 1614 ut
533 1580 626 1613 nulli
651 1580 801 1613 omnino
827 1587 912 1626 post
934 1587 1058 1614 votum
1085 1580 1279 1626 religionis
1305 1588 1342 1614 et
1365 1588 1450 1627 post
1472 1582 1600 1614 factam
1626 1582 1663 1614 in
1689 1581 1810 1627 aliquo
1836 1581 1918 1615 loco
1944 1582 2120 1628 religioso

232 1647 501 1694 professionem
521 1647 567 1680 ad
588 1647 774 1694 physicam
795 1647 945 1693 legesve
967 1647 1169 1681 mundanas
1190 1648 1367 1694 legendas
1384 1649 1639 1694 permittantur
1660 1649 1772 1682 exire.
1803 1649 1840 1682 Si
1855 1661 1943 1683 vero
1967 1649 2123 1683 exierint

232 1720 269 1748 et
287 1714 332 1748 ad
350 1713 550 1748 claustrum
571 1726 678 1748 suum
700 1715 792 1747 infra
818 1715 974 1747 duorum
996 1715 1178 1748 mensium
1204 1715 1360 1761 spatium
1386 1728 1459 1748 non
1486 1716 1681 1758 redierint,
1704 1716 1800 1749 sicut
1819 1717 2120 1750 excommunicati

230 1780 275 1814 ab
304 1780 476 1814 omnibus
506 1781 689 1815 evitentur
719 1788 755 1815 et
783 1782 820 1814 in
851 1781 950 1815 nulla
980 1794 1111 1824 causa,
1142 1782 1173 1815 si
1204 1783 1446 1828 patrocinium
1476 1790 1640 1829 prestare
1674 1783 1878 1826 voluerint,
1913 1784 2118 1817 audiantur.

231 1848 382 1882 Reversi
402 1854 522 1882 autem
543 1848 581 1881 in
601 1848 729 1890 choro,
751 1848 931 1895 capitulo,
958 1861 1083 1882 mensa
1105 1856 1141 1882 et
1160 1850 1293 1883 ceteris
1315 1849 1433 1883 ultimi
1453 1850 1604 1883 fratrum
1626 1862 1772 1896 semper
1793 1851 1966 1892 existant,
1993 1857 2029 1884 et
2049 1851 2120 1884 nisi

230 1915 322 1948 forte
339 1927 383 1948 ex
399 1915 652 1949 misericordia
673 1915 774 1949 sedis
794 1916 995 1962 apostolice
1016 1917 1129 1950 totius
1150 1929 1252 1962 spem
1275 1917 1517 1963 promotionis
1538 1918 1712 1951 amittant.

323 2013 417 2043 nansi,
432 2013 568 2045 Ampliss.
584 2014 647 2039 coll.
660 2014 771 2044 concil„
781 2015 833 2038 vol.
846 2015 910 2044 XXI,
927 2015 996 2039 1179.
1010 2015 1124 2046 Gompil.
1135 2015 1159 2045 Ι,
1175 2024 1196 2039 c.
1209 2016 1232 2044 2,
1248 2024 1280 2039 ne
1294 2016 1383 2039 clerici
1398 2015 1430 2048 (3,
1447 2016 1486 2049 37)
1501 2016 1528 2039 in
1544 2016 1607 2040 Cod.
1618 2017 1674 2040 Vat.
1688 2017 1733 2040 lat.
1751 2017 1820 2041 1377.
1837 2016 1900 2040 cod.
1917 2017 2047 2048 Burghes.
2064 2017 2118 2043 264.

230 2058 342 2082 Abbi-ev.
363 2058 391 2082 in
409 2059 431 2082 X
450 2067 472 2083 c.
493 2060 509 2082 3
528 2059 554 2083 h.
575 2062 594 2083 t.
617 2059 649 2090 (3,
671 2059 718 2092 50).
741 2060 811 2083 Haec
830 2060 974 2084 Decretalis
995 2068 1055 2083 cum
1075 2060 1135 2084 aliis
1155 2061 1221 2084 actis
1241 2061 1346 2084 concilii
1366 2061 1527 2085 Turonensis
1548 2061 1677 2093 repetitur
1697 2062 1723 2085 in
1743 2062 1894 2094 Appendice
1919 2062 1952 2085 ad
1973 2062 2119 2085 Concilium

229 2103 404 2127 Lateranense
423 2103 470 2132 ΙΙΙ,
490 2112 517 2135 p.
533 2111 617 2133 xxvn,
634 2112 655 2128 c.
673 2105 687 2128 2
706 2104 801 2136 (Mansi
820 2105 898 2134 XXII,
915 2105 971 2137 373)
995 2113 1055 2128 cum
1070 2105 1120 2129 hac
1139 2105 1308 2129 conclusione
1324 2114 1329 2129 ·.
1348 2114 1360 2129 «
1376 2106 1502 2138 Episcopi
1522 2115 1593 2135 vero,
1615 2106 1734 2134 abbates,
1754 2107 1858 2138 priores
1877 2109 1949 2130 tante
1968 2106 2119 2130 enormitati

229 2147 420 2172 consentientes
436 2151 462 2172 et
475 2157 528 2172 non
542 2146 705 2181 corrig‘entes
722 2149 870 2182 spolientur
884 2150 1002 2182 propriis
1017 2150 1163 2174 honoribus
1179 2154 1205 2174 et
1219 2151 1253 2174 ab
1268 2151 1377 2175 ecclesie
1391 2151 1529 2174 liminibus
1545 2155 1685 2175 arceantur
1701 2160 1723 2176 1).
1741 2152 1777 2175 De
1791 2152 1843 2176 istu
1858 2152 1987 2176 Decretnli
2007 2152 2119 2184 repetita

229 2191 289 2216 vide
302 2192 373 2216 intra
387 2195 463 2225 parte
478 2193 500 2217 1.
512 2201 538 2217 n.
551 2193 581 2217 19
596 2193 695 2218 Concil.
707 2194 791 2218 Paris.
808 2194 870 2218 unni
886 2195 955 2219 1213.
973 2195 1104 2219 Honorius
1120 2196 1157 2219 111
1177 2204 1225 2219 suu
1240 2195 1337 2219 celebri
1351 2196 1538 2220 constitutione
1552 2205 1562 2220 «
1575 2197 1660 2228 Super
1675 2197 1811 2228 speculam
1823 2205 1834 2220 »
1851 2197 1974 2228 superius
1991 2197 2118 2229 scriptam

229 2236 391 2261 Dect-etalem
406 2238 438 2261 de
452 2237 534 2262 verbo
548 2238 582 2262 ad
597 2238 710 2262 verbum
724 2241 806 2263 resert
820 2247 836 2263 a
851 2248 864 2263 «
880 2240 1027 2263 claustrum
1042 2248 1121 2264 suum
1135 2240 1205 2264 infra
1221 2249 1233 2263 »
1250 2249 1334 2273 usque
1348 2241 1375 2264 in
1391 2241 1478 2264 finem.

325 2308 347 2332 1.
364 2308 430 2332 Hah.
447 2309 470 2338 1,
487 2309 518 2333 16
533 2309 631 2333 :cibus
646 2310 703 2342 ejus
718 2311 826 2334 electus.

230 2502 275 2539 2.
298 2511 467 2538 Alexander·
485 2513 534 2538 III
553 2513 668 2548 Hugoni
686 2514 820 2550 episcopo
842 2515 1043 2541 Sues-sionensi
1066 2516 1151 2542 Ram.
1184 2515 1421 2542 archidiaconum
1445 2515 1687 2542 Sarisberiensem
1712 2517 1839 2543 Parisiis
1869 2525 1986 2553 operam
2009 2517 2116 2544 studiis

319 2560 455 2587 daturum
470 2561 658 2588 commendat.

1489 2629 1562 2659 1164,
1577 2629 1638 2655 dulit
1650 2629 1696 2659 26,
1713 2629 1826 2656 Senoms.

318 2711 527 2746 Alexander
565 2713 764 2759 episcopus
809 2726 939 2748 servus
979 2726 1170 2748 servorum
1206 2716 1272 2748 Dei
1308 2715 1508 2749 venerabili
1542 2717 1643 2750 fratri
1675 2717 1822 2763 Hugoni
1854 2717 2112 2751 Suessionensi

230 2777 404 2823 episcopo
426 2778 580 2813 salutem
601 2787 638 2814 et
656 2780 893 2826 apostolicam
919 2781 1227 2816 benedictionem.
1251 2782 1415 2816 Dilectus
1435 2783 1534 2817 filius
1555 2790 1682 2817 noster
1702 2784 1803 2817 Rain.
1827 2783 2113 2818 Salesbericnsis

229 2843 509 2880 archidiaconus
530 2847 692 2881 Parisius
718 2860 758 2882 se
780 2861 916 2882 moram
937 2849 1144 2883 habiturum
1167 2849 1368 2895 disposuit,
1390 2857 1426 2884 et
1445 2850 1496 2883 ibi
1517 2851 1639 2884 studio
1664 2850 1865 2885 litterarum
1891 2852 1934 2885 ad
1960 2863 2113 2897 presens

227 2922 368 2945 vacare.
391 2912 485 2956 Quia
505 2925 592 2948 vero
614 2926 680 2960 pro
702 2926 765 2949 sua
788 2915 968 2962 probitate
988 2916 1096 2951 nobis
1118 2929 1224 2950 carus
1246 2924 1300 2951 est
1322 2917 1518 2963 plurimum
1540 2924 1576 2952 et
1590 2925 1775 2964 aceeptus,
1797 2931 1878 2952 eum
1899 2918 2112 2952 fraternitati

229 2983 308 3020 tue,
335 2978 381 3012 de
406 2991 476 3025 qua
506 2980 649 3026 plenam
675 2981 844 3016 fiduciam
875 2983 1102 3026 obtinemus,
1135 2985 1357 3030 propensius
1382 2985 1697 3028 commendamus,
1724 2992 1895 3031 rogantes
1921 2985 2110 3026 attenti11S‚
