2580 3528
485 410 550 443 546
1065 414 1383 439 cina-ruminum
1419 412 1609 435 umvssns.
1647 411 1775 433 PARIS.
2056 437 2058 439 v
2259 401 2356 442 [1277

486 493 604 534 Unde,
636 493 667 525 si
698 504 770 525 non
798 499 896 525 esset
925 503 1069 532 sensus,
1101 491 1192 523 sorte
1207 489 1228 506 ³¹
1263 487 1470 520 intellectus
1500 498 1573 518 non
1603 485 1849 530 distingueret
1877 485 1973 518 inter
2002 485 2184 518 Socratem
2215 490 2251 517 et
2279 484 2358 518 Pla-

486 567 620 600 tonem,
650 559 735 591 licet
761 559 1005 603 distingueret
1032 558 1126 590 inter
1152 556 1334 588 hominem
1364 561 1399 586 ct
1424 553 1578 586 asinum.
1602 551 1722 585 Tertia
1749 558 1806 584 est
1832 551 1923 585 ordo
1948 563 2056 584 cause
2082 551 2126 584 ad
2151 557 2356 592 causatum3

487 626 704 671 prescientia
735 625 828 657 enim
862 625 981 657 divina
1012 630 1068 656 est
1096 634 1202 655 causa
1233 620 1439 654 necessaria
1467 618 1722 664 prescitorum.
1755 619 1888 661 Quarta
1918 624 1975 651 est
2003 618 2093 651 ordo
2127 617 2280 651 scientie
2314 617 2358 650 ad

488 693 636 733 scitum,
660 692 823 737 quamvis
844 691 940 723 enim
962 690 1111 723 scientia
1138 701 1210 721 non
1237 688 1284 720 sit
1309 698 1416 720 causa
1442 686 1537 727 sciti,
1564 697 1607 718 ex
1633 697 1705 730 quo
1731 691 1848 718 tamen
1874 685 2002 726 scitur,
2028 684 2290 718 determinatur
2314 684 2358 718 ad

488 759 632 792 alteram
656 765 789 804 partein
813 757 1131 796 contradictionis,
1155 762 1190 787 et
1210 755 1277 787 hoe
1299 754 1412 786 inulto
1434 753 1550 798 magis
1571 752 1608 784 in
1630 752 1781 785 scientia
1802 751 1936 793 divina,
1959 763 2065 797 quam
2087 758 2222 785 nostra.

577 827 630 859 43.
658 825 763 868 Quod
784 825 937 869 primum
959 822 1177 868 principium
1199 833 1271 853 non
1293 826 1414 865 potest
1434 831 1516 852 esse
1538 830 1645 852 causa
1666 818 1895 852 diversorum
1916 819 2091 851 factorum
2113 817 2170 851 hic
2191 818 2357 860 inferius,

488 893 556 925 nisi
587 891 829 924 mediantibus
856 890 936 923 aliis
964 889 1096 929 causis,
1127 900 1169 920 co
1198 887 1296 932 quod
1322 886 1460 919 nullum
1491 892 1736 919 transmutans
1761 885 2007 918 diversimode
2033 891 2259 925 transmutat,
2287 884 2359 918 nisi

487 964 773 991 transmutatum.
1767 942 1769 944 ¹

575 1026 628 1057 44.
656 1024 761 1067 Quod
782 1023 825 1056 ab
847 1035 919 1055 uno
941 1023 1056 1067 primo
1078 1028 1207 1067 agente
1230 1033 1302 1053 non
1324 1027 1442 1065 potest
1465 1032 1546 1053 esse
1569 1019 1762 1053 multitudo
1785 1019 1990 1052 effectuum.

575 1092 627 1123 45.
656 1090 760 1133 Quod
792 1090 945 1134 primuni
978 1088 1193 1134 principium
1226 1099 1299 1120 non
1333 1094 1388 1120 est
1417 1087 1563 1132 propria
1593 1098 1700 1119 causa
1735 1093 1957 1126 eternorum,
1993 1085 2065 1119 nisi
2099 1085 2358 1131 metaphorice,

486 1158 567 1203 quia
589 1164 780 1190 conservat
800 1169 852 1197 ea,
876 1157 911 1189 id
933 1163 1000 1191 est.
1024 1156 1118 1200 quia,
1142 1155 1214 1187 nisi
1234 1161 1344 1195 esset,
1367 1166 1407 1187 ea
1428 1166 1501 1187 non
1522 1160 1659 1187 essent.

574 1226 627 1258 46.
655 1224 774 1267 Quod,
805 1224 898 1256 sicut
928 1235 969 1256 ex
1000 1223 1147 1255 materia
1177 1234 1250 1254 non
1280 1228 1400 1266 potest
1429 1221 1566 1266 aliquid
1597 1220 1675 1254 fieri
1704 1220 1783 1254 sine
1814 1227 1958 1266 agente,
1988 1220 2035 1253 ita
2062 1231 2129 1253 nec
2159 1231 2203 1252 ex
2229 1225 2359 1265 agente

486 1298 603 1336 potest
625 1291 761 1336 aliquid
782 1291 861 1323 fieri
882 1291 961 1323 sine
982 1289 1149 1330 materia3
1173 1295 1221 1330 et,
1243 1288 1342 1333 quod
1363 1289 1462 1321 Deus
1484 1300 1557 1321 non
1578 1294 1634 1321 est
1654 1299 1760 1321 causa
1787 1287 1961 1328 efficiens,
1989 1287 2061 1320 nisi
2086 1293 2256 1332 respectu
2279 1287 2359 1331 ejus

486 1358 582 1403 quod
603 1357 711 1390 habet
730 1369 812 1390 esse
834 1357 870 1389 in
892 1357 1050 1402 potentia
1073 1356 1233 1389 materie.

573 1426 626 1458 47.
654 1425 759 1467 Quod
781 1424 875 1456 entia
898 1423 1081 1456 declinant
1100 1422 1144 1455 ab
1165 1422 1294 1455 ordine
1316 1422 1430 1467 prime
1452 1433 1573 1463 cause,
1592 1421 1628 1454 in
1651 1433 1689 1454 se
1711 1421 1953 1462 considerata,
1971 1420 2057 1453 licet
2077 1431 2151 1453 non
2172 1420 2209 1452 in
2230 1419 2359 1453 ordine

484 1492 525 1524 ad
549 1491 635 1524 alias
648 1491 673 1508 ³²
694 1502 820 1523 causas
841 1497 991 1535 agentes
1012 1490 1048 1522 in
1069 1490 1255 1523 universo.
1272 1509 1317 1513 —-
1337 1490 1460 1530 Error,
1483 1489 1566 1533 quia
1586 1487 1818 1521 essentialior
1838 1494 1874 1521 et
1893 1486 2173 1532 inseparabilior
2193 1493 2249 1520 est
2268 1486 2359 1520 ordo

485 1559 620 1591 entium
642 1558 686 1590 ad
708 1558 856 1602 primam
878 1569 1034 1597 causam,
1058 1568 1164 1601 quam
1185 1556 1229 1588 ad
1250 1567 1378 1589 causas
1399 1555 1607 1588 inferiores.

572 1626 626 1658 48.
654 1625 760 1667 Quod
781 1625 879 1657 Deus
900 1636 973 1657 non
993 1630 1114 1669 potest
1133 1635 1216 1656 esse
1237 1634 1344 1655 causa
1366 1622 1451 1656 novi
1471 1622 1566 1664 sacti,
1585 1634 1651 1655 nec
1674 1628 1793 1667 potest
1809 1621 1947 1666 aliquid
1968 1621 2012 1654 de
2028 1632 2124 1654 novo
2141 1620 2358 1666 producere.

572 1693 626 1725 49.
654 1692 759 1734 Quod
785 1692 883 1724 Deus
911 1703 984 1723 non
1012 1690 1129 1735 possit
1154 1701 1302 1723 movere
1327 1689 1445 1722 celum
1473 1695 1573 1722 motu
1599 1696 1711 1722 recto.
1741 1690 1785 1722 Et
1810 1688 1901 1722 ratio
1927 1694 1997 1730 est,
2025 1687 2108 1732 quia
2136 1680 2221 1720 time
2248 1686 2360 1720 relin-

484 1765 612 1804 queret
630 1770 793 1791 vacuum.

572 1827 625 1858 50.
653 1825 758 1868 Quod
789 1826 887 1857 Deus
917 1837 990 1857 non
1021 1831 1141 1869 potest
1170 1823 1434 1869 irregulariter,
1465 1823 1502 1856 id
1532 1830 1600 1863 est,
1635 1823 1705 1856 alio
1741 1822 1862 1863 modo,
1899 1833 2004 1866 quam
2040 1827 2173 1862 movet,
2211 1831 2358 1854 movere

483 1892 631 1937 aliquid,
655 1892 737 1937 quia
758 1892 794 1924 in
816 1904 858 1924 eo
880 1904 953 1924 non
975 1898 1031 1924 est
1051 1891 1243 1924 diversitas
1263 1890 1473 1924 voluntatis.

572 1961 626 1992 51.
653 1959 758 2002 Quod
787 1960 885 1991 Deus
915 1965 969 1991 est
998 1965 1146 1991 eternus
1174 1958 1212 1990 in
1237 1957 1380 2002 agendo
1408 1964 1443 1990 et
1471 1957 1664 1998 movendo,
1694 1956 1790 1989 sicut
1813 1956 1850 1988 in
1877 1955 2055 1996 essendo;
2085 1954 2189 1987 aliter
2215 1953 2260 1986 ab
2287 1953 2357 1986 alio

485 2026 797 2067 determinaretur,
821 2025 919 2070 quod
940 2032 1039 2058 esset
1059 2025 1161 2070 prius
1182 2025 1257 2057 illo.

573 2094 626 2125 52.
654 2092 759 2135 Quod
785 2092 834 2133 id,
863 2092 959 2137 quod
987 2092 1030 2124 de
1059 2104 1098 2124 se
1126 2091 1387 2124 determinatur
1413 2098 1451 2124 ut
1476 2092 1588 2131 Deus,
1614 2090 1672 2123 vel
1700 2101 1845 2134 semper
1875 2089 1960 2134 agit,
1988 2088 2046 2122 vel
2072 2099 2279 2132 nunquam;
2308 2092 2357 2128 et,

484 2159 581 2203 quod
602 2159 711 2191 multa
734 2166 819 2192 sunt
839 2165 974 2191 eterna.

575 2227 628 2259 53.
656 2225 762 2268 Quod
792 2227 906 2258 Deum
938 2237 1090 2258 necesse
1117 2232 1173 2257 est
1199 2225 1330 2266 facere,
1363 2224 1536 2269 quicquid
1567 2223 1762 2256 inmediate
1793 2222 1832 2255 fit
1859 2222 1902 2255 ab
1933 2222 2026 2267 ipsn.
2054 2241 2099 2246 -—
2126 2222 2249 2262 Error,
2281 2221 2358 2254 sive

487 2292 710 2337 intelligatur
735 2292 779 2324 de
805 2292 1022 2325 necessitate
1046 2292 1257 2332 coactionis,
1286 2291 1367 2336 quia
1397 2290 1492 2324 tollit
1515 2290 1731 2331 libertatem,
1760 2290 1836 2323 sive
1864 2289 1908 2322 de
1931 2289 2148 2322 necessitate
2169 2286 2358 2321 inmutabi-

487 2358 608 2399 litatis,
632 2359 713 2403 quia
736 2359 837 2404 ponit
857 2358 1103 2403 impotentiam
1118 2359 1144 2375 ³³
1165 2358 1269 2391 aliter
1289 2358 1457 2391 faciendi.

576 2426 628 2458 54.
656 2425 761 2467 Quod
783 2426 936 2470 primum
964 2425 1180 2470 principium
1211 2437 1283 2457 non
1309 2431 1429 2469 potest
1455 2424 1650 2457 inmediate
1676 2423 1879 2468 producere
1900 2421 2136 2467 generabilia,
2166 2421 2248 2466 quia
2274 2426 2360 2454 sunt

488 2492 636 2524 ess'ectus
671 2492 767 2524 novi.
804 2492 962 2524 Effectus
996 2498 1113 2524 autem
1149 2503 1266 2524 novus
1302 2491 1415 2536 exigit
1447 2503 1590 2524 causam
1622 2490 1866 2531 inmediatani,
1898 2501 1967 2534 que
1981 2489 2006 2506 ³⁸
2037 2494 2157 2534 potest
2185 2487 2289 2520 aliter
2318 2498 2358 2520 se

487 2556 632 2589 habere.

578 2625 630 2655 55.
658 2624 763 2666 Quod
791 2625 944 2668 primuni
974 2637 1046 2657 non
1075 2631 1195 2670 potest
1221 2625 1320 2657 aliud
1345 2637 1363 2657 a
1390 2636 1428 2657 se
1457 2625 1679 2669 producere3
1708 2624 1791 2668 quia
1817 2623 1936 2656 omnis
1963 2621 2179 2662 differentia,
2207 2631 2278 2665 que
2302 2625 2359 2652 est

488 2689 582 2722 inter
602 2702 714 2734 agens
735 2697 769 2722 et
789 2691 933 2731 sactum,
956 2698 1011 2723 est
1030 2703 1094 2735 per
1114 2692 1297 2724 materiam
1311 2692 1349 2723 ³⁵.

578 2757 631 2788 56.
658 2756 764 2798 Quod
785 2757 883 2788 Deus
904 2768 976 2788 non
998 2764 1118 2801 potest
1138 2758 1332 2791 inmediate
1354 2770 1579 2803 cognoscere
1599 2757 1862 2802 contingentia,
1889 2756 1960 2789 nisi
1986 2766 2051 2800 per
2075 2754 2179 2787 aliam
2205 2753 2358 2798 particu-

487 2821 599 2855 larem
620 2834 762 2855 causam
784 2829 819 2854 et
839 2823 1048 2867 proximam.

577 2889 630 2922 57.
658 2888 762 2931 Quod
795 2888 825 2921 si
853 2900 979 2921 omnes
1014 2901 1121 2922 cause
1149 2890 1343 2934 aliquando
1376 2891 1511 2924 suerint
1545 2891 1581 2923 in
1617 2891 1751 2935 quiete,
1790 2900 1942 2922 necesse
1977 2894 2034 2921 est
2067 2899 2204 2933 ponere
2239 2888 2355 2919 Deum

488 2954 671 2988 mobilem.

611 3014 650 3036 69.

2576 973 2580 980 .
2574 895 2580 958 ...a-m
2575 811 2580 889 ...m-...2
2570 366 2580 803 .ψ“ι-ῌ-α.-.-...
