2580 3528
435 376 499 408 118
1022 384 1344 406 cimai-ulutatum
1380 384 1574 407 nulvsas.
1611 385 1742 407 rmus.
2223 375 2324 416 [1228

433 460 460 482 S.
482 459 639 486 Genus-otae,
661 459 689 482 E.
711 459 728 482 l.
751 459 780 481 25
801 459 855 486 sol.,
876 467 903 489 p.
924 459 972 490 (32).
995 459 1058 482 Erat
1077 458 1220 482 canonicus
1241 458 1424 482 Luudunensis
1446 462 1472 482 et.
1496 459 1699 483 archidiaconus
1722 459 1881 483 Morinensis
1903 459 1978 490 (ibid.
2003 460 2037 483 nd
2059 467 2101 482 an.
2124 459 2195 487 1231,
2217 468 2244 491 p.
2269 460 2323 484 1³8.

433 504 473 527 Cf.
490 504 576 527 adhuc
592 504 624 526 ad
644 512 685 526 an.
704 503 774 531 1246,
790 511 816 534 p.
835 503 898 534 165),
914 506 939 526 et
958 504 972 526 4
995 503 1051 527 Oct.
1069 503 1130 527 1247
1145 503 1272 526 ecclesiae
1287 503 1454 527 Atrebatensi
1469 503 1502 527 ab
1518 504 1670 527 Innocentio
1690 504 1717 527 in
1732 504 1888 535 episcopum
1903 505 2054 535 praefectus
2070 507 2118 527 est.
2135 504 2244 536 Berger,
2256 505 2273 527 l.
2290 512 2324 532 c.,

434 552 472 571 u⁰⁸
488 550 558 575 3280,
574 548 643 571 3281.
662 548 697 571 De
712 548 768 578 ejus
785 547 884 579 scripto
900 548 959 571 vide
974 548 1097 571 Haurenu
1113 548 1140 571 in
1156 547 1265 573 Notices
1280 552 1304 572 et
1319 548 1438 573 extr-aits
1453 549 1500 573 des
1513 555 1590 577 mss.,
1607 549 1694 577 xxw,
1711 550 1734 577 2,
1750 557 1777 580 p.
1790 549 1844 572 198.

435 701 515 738 62.
542 712 687 736 Decretum
705 711 789 736 unius
810 715 838 737 et
859 711 957 746 viginti
969 711 1148 747 provisorum
1169 711 1207 736 ab
1232 711 1421 737 Universitate
1439 711 1535 736 Paris.
1554 710 1697 742 datorum,
1716 719 1771 746 quo
1787 710 1860 736 nulli
1876 711 1963 737 liceat
1983 711 2091 737 morari
2107 712 2135 738 in
2151 712 2267 738 civitate
2284 710 2327 737 rel

526 760 652 785 dioecesi
671 760 765 786 Paris.
784 761 863 794 infru
878 769 932 786 sex
953 769 1045 786 annos
1067 769 1159 786 causa
1177 759 1278 794 studii,
1301 760 1359 786 nisi
1379 760 1458 794 infra
1474 768 1598 785 mensem
1618 768 1636 785 a
1652 759 1700 785 die
1714 759 1848 786 Paschae
1871 760 2053 786 universitati
2073 760 2274 795 magistrorum
2298 764 2325 786 et

526 809 703 834 scholarium
718 809 808 843 suerit
822 809 1019 843 satisfactum.

1627 845 1704 875 1229,
1721 845 1810 871 Harii!
1819 845 1867 875 27.
1883 844 1903 879 [
1903 845 2011 871 Parisiis
2011 844 2038 879 ]

529 921 567 952 lu
603 920 749 952 nomine
785 920 900 952 Patris
935 926 970 952 et
1000 919 1081 952 Filii
1111 926 1147 952 et
1175 919 1334 964 Spiritus
1369 919 1502 952 Sancti.
1537 920 1611 952 Nos
1646 919 1718 952 dati
1754 920 1966 964 provisores
1999 918 2044 952 ab
2079 919 2324 953 Universitate

436 987 619 1020 communi
652 998 806 1019 assensu
828 993 861 1019 et
890 986 1076 1019 voluntate
1106 986 1153 1019 ita
1181 986 1394 1019 ordinamus
1425 993 1461 1019 et
1489 986 1693 1019 ordinando
1724 986 1972 1025 decernimus,
2004 986 2103 1031 quod
2133 986 2204 1019 nisi
2232 986 2324 1019 infra

437 1065 599 1086 mensem
627 1066 645 1086 a
667 1053 725 1086 die
756 1052 908 1086 Pasche¹
938 1059 1189 1098 competenter
1216 1053 1327 1086 fuerit
1356 1053 1580 1086 satisfactum
1611 1053 1841 1086 universitati
1868 1053 2127 1099 magistrorum
2153 1059 2189 1086 et
2213 1052 2325 1086 scola-

437 1121 528 1153 rium
560 1120 760 1153 secundum
794 1126 958 1153 nostrum
987 1119 1177 1153 arbitrium
1212 1132 1324 1165 super
1353 1120 1593 1153 atrocissimis
1628 1120 1774 1165 injuriis
1800 1132 1819 1153 a
1846 1120 2033 1165 preposito
2063 1120 2262 1153 Parisiensi
2290 1126 2326 1153 et

435 1187 677 1233 complicibus
710 1187 788 1220 suis
824 1194 859 1220 et
897 1186 1115 1232 quibusdam
1146 1187 1228 1220 aliis
1259 1187 1312 1220 eis
1340 1186 1464 1229 illatis,
1502 1194 1633 1220 extunc
1671 1186 1763 1219 nulli
1799 1187 1907 1220 liceat
1942 1187 2074 1220 morari
2109 1187 2147 1219 in
2181 1187 2324 1220 civitate

435 1255 492 1288 vel
528 1255 666 1287 diocesi
699 1254 897 1287 Parisiensi
932 1266 1039 1291 causa
1070 1254 1196 1296 studii,
1237 1254 1378 1287 scilicet
1416 1254 1589 1287 audiendi
1623 1253 1681 1287 vel
1717 1254 1887 1294 docendi,
1927 1254 2018 1287 infra
2058 1265 2123 1287 sex
2155 1265 2272 1287 annos
2306 1266 2325 1288 a

437 1322 508 1355 fine
548 1322 701 1367 predicti
740 1322 878 1354 mensis
917 1321 1195 1354 numerandos:
1224 1328 1258 1354 et
1290 1321 1473 1366 pendente
1505 1321 1661 1354 termino
1697 1321 1852 1354 einende
1886 1321 2010 1354 nullus
2045 1320 2145 1366 leget
2178 1320 2324 1366 publice

434 1389 492 1422 vel
523 1389 701 1434 privatim.
732 1390 806 1421 Nec
836 1388 941 1421 etiam
974 1395 1057 1433 post
1086 1400 1151 1421 sex
1179 1400 1295 1421 annos
1326 1388 1461 1433 poterit
1490 1388 1682 1433 quisquam
1718 1388 1864 1430 reverti,
1897 1388 1969 1421 nisi
2003 1399 2115 1433 super
2149 1387 2324 1433 predictis

438 1456 583 1501 injuriis
613 1461 864 1500 competenter
889 1455 999 1487 suerit
1026 1455 1262 1488 satisfactum.
1291 1456 1333 1488 Et
1359 1461 1399 1487 ut
1424 1454 1521 1487 istud
1548 1454 1691 1487 firmum
1713 1461 1934 1500 permaneat,
1958 1461 2167 1500 presentem
2192 1461 2323 1488 cartam

437 1523 643 1568 sigillormn
675 1529 883 1555 nostrorum
915 1522 1145 1567 appositione
1176 1522 1330 1555 fecimus
1360 1522 1591 1554 communiri.
1618 1522 1748 1554 Actum
1773 1533 1868 1554 anno
1896 1521 2043 1554 Domini
2064 1523 2115 1554 Μο
2135 1521 2208 1556 CC⁰
2228 1522 2325 1555 vice-

436 1590 529 1623 simo
550 1597 691 1630 octavo⁷
715 1601 840 1622 mense
862 1589 1006 1630 Martio,
1029 1589 1088 1622 (lie
1109 1589 1235 1622 martis
1257 1595 1341 1634 post
1360 1588 1686 1622 Annuntiationein
1708 1589 1868 1622 Domini.

531 1675 667 1706 Originale
687 1675 713 1697 in
734 1674 810 1698 Arch.
829 1674 950 1698 Uuivors.
972 1674 1067 1702 Paris.,
1088 1674 1173 1702 theca,
1190 1674 1231 1698 lv.
1249 1675 1276 1697 Α.
1293 1675 1331 1697 22.
1354 1682 1378 1697 a.
1395 1673 1465 1698 Olim
1480 1674 1668 1705 appendebant
1687 1674 1714 1697 21
1732 1673 1823 1705 sigilla
1837 1681 1926 1702 εει-ως
1948 1677 2049 1697 restant
2064 1674 2150 1697 adhuc
2166 1674 2195 1697 13
2210 1673 2326 1697 tueniola

437 1720 638 1743 membranacea
653 1723 678 1742 et
699 1721 847 1750 fragmenta
863 1719 976 1742 duorum
993 1718 1153 1750 sigillorum.
1170 1733 1201 1736 —
1219 1718 1357 1746 Jourdnin,
1374 1723 1404 1741 n⁰
1418 1720 1456 1742 30.
1472 1733 1504 1736 —
1524 1718 1638 1742 Causam
1659 1718 1730 1741 illius
1747 1718 1922 1749 gravissimae
1938 1718 2121 1747 dissensionis,
2138 1726 2205 1750 quae
2220 1717 2324 1742 initium

436 1764 551 1796 sumpsit
566 1764 659 1787 dicbus
675 1765 705 1787 ‘26
725 1767 750 1787 ct.
769 1765 798 1787 27
814 1763 950 1787 Februarii
966 1763 1112 1795 etquidem
1132 1763 1158 1786 in
1179 1763 1236 1787 vico
1258 1764 1283 1786 S.
1306 1763 1432 1791 Marcelli,
1450 1763 1540 1786 videas
1561 1763 1632 1794 apud
1648 1762 1810 1786 Matthaeum
1830 1763 1926 1791 Paris„
1948 1763 2054 1788 Chron.
2069 1763 2147 1793 Μαίη
2164 1763 2204 1786 ed.
2226 1763 2324 1791 Luard,

437 1810 482 1837 ΙΙΙ,
494 1810 546 1832 16⁴5.
559 1809 594 1832 De
611 1808 756 1840 magistris,
773 1808 817 1840 qui
834 1812 895 1831 tunc
912 1811 1085 1836 recesserunt,
1103 1808 1221 1831 nominat
1237 1809 1353 1831 famosos
1369 1807 1492 1839 Anglicos
1509 1808 1621 1831 Altinum
1637 1808 1669 1831 de
1686 1808 1801 1835 Bcccles,
1814 1807 1951 1831 Nicolaum
1968 1808 1999 1831 de
2015 1807 2156 1836 Farnhum,
2177 1807 2326 1831 Johnnnem

438 1854 578 1881 Blundum,
596 1854 738 1877 Rudulsum
754 1854 786 1876 dc
801 1853 990 1881 Maidonstone,
1007 1853 1168 1876 W'illelmum
1187 1853 1219 1876 de
1240 1853 1376 1876 Dunelmo.
1396 1853 1490 1876 Postea
1509 1852 1536 1875 in
1554 1852 1677 1884 Anglium
1696 1852 1797 1875 reversi
1817 1855 1886 1876 sunt.
1908 1852 2031 1876 Nicoluus
2052 1853 2084 1875 de
2103 1852 2245 1881 Furnham,
2261 1852 2325 1876 olim

436 1899 569 1922 Bononiae
589 1898 669 1922 etiam
693 1898 838 1921 medicinae
860 1899 977 1926 studens,
995 1906 1036 1921 au.
1055 1898 1114 1921 1241
1131 1898 1160 1921 fit
1181 1898 1262 1929 episc.
1287 1897 1471 1921 Dunelmensis
1488 1897 1562 1927 (ibid.
1587 1897 1628 1925 lv,
1646 1898 1699 1927 86);
1723 1897 1858 1921 ,lohannes
1878 1897 2007 1926 Blundus,
2027 1897 2143 1921 Oxoniae
2162 1897 2326 1928 theologiam

436 1945 535 1975 legens,
562 1952 604 1967 an.
629 1944 690 1966 1232
712 1943 739 1966 in
762 1943 918 1974 archiepisc.
941 1944 1064 1967 Cantuar.
1088 1943 1187 1966 electus
1212 1946 1252 1965 cst
1270 1942 1343 1972 (ibid.
1362 1943 1407 1970 111,
1431 1943 1495 1974 223),
1517 1942 1562 1965 sed
1582 1950 1634 1965 non
1658 1942 1830 1965 confirmatus
1851 1941 1886 1973 (p.
1909 1943 1966 1970 243;
1986 1943 2019 1965 cs.
2041 1942 2070 1970 V,
2091 1941 2146 1971 41);
2167 1941 2323 1973 Radulphus

434 1997 475 2011 ῐιιι.
492 1989 551 2011 1234
569 1988 593 2011 iu
609 1988 763 2019 episcopum
781 1988 916 2011 lirin-ford.
934 1991 1103 2011 consecratus
1122 1988 1176 2017 (ΙΙΙ,
1194 1988 1258 2016 305),
1281 1996 1322 2010 an.
1341 1987 1402 2010 1239
1417 1986 1480 2010 Ord.
1496 1987 1627 2010 Minorum
1644 1986 1853 2015 intravit(Mon.
1865 1987 2022 2015 Franci-50„
2037 1986 2078 2010 ed.
2096 1986 2213 2015 Brewer,
2229 1995 2255 2018 p.
2273 1987 2322 2017 58).

533 2060 553 2082 1.
572 2059 601 2082 15
617 2059 723 2090 Aprilis.

437 2167 516 2204 63.
544 2176 711 2202 (vuillelmus
727 2176 878 2212 episcopus
894 2174 1072 2201 Parisiensis
1087 2174 1231 2209 fratribus
1248 2176 1274 2200 S.
1298 2174 1448 2200 Trinitatis
1463 2173 1608 2210 hospitale
1625 2176 1651 2200 S.
1671 2174 1832 2200 Matlmrini
1848 2166 2024 2200 Parisfcum
2040 2174 2156 2210 capella
2172 2174 2272 2201 tradit.

1569 2257 1647 2288 1229,
1662 2265 1752 2284 mense
1767 2258 1868 2287 Mat-tle,
1883 2257 1903 2292 [
1903 2258 2011 2284 Parisiis
2011 2257 2037 2293 J.

527 2333 755 2367 Guillermus
781 2333 902 2366 divina
931 2333 1174 2378 permissione
1201 2333 1420 2365 Parisiensis
1446 2332 1602 2366 ecclesie
1632 2333 1800 2365 minister
1827 2332 2003 2378 indignus
2031 2333 2214 2366 universis
2242 2344 2324 2378 pre—

439 2408 577 2434 sentem
615 2401 781 2446 paginam
813 2400 1034 2445 inspecturis
1065 2399 1219 2432 salutem
1249 2400 1287 2432 in
1316 2399 1485 2432 Domino.
1522 2400 1722 2445 Cupientes
1755 2411 1799 2432 ex
1834 2399 1958 2432 debito
1993 2399 2185 2444 pastoralis
2215 2399 2324 2433 officii

438 2468 551 2501 divini
569 2468 688 2500 cultus
705 2467 877 2512 ampliare
895 2467 1090 2500 servicium
1109 2479 1335 2512 operumque
1353 2467 1497 2512 pietatis
1514 2466 1756 2512 multiplicare
1774 2467 1931 2499 fructum
1953 2478 2097 2499 necnon
2118 2473 2154 2499 et
2173 2467 2322 2499 fratrum

439 2535 579 2567 ordinis
602 2536 636 2567 S.
660 2534 847 2567 Trinitatis
869 2540 902 2566 et
923 2534 1148 2579 captivorum
1171 2540 1333 2566 sanctum
1357 2540 1393 2566 et
1412 2533 1594 2566 laudabile
1616 2533 1768 2579 implere
1790 2533 2029 2574 desiderium,
2053 2545 2124 2578 quo
2146 2532 2321 2566 siciebant

438 2601 481 2633 ad
513 2613 613 2633 sacre
645 2600 813 2633 lectionis
844 2601 978 2633 sontem
1015 2601 1151 2640 vivum,
1180 2600 1347 2633 videntes
1379 2600 1485 2633 etiam
1512 2600 1633 2645 ipsum
1665 2599 1846 2645 hospitale
1878 2599 1998 2632 Sancti
2026 2599 2198 2632 Maturini
2225 2599 2324 2632 Pari-

439 2668 561 2700 siense
598 2673 746 2712 propter
780 2666 1001 2711 multiplices
1036 2667 1201 2699 desectus
1236 2666 1520 2699 inhabitancium
1555 2678 1648 2711 pene
1681 2665 1884 2711 colapsum,
1920 2666 2039 2711 ipsum
2074 2677 2155 2698 cum
2186 2665 2323 2711 capella

437 2734 592 2779 aliisque
623 2733 794 2766 omnihus
825 2733 989 2778 ejusdem
1024 2733 1262 2778 pertinenciis
1293 2733 1433 2766 eisdem
1463 2732 1636 2766 fratribus
1667 2733 1711 2766 de
1741 2744 1896 2765 assensu
1927 2739 1963 2765 et
1990 2732 2176 2766 voluntate
2206 2733 2323 2766 nostri

439 2801 586 2846 capituli
614 2800 832 2833 Parisiensis
860 2800 1113 2833 concessimus
1140 2806 1177 2832 et
1203 2799 1505 2832 contulinms¹....
1534 2800 1664 2832 Actum
1692 2811 1787 2832 anno
1814 2799 1960 2832 Domini
1988 2799 2321 2839 M⁰CC⁰XX0V11L

439 2880 565 2901 mense
587 2868 734 2900 Marcio.

495 2959 497 2964 ¹
533 2953 662 2978 Chai-tul.
674 2953 702 2976 S.
715 2952 881 2976 Mathai-ini
896 2951 921 2974 iu
938 2951 1013 2975 Arch.
1031 2954 1083 2975 nat.
1101 2951 1185 2975 Puris.
1199 2951 1247 2974 LL.
1265 2951 1335 2979 1544,
1352 2951 1547 2974 rol.1.—Cum
1566 2951 1617 2974 ista
1633 2950 1724 2974 charta
1739 2951 1861 2974 convenit
1877 2950 1990 2982 epistola
2006 2950 2095 2974 fratris
2111 2950 2246 2974 Michaelis
2258 2951 2320 2975 Ord.

2567 2471 2580 2569 ἐ
