2580 3528
484 398 551 430 360
1068 405 1391 428 CHARTULARIUM
1426 404 1616 426 umvsns.
1654 404 1782 426 PARls.
2266 395 2364 436 [1257

484 471 716 527 disputandis
747 481 862 513 libere
893 480 1035 513 valeant
1063 480 1257 519 interesse,
1287 485 1398 523 utque
1430 485 1498 511 tam
1525 478 1797 511 Predicatorum
1825 490 1930 523 quam
1963 479 2144 512 Minorum
2173 479 2303 512 fratres
2330 485 2366 512 et

485 548 652 594 religiosi
673 547 746 589 alii,
770 548 831 592 qui
852 559 918 592 pro
941 553 1102 592 tempore
1124 546 1285 579 Parisius
1306 545 1476 577 doctores
1497 544 1632 577 fuerint
1652 544 1689 577 in
1715 544 1920 590 theologica
1941 545 2121 586 facultate,
2143 557 2183 578 ac
2204 545 2365 579 scolares

483 615 647 660 ipsorum
674 615 711 647 in
737 614 960 653 societatem,
987 613 1212 646 consortium
1239 618 1275 644 et
1298 611 1495 656 collegium
1521 611 1674 643 aliorum
1701 611 1958 656 magistrorum
1985 619 2021 645 et
2046 611 2241 645 scolarium
2267 612 2365 645 Pari-

485 682 661 714 siensium
689 681 910 725 recipiantur
939 680 1100 724 plenarie
1127 689 1346 723 semperque
1367 678 1403 710 in
1425 677 1479 710 eis
1507 677 1700 710 efficaciter
1729 677 1942 719 habeantur,
1972 678 2066 711 sicut
2093 691 2136 711 ex
2163 678 2363 712 litterarum

485 754 704 788 nostrarum,
738 759 808 792 que
839 746 1019 791 incipiunt
1048 746 1158 779 Circa
1177 745 1382 790 frequens',
1415 743 1644 788 inspectione
1675 743 1741 776 tibi
1770 743 1910 788 liquido
1940 745 2157 778 innotescet.
2187 746 2365 788 Quocirca

485 814 699 847 fraternitati
730 820 788 846 tue
819 825 884 858 per
913 812 1110 857 apostolica
1141 811 1274 856 scripta
1304 811 1341 843 in
1370 810 1502 843 virtute
1530 809 1739 842 obedientie
1771 822 1810 843 ac
1843 810 1947 843 etiam
1979 810 2047 844 sub
2077 812 2366 846 excommunica-

485 881 594 914 tionis
623 893 713 925 pena
742 880 906 912 districte
937 878 1173 923 precipiendo
1209 877 1421 910 mandamus
1454 876 1624 921 quatinus
1658 877 1882 921 presentium
1912 883 1947 910 et
1973 877 2174 910 litterarum
2201 879 2362 924 ipsarum

484 954 631 980 tenores
657 947 754 979 omni
776 946 949 978 dilatione
971 951 1005 977 et
1026 944 1219 977 occasione
1245 943 1461 988 postpositis
1487 954 1552 987 per
1577 949 1610 975 te
1636 942 1693 976 vel
1719 955 1784 988 per
1809 943 1900 976 alios
1926 944 2086 977 Parisius
2112 944 2365 990 sollempniter

484 1013 673 1058 publicans
695 1012 975 1051 ordinationem,
999 1011 1136 1043 litteras
1158 1017 1193 1043 et
1213 1016 1343 1043 statuta
1365 1009 1526 1054 predicta
1547 1016 1583 1042 et
1603 1021 1673 1054 que
1694 1010 1928 1043 continentur
1948 1010 1985 1043 in
2007 1010 2073 1052 eis,
2096 1011 2205 1044 facias
2222 1011 2364 1058 integre

483 1086 518 1112 et
543 1079 803 1112 inviolabiliter
829 1078 1030 1119 observari,
1052 1076 1232 1110 carissimi
1259 1077 1296 1109 in
1322 1075 1469 1110 Christo
1496 1075 1560 1108 filii
1582 1076 1734 1109 nostri..
1757 1076 1912 1110 illustris
1938 1077 2037 1123 regis
2058 1078 2208 1111 Francie
2229 1077 2273 1111 ad
2295 1077 2364 1112 hoc

483 1147 513 1179 si
541 1157 633 1190 opus
658 1145 767 1178 suerit
791 1145 925 1177 auxilio
952 1145 1131 1177 invocato.
1159 1145 1211 1176 Ne
1232 1155 1319 1177 vero
1340 1149 1437 1176 tante
1458 1142 1674 1176 rebellionis
1698 1143 1825 1176 vitium
1853 1143 2007 1177 ulterius
2034 1145 2152 1189 possit
2176 1157 2259 1178 esse
2283 1145 2364 1179 aliis

483 1213 626 1245 occasio
654 1212 835 1245 scismatis
861 1218 896 1244 et
920 1210 1147 1244 contuinacie
1173 1210 1380 1255 perniciose
1401 1210 1615 1251 fomentum,
1642 1221 1770 1243 omnes
1796 1210 1992 1255 magistros
2018 1217 2054 1244 et
2077 1211 2238 1245 scolares
2263 1223 2364 1246 secu-

484 1279 576 1311 lares
598 1285 633 1311 et
652 1279 838 1311 auditores
864 1278 1104 1319 Parisienses,
1128 1277 1190 1322 qui
1211 1288 1385 1322 expresse
1406 1288 1445 1309 ac
1467 1275 1613 1321 publice
1634 1288 1707 1309 non
1728 1277 1916 1322 paruerint
1936 1277 2158 1311 restitutioni
2183 1278 2362 1312 dictorum

481 1346 629 1378 fratrum
665 1345 950 1385 Predicatorum,
987 1356 1052 1389 per
1085 1343 1203 1377 felicis
1238 1343 1503 1376 recordationis
1534 1343 1787 1376 Innocentium
1820 1356 1947 1389 papam
1978 1344 2028 1389 iiij
2061 1345 2362 1390 predecessorem

483 1419 646 1445 nostrum
673 1418 708 1445 et
734 1412 965 1457 postmodum
987 1423 1052 1456 per
1073 1423 1140 1444 nos
1160 1411 1252 1443 facte
1278 1410 1514 1451 ordinationi,
1542 1409 1687 1451 litteris,
1714 1411 1921 1451 sententiis,
1948 1411 2091 1445 statutis
2118 1423 2157 1444 ac
2185 1412 2373 1446 mandatis·

482 1479 617 1512 nostris
643 1479 734 1512 infra
764 1491 873 1511 unum
900 1489 1077 1519 mensem,
1104 1484 1295 1523 postquam
1321 1484 1426 1510 tenor
1451 1476 1676 1522 presentium
1697 1483 1736 1510 ut
1756 1477 1959 1522 predictum
1987 1484 2044 1511 est
2066 1478 2176 1512 suerit
2200 1479 2362 1512 Parisius

483 1546 700 1591 publicatus,
729 1545 900 1578 omnibus
926 1544 1167 1590 dignitatibus
1189 1551 1224 1578 et
1249 1544 1439 1577 beneficiis
1464 1543 1724 1577 ecclesiasticis
1750 1556 1788 1577 ac
1816 1544 1933 1577 officio
1960 1545 2172 1590 magistrali,
2199 1546 2363 1591 predica-

483 1614 579 1646 tione
602 1620 637 1645 et
657 1613 820 1645 doctrina
842 1613 1039 1657 privamus,
1062 1618 1098 1645 et
1117 1612 1155 1644 in
1175 1618 1362 1657 posterum
1383 1611 1572 1644 reddimus
1593 1611 1742 1643 omnino
1762 1610 1949 1656 indignos,
1973 1611 2213 1645 decernentes
2234 1624 2298 1646 eos
2317 1612 2362 1646 ab

482 1680 650 1713 ordinum
687 1680 900 1712 executione
936 1686 971 1712 et
1004 1679 1239 1724 susceptione
1269 1689 1485 1723 suspensos.
1518 1679 1590 1710 Eos
1621 1689 1780 1723 quoque,
1817 1678 1878 1722 qui
1909 1678 2101 1711 occasione
2136 1679 2359 1724 presentium

479 1754 539 1779 aut
558 1747 706 1780 aliarum
730 1747 928 1779 litterarum
951 1746 1051 1779 sedis
1072 1745 1272 1791 apostolice
1294 1757 1359 1790 pro
1376 1745 1483 1778 dictis
1505 1745 1736 1778 restitutione
1757 1751 1792 1778 et
1813 1745 2041 1778 ordinatione
2063 1746 2266 1789 servandis,
2284 1747 2361 1781 sive

479 1814 670 1856 occasione
701 1814 918 1846 l’arisiensis
949 1813 1061 1846 studii
1096 1813 1328 1854 directarum,
1360 1812 1480 1857 ipsum
1509 1811 1670 1844 studium
1701 1811 1881 1856 dissipare
1912 1818 1973 1845 aut
2006 1811 2152 1845 turbare
2179 1825 2245 1846 seu
2274 1812 2361 1846 alibi

477 1881 555 1913 sine
595 1881 694 1913 sedis
734 1880 898 1925 ejusdem
938 1879 1087 1925 speciali
1127 1879 1272 1912 licentia
1311 1885 1436 1912 contra
1475 1885 1639 1911 tenorem
1680 1878 1921 1912 ordinationis
1960 1878 2123 1924 predicte
2165 1880 2360 1913 transferre

479 1947 783 1992 presumpserint,
821 1946 1207 1979 excommunicationis
1238 1945 1385 1979 vinculo
1414 1944 1646 1986 innodamus,
1674 1956 1767 1989 quos
1795 1951 1831 1977 et
1858 1951 1894 1977 tu
1923 1957 1987 1990 per
2013 1951 2047 1978 te
2074 1945 2132 1979 vel
2159 1957 2224 1991 per
2250 1945 2359 1980 alium

476 2014 806 2046 excommunicatos
842 2014 1038 2046 denunties
1074 2013 1234 2045 Parisius
1267 2019 1302 2045 et
1331 2011 1552 2057 ubicumque
1583 2011 1720 2045 videris
1751 2011 1936 2056 expedire.
1968 2011 2004 2044 Si
2035 2012 2096 2057 qui
2124 2024 2224 2054 vero,
2261 2013 2359 2058 quod

474 2080 579 2121 absit,
603 2081 763 2125 predicta
785 2093 856 2113 nou
877 2080 1086 2113 curaverint
1105 2079 1320 2124 adimplere,
1350 2085 1410 2111 aut
1434 2078 1524 2111 alias
1546 2078 1582 2110 in
1603 2077 1674 2110 hiis
1696 2084 1929 2111 contumaces
1951 2078 2086 2111 fuerint
2111 2078 2170 2112 vel
2201 2078 2359 2114 rebelles

475 2159 539 2179 seu
566 2147 700 2192 quietis
726 2147 919 2180 scolarium
947 2154 982 2180 et
1007 2146 1119 2179 studii
1143 2145 1362 2187 turbatores,
1386 2151 1423 2178 tu
1445 2156 1572 2177 eorum
1595 2144 1753 2186 nomina,
1781 2151 1819 2177 ut
1844 2145 2055 2178 nominatim
2082 2145 2242 2190 graviori
2266 2157 2358 2191 pena

476 2209 707 2250 mulctentur,
750 2209 857 2242 nobis
900 2209 1065 2242 iutimare
1107 2219 1296 2254 procures,
1338 2207 1405 2240 hoc
1446 2207 1565 2252 ipsum
1601 2206 1811 2252 supradicto
1847 2207 1925 2252 regi
1965 2207 2198 2249 denuntians,
2238 2214 2277 2241 ut
2312 2207 2358 2241 ad

477 2275 657 2308 bonorum
690 2288 813 2321 pacem
836 2276 1086 2320 malorumque
1108 2282 1284 2308 terrorem
1307 2286 1372 2307 eos
1395 2280 1433 2307 ut
1453 2273 1625 2318 expedire
1647 2273 1780 2306 viderit
1804 2272 1997 2306 coherceat
2017 2274 2144 2307 tradita
2170 2273 2241 2307 sibi
2266 2274 2359 2309 divi-

478 2343 573 2375 nitus
607 2349 796 2387 potestate.
832 2345 1040 2376 Juramenta
1073 2342 1220 2387 quidem
1253 2347 1314 2374 aut
1347 2340 1593 2386 obligationes
1627 2351 1875 2385 quascumque
1908 2352 1926 2373 a
1962 2340 2069 2373 dictis
2103 2340 2288 2386 magistris
2322 2347 2359 2375 et

477 2408 681 2442 scolaribus
706 2421 770 2442 seu
792 2409 836 2442 ab
857 2410 1021 2454 ipsorum
1042 2408 1226 2454 aliquibus
1248 2414 1284 2440 et
1303 2407 1511 2453 specialiter
1533 2406 1577 2439 de
1599 2418 1672 2439 non
1695 2406 1907 2452 recipiendo
1928 2406 1972 2439 ad
1993 2399 2112 2440 scolas
2137 2407 2195 2440 vel
2220 2399 2356 2441 scolasss

478 2476 579 2507 ticam
607 2476 814 2509 societatem
842 2476 960 2509 dictos
980 2477 1110 2509 fratres
1132 2475 1384 2508 Predicatores
1405 2473 1463 2507 vel
1484 2473 1645 2507 scolares
1670 2473 1832 2518 ipsorum
1858 2473 2007 2506 fratrum
2034 2474 2253 2519 regentium,
2278 2474 2355 2508 sive

476 2542 563 2574 alias
585 2549 792 2587 presumpta
813 2550 937 2576 contra
959 2543 1130 2588 prefatam
1153 2541 1419 2574 ordinationem
1443 2546 1616 2581 nostram,
1639 2546 1700 2573 aut
1719 2539 1838 2584 aliqua
1860 2551 2000 2581 eorum,
2028 2551 2097 2585 que
2123 2540 2356 2574 continentur
2400 2538 2402 2540 ¹

478 2608 513 2639 in
542 2608 617 2652 ipsa
644 2620 708 2641 seu
735 2616 857 2642 contra
885 2616 1015 2642 statuta
1044 2609 1102 2642 vel
1130 2608 1295 2641 mandata
1323 2614 1446 2640 nostra
1474 2619 1539 2639 seu
1568 2606 1732 2651 ipsorum
1760 2605 1921 2651 aliquod,
1951 2605 2182 2639 decernimus
2209 2606 2355 2651 penitus

477 2686 549 2705 non
572 2681 706 2706 tenere.
735 2677 814 2707 Non
841 2675 1071 2708 obstantibus
1092 2663 1399 2720 appellationibus
1420 2680 1481 2706 aut
1501 2671 1757 2706 occasionibus
1779 2671 2071 2717 quibuscumque
2092 2672 2277 2717 preteritis
2297 2673 2355 2706 vel

475 2740 619 2781 futuris,
646 2747 706 2773 aut
730 2742 834 2774 etiam
857 2743 954 2786 quod
975 2755 994 2775 a
1015 2749 1049 2775 te
1071 2742 1152 2774 dato
1175 2753 1286 2786 super
1306 2740 1374 2773 hoc
1397 2746 1591 2773 executore
1612 2751 1630 2771 a
1651 2738 1759 2772 nobis
1780 2738 1919 2783 pluries
1943 2738 2145 2783 appellasse
2171 2739 2354 2782 dicuntur,

476 2807 552 2839 sive
580 2807 815 2850 processibus
841 2808 1025 2853 aliquibus
1050 2815 1111 2842 aut
1132 2808 1265 2841 litteris
1286 2807 1343 2840 vel
1363 2805 1605 2851 indulgentiis
1626 2816 1645 2837 a
1666 2804 1754 2838 sede
1775 2804 1936 2850 predicta
1962 2805 2162 2847 concessis,
2192 2817 2257 2851 per
2284 2818 2354 2851 que

475 2872 683 2917 hujusmodi
718 2875 873 2907 mandati
909 2875 1073 2908 executio
1110 2875 1147 2907 in
1183 2874 1248 2907 hac
1282 2880 1382 2918 parte
1418 2871 1588 2917 impediri
1624 2870 1738 2904 valeat
1768 2870 1826 2904 vel
1860 2871 2012 2913 differri,
2047 2878 2108 2904 aut
2141 2872 2186 2905 de
2220 2872 2354 2917 quibus

477 2939 615 2983 plenam
645 2945 680 2971 et
706 2951 911 2984 expressam
942 2954 1007 2974 seu
1036 2942 1081 2974 de
1106 2940 1219 2974 verbo
1245 2940 1289 2973 ad
1314 2938 1464 2973 verbum
1495 2937 1574 2970 fieri
1600 2943 1766 2982 oporteat
1791 2937 1828 2970 in
1854 2937 2088 2982 presentibus
2116 2938 2351 2980 mentionem,
