2580 3528
454 369 521 403 328
1031 380 1349 402 CHARTULARIUM
1384 380 1572 402 uuivans.
1610 380 1740 402 rmus.
2228 370 2329 412 [1256

456 496 568 534 285.
596 506 747 532 Ordinatio
761 508 844 541 sacta
861 507 889 532 in
906 506 1034 543 capitulo
1047 507 1220 543 provinciali
1231 507 1397 543 provinciae
1411 506 1580 532 Provinciae
1599 506 1664 533 Ord.
1683 507 1788 533 Praed.
1806 507 1842 533 de
1857 506 2001 533 erroribus
2016 506 2142 531 Parisiis
2162 514 2238 531 anno
2257 506 2327 532 1241

545 555 701 581 damnatis.

1691 605 1767 634 1256,
1782 605 1845 631 ‚lum
1854 605 1897 635 22,
1912 604 2042 631 Mottiana.

545 680 698 711 Errores
723 678 1009 723 condempnatos
1034 678 1204 723 Parysius
1229 690 1247 711 a
1274 677 1432 723 singulis
1460 677 1645 722 prioribus
1671 678 1909 723 deportentur
1933 685 1969 711 et
1993 678 2190 724 diligenter
2214 684 2328 711 atten-

456 745 542 778 dant
565 745 735 782 lectores,
763 745 794 777 si
821 745 913 778 forte
939 744 1050 789 aliqui
1077 745 1121 777 de
1147 744 1358 789 hujusmodi
1380 744 1589 777 invenerint
1608 744 1645 776 in
1665 744 1813 789 scriptis
1838 744 1916 778 suis
1941 751 1976 778 et
2001 744 2236 778 emendent...
2264 744 2328 778 Isti

455 818 540 844 sunt
570 823 714 844 errores
741 811 995 856 condempnati
1023 811 1193 856 Parysius
1218 810 1262 843 ab
1288 811 1462 856 episcopo
1489 811 1687 844 Parisiensi
1713 817 1748 844 et
1772 811 1957 856 magistris
1985 810 2170 856 theologie
2196 822 2329 856 regen-

454 877 552 911 tibus
579 878 748 923 Parysius
774 889 868 910 anno
894 878 998 910 Dom.
1026 878 1075 910 Μο
1087 877 1160 911 CCu
1172 878 1234 910 XL
1257 888 1264 909 z
1286 877 1430 910 Primus
1456 888 1559 909 error
1583 883 1650 918 est,
1679 877 1777 922 quod
1802 877 1923 910 divina
1949 877 2108 910 essentia
2132 877 2170 910 in
2196 889 2235 910 se
2261 889 2328 911 nec

454 943 498 977 ab
526 944 656 989 angelo
687 956 752 976 nec
783 943 826 976 ab
857 943 1003 976 homine
1032 943 1228 976 videbitur.
1261 943 1452 976 Secundus
1483 949 1539 976 est
1565 944 1642 988 [etc.
1673 944 1877 988 Sequuntur
1903 943 2018 977 decem
2047 954 2192 977 errores
2217 954 2328 989 supra

454 1017 493 1043 no
516 1011 578 1043 128
598 1010 810 1050 memor-att]

546 1108 615 1131 Bibl.
631 1108 729 1135 Tolos.y
746 1115 795 1130 ms.
811 1108 866 1135 490,
884 1107 929 1131 fol.
946 1107 1000 1130 291.
1019 1107 1086 1130 Bibl.
1104 1107 1239 1135 Avenion„
1260 1115 1310 1130 ms.
1331 1108 1385 1135 229,
1403 1108 1447 1130 fol.
1469 1107 1524 1135 861³,
1541 1107 1619 1130 ambo
1635 1115 1712 1138 capp.
1733 1107 1852 1138 provinc.
1874 1107 2027 1131 Provinciae
2042 1111 2068 1131 et
2082 1108 2205 1131 Tolosan.
2219 1107 2329 1139 provin-

451 1153 552 1175 ciarum
567 1152 738 1176 continentes.

451 1293 563 1330 286.
586 1302 754 1328 Alemander
773 1303 818 1327 IV
829 1301 982 1338 praecipit,
1004 1301 1203 1328 commendata
1226 1310 1397 1338 magnopere
1419 1303 1534 1327 Summa
1555 1301 1715 1336 theologica
1730 1301 1834 1335 fratris
1849 1301 2013 1328 Alexandri
2027 1301 2063 1328 de
2078 1301 2179 1337 Hales,
2198 1301 2328 1328 ministro

544 1351 609 1377 ord.
639 1352 780 1377 Minorum
806 1351 834 1376 in
859 1351 991 1381 Francia,
1025 1354 1055 1376 at
1077 1350 1117 1376 ad
1139 1359 1201 1376 eam
1231 1350 1439 1386 perficiendam
1471 1350 1608 1376 mandato
1630 1352 1666 1384 fr.
1694 1349 1843 1376 Guillelmo
1872 1350 1908 1376 de
1932 1350 2071 1376 Melitona
2098 1352 2207 1385 fratres
2229 1350 2329 1377 idonei

540 1400 688 1436 adjutores
703 1400 829 1425 Parisiis
844 1399 1037 1434 assignentur.

1685 1449 1759 1478 1256,
1774 1449 1837 1475 dull!
1846 1449 1891 1478 28,
1906 1448 2040 1481 Anagniae.

540 1523 747 1556 Alexander
776 1523 973 1568 episcopus
1008 1534 1137 1556 servus
1172 1535 1362 1556 servorum
1395 1523 1461 1555 Dei
1495 1523 1629 1556 dilecto
1659 1523 1735 1556 filio
1759 1523 1970 1556 ..ministro
1999 1524 2149 1556 fratrum
2177 1523 2328 1557 Ordinis

452 1590 634 1622 Minorum
660 1590 698 1622 in
724 1590 873 1622 Francia
899 1589 1051 1622 salutem
1080 1596 1116 1622 et
1139 1589 1375 1634 apostolicam
1403 1589 1711 1622 benedictionem.
1739 1591 1792 1622 De
1817 1589 1980 1623 fontibus
2005 1589 2166 1623 Paradisi
2192 1589 2328 1623 flumen

450 1656 662 1702 egrediens,
702 1655 905 1689 exuberans
936 1655 1108 1688 videlicet
1146 1667 1328 1688 sacrarum
1368 1656 1610 1701 intelligentia
1645 1656 1922 1701 scripturarum,
1959 1668 2024 1701 per
2056 1668 2098 1689 os
2133 1655 2328 1690 recolende

451 1723 625 1756 memorie
655 1722 776 1756 fratris
803 1722 1001 1755 Alexandri
1029 1722 1170 1755 ordinis
1198 1722 1250 1755 tui
1277 1722 1506 1767 temporibus
1536 1722 1672 1755 nostris
1702 1722 1805 1767 largo
1838 1722 2011 1767 prossuxit
2039 1722 2156 1756 lotitio
2191 1723 2328 1768 impetu

451 1801 562 1834 super
592 1796 736 1830 terram,
768 1789 805 1821 in
832 1789 950 1821 lucem
978 1789 1206 1822 manifestius
1233 1789 1341 1822 editis
1368 1788 1550 1822 thesauris
1577 1789 1729 1822 scientie
1754 1801 1794 1822 ac
1820 1789 1997 1834 sapientie
2023 1789 2204 1823 salutaris.
2227 1789 2328 1823 Idem

452 1856 632 1901 siquidem
659 1856 781 1897 frater,
810 1862 849 1888 ut
875 1868 917 1888 ex
944 1855 1029 1897 hiis,
1056 1867 1125 1900 que
1152 1855 1299 1900 scripsit
1320 1862 1355 1888 et
1379 1855 1540 1897 tradidit,
1562 1855 1819 1900 comperimus,
1843 1857 1919 1889 Deo
1941 1855 2072 1900 plenus
2091 1857 2210 1899 (nemo
2231 1856 2327 1890 enim

452 1923 523 1956 nisi
554 1923 590 1955 in
621 1922 751 1967 spiritu
779 1922 846 1954 Dei
873 1922 1029 1967 loquens
1056 1928 1181 1955 eterne
1208 1922 1371 1955 veritatis
1399 1922 1560 1955 misteria
1590 1934 1631 1955 ea
1657 1922 1908 1966 inquisitionis
1938 1922 2110 1967 indagine
2135 1922 2328 1968 attigisset)

452 1989 571 2022 studia
599 2001 663 2022 sua
688 1988 846 2034 publicis
873 1987 1090 2021 utilitatibus
1116 1988 1371 2030 commodavit,
1394 1995 1429 2021 et
1447 1988 1623 2021 laboriosi
1644 1988 1767 2034 operis
1788 1995 1951 2021 sanctum
1972 1988 2223 2034 aggrediendo
2244 2001 2329 2034 pro-

451 2055 609 2100 positum
650 2067 760 2100 super
799 2054 1055 2100 questionibus
1094 2054 1313 2100 theologicis
1352 2055 1535 2088 utiliorem
1575 2055 1700 2100 utique
1740 2067 1845 2100 quam
1881 2055 2055 2100 prolixam
2091 2055 2239 2089 molitus
2273 2062 2330 2090 est.

451 2122 630 2155 Summam
661 2121 886 2166 profectibus
916 2121 953 2154 in
983 2121 1065 2166 lege
1097 2121 1242 2154 Domini
1273 2121 1422 2154 studere
1453 2121 1652 2155 volentium
1688 2121 1987 2166 compendiosius
2018 2122 2254 2166 profuturam,
2290 2122 2328 2155 iri

451 2200 520 2233 qua
541 2188 802 2221 sententiarum
824 2187 1129 2233 irrefragabilium
1151 2188 1316 2220 ordinate
1337 2195 1423 2221 sunt
1442 2188 1538 2221 acies
1559 2188 1603 2221 ad
1624 2187 1860 2221 obterendam
1880 2188 2043 2221 veritatis
2063 2188 2225 2233 pondere
2246 2200 2328 2221 con-

451 2254 608 2288 tentiose
634 2254 871 2299 pervicaciam
897 2254 1076 2287 falsitatis.
1100 2254 1346 2287 Prolixitatem
1373 2255 1521 2300 quippe,
1544 2255 1575 2287 si
1596 2267 1701 2299 quam
1728 2255 1765 2287 in
1791 2254 1916 2288 eadem
1939 2255 2083 2288 Summa
2103 2254 2218 2288 lector
2239 2254 2330 2288 deli-

450 2328 551 2354 catus
581 2320 765 2362 abhorret,
787 2321 964 2354 studiosis
991 2320 1098 2354 nobis
1124 2321 1161 2353 in
1186 2333 1226 2353 ea
1248 2321 1300 2354 sic
1326 2321 1447 2354 reddit
1470 2321 1641 2354 continua
1666 2321 1819 2366 partium
1841 2333 1987 2354 suarum
2009 2321 2145 2355 utilitas
2165 2321 2327 2363 brevem,

452 2388 546 2421 utin
568 2394 664 2420 tanto
692 2387 887 2421 verborum
918 2388 1075 2432 agmine,
1104 2387 1202 2432 quod
1230 2387 1406 2420 immensa
1433 2388 1578 2421 videtur
1608 2388 1730 2421 divine
1762 2388 2018 2433 profunditatis
2044 2387 2188 2433 eloquia
2213 2387 2329 2421 conti-

452 2467 552 2496 nere,
574 2466 647 2487 non
669 2454 767 2487 aliud
793 2466 861 2487 nos
887 2453 1151 2487 rationabiliter
1176 2454 1294 2499 possit
1317 2454 1518 2496 offendere,
1541 2466 1646 2500 quam
1672 2454 1769 2500 quod
1795 2456 1871 2488 Deo
1897 2454 2061 2499 ejusdem
2087 2454 2208 2487 fratris
2228 2453 2328 2487 labo-

452 2521 554 2553 ribus
589 2521 711 2562 finem,
746 2527 937 2565 antequam
973 2520 1134 2566 suscepti
1173 2521 1296 2566 operis
1334 2521 1465 2554 dietam
1501 2520 1710 2566 perficeret,
1746 2521 1973 2566 imponente,
2010 2527 2045 2554 et
2077 2520 2122 2553 ad
2156 2526 2327 2554 statutum

453 2585 612 2629 reposite
634 2585 813 2617 mercedis
834 2591 1007 2618 evocante
1028 2585 1231 2626 denarium,
1254 2586 1414 2630 perfecte
1435 2585 1579 2630 pietatis
1600 2585 1835 2630 imperfectus
1857 2591 1912 2618 est
1931 2584 2047 2626 labor,
2069 2596 2140 2629 quo
2161 2591 2197 2617 et
2216 2596 2327 2629 pauca

452 2651 633 2691 videntur,
657 2657 692 2683 et
711 2651 754 2683 ad
776 2651 975 2684 satietatem
997 2651 1114 2684 anime
1136 2651 1379 2684 insufficentia
1404 2652 1575 2685 universa
1596 2663 1666 2697 que
1687 2651 1820 2696 scripta
1841 2657 1937 2692 sunt,
1961 2651 2032 2684 nisi
2053 2650 2271 2683 destinatum
2293 2657 2329 2684 et

453 2717 497 2749 ad
518 2728 624 2761 quem
646 2717 785 2750 animos
810 2717 1009 2762 legentium
1031 2729 1114 2762 pars
1135 2718 1329 2763 suspendit
1354 2717 1524 2759 exhibita,
1547 2717 1717 2763 principii
1743 2717 1799 2750 sui
1825 2717 1933 2750 finem
1959 2716 2075 2750 moles
2097 2717 2184 2749 tanti
2205 2717 2327 2762 operis

454 2783 636 2816 sortiatur.
663 2783 840 2825 Quocirca
869 2783 1081 2816 discretioni
1108 2790 1167 2816 tue
1194 2784 1230 2816 in
1254 2785 1387 2817 virtute
1413 2784 1622 2817 obedientie
1648 2783 1812 2817 districte
1837 2783 2074 2828 precipiendo
2100 2783 2324 2824 mandamus,

455 2849 624 2894 quatinus
658 2849 897 2882 considerans
932 2850 1144 2894 prudenter,
1179 2851 1278 2895 quod
1310 2850 1523 2883 indecenter
1558 2850 1789 2894 relinquitur,
1821 2850 1852 2882 si
1885 2849 2117 2895 negligenter
2151 2849 2327 2882 omittitur

455 2915 620 2948 mutilum
641 2927 734 2960 opus
756 2915 834 2957 Dei,
857 2915 954 2960 quod
976 2916 1123 2949 nonnisi
1144 2917 1291 2950 celestis
1313 2917 1489 2962 sapientia
1510 2929 1575 2962 per
1596 2916 1836 2949 ministerium
1857 2916 1953 2950 servi
1975 2916 2032 2949 sui
2053 2922 2120 2949 tam
2142 2916 2236 2949 clara
2252 2917 2325 2960 jam
