2580 3528
487 391 552 424 664
1075 402 1393 425 οιιΑιιΤυιΑιιιυΜ
1428 402 1618 424 υΝινΕιιε.
1656 402 1784 424 rmus.

488 516 532 538 175
623 510 688 537 1267
772 512 934 543 Septembris
950 514 964 535 3
1004 513 1169 536 Innocentius
1180 513 1213 536 IV
1224 512 1332 535 mandat
1346 511 1531 534 archidiacono
1542 510 1736 534 Constantiensi
1751 515 1780 535 ut
1794 512 1923 544 magistro
1939 512 2080 537 Guillelmo
2095 514 2128 538 de
2142 514 2170 538 S.
2182 515 2276 538 Amore

1035 557 1196 580 subdiacono
1216 560 1241 580 et
1260 556 1385 579 canonico
1405 555 1559 579 Belvacensi
1575 555 1691 579 studenti
1707 555 1733 579 in
1748 556 1883 588 theologia
1901 560 2046 588 proventus
2067 558 2194 582 ecclesiae
2213 567 2277 582 suae

1035 602 1066 624 de
1082 601 1201 625 Grnvilla
1214 604 1288 624 curet
1302 601 1328 623 in
1344 603 1466 631 suscepto
1483 600 1580 623 Ordine
1595 607 1643 631 per
1657 599 1801 624 triennium
1818 601 2008 626 ministrandus
2011 619 2275 628 ...........
2321 604 2367 627 206

487 664 532 687 176
643 672 672 675 —
772 661 921 684 Decembris
937 661 964 683 21
1004 659 1060 682 Odo
1073 659 1213 690 episcopus
1227 658 1392 682 Tusculanus
1406 661 1432 681 et
1444 660 1530 688 apost.
1543 657 1614 680 sedis
1628 657 1732 688 leg-ntus
1742 658 1775 682 de
1784 659 2002 683 condemnatione
2014 667 2135 684 errorum
2146 661 2276 685 Johannis

1035 703 1066 726 de
1081 703 1206 726 Brescain
1222 706 1247 726 et
1261 701 1383 733 magistri
1395 701 1536 725 Raimundi
1551 702 1737 733 praesentibus
1750 702 1876 735 episcopo
1889 706 1914 727 et
1927 705 2085 728 cancellario
2100 708 2125 729 et
2139 705 2276 738 magistris

1035 747 1182 778 theologiae
1194 747 1280 771 Puris.
1292 746 1384 770 habita
1387 762 2275 776 ...................................
2321 750 2367 773 206

487 811 531 834 177
643 818 673 821 -
764 824 973 832 ,,,,,,,,,
1004 805 1079 836 lingo
1094 805 1174 836 episc.
1191 804 1364 835 Lingonensis
1380 804 1417 827 eis
1434 803 1479 835 qui
1494 804 1528 827 ad
1543 812 1609 835 opus
1627 805 1739 828 fratrum
1754 805 1817 829 Ord.
1835 805 1944 830 Cisterc.
1959 806 1987 830 in
2003 806 2143 831 Cardineto
2156 807 2275 831 subsidia

1034 849 1200 877 contulerint,
1222 848 1415 880 indulgentiam
1436 848 1615 880 quadraginta
1630 849 1733 873 dierum
1748 850 1879 882 elargitur
1881 868 2276 876 ................
2321 853 2367 876 208

488 915 547 937 177α
622 906 687 932 1248
786 909 921 933 Februarii
937 911 952 931 6
1004 907 1169 930 Innocentius
1195 907 1228 929 lv
1251 906 1399 930 Placentiae
1424 906 1540 930 instituit
1563 906 1682 930 studium
1706 908 1829 938 generale
1850 916 1910 931 cum
1933 908 2056 933 omnibus
2078 909 2228 941 privilegiis
2252 913 2278 934 et

1035 951 1255 979 immunitatibus,
1272 951 1368 982 quibus
1389 951 1524 974 studentes
1540 951 1650 974 Parisiis
1666 954 1692 975 et
1705 951 1732 975 in
1747 951 1807 976 aliis
1828 953 1924 976 studiis
1939 953 2109 985 generalibus
2125 955 2251 986 gaudent.
2269 972 2276 980 .
2321 955 2368 979 200

486 1016 530 1039 178
640 1022 671 1026 -
816 1012 875 1035 Maii
894 1012 920 1035 15
1003 1009 1136 1032 Sententia
1151 1008 1250 1032 Odonis
1267 1009 1408 1032 Tusculan.
1425 1008 1553 1040 episcopi,
1569 1009 1731 1040 apostolicae
1746 1010 1816 1033 sedis
1831 1010 1922 1042 legati,
1938 1011 2050 1035 consilio
2065 1011 2184 1044 episcopi
2201 1012 2277 1036 Pari-

1034 1053 1137 1082 siensis,
1153 1053 1344 1084 magistrorum
1358 1053 1507 1084 theologiae
1523 1056 1548 1076 et
1562 1053 1728 1077 decretorum
1742 1057 1768 1077 et
1782 1054 1896 1078 aliorum
1910 1054 1966 1078 lata
1981 1063 2062 1087 super
2076 1055 2199 1080 Talmud·
2218 1073 2225 1080 .
2244 1074 2251 1080 .
2269 1074 2276 1081 .
2321 1057 2368 1080 209

486 1119 530 1141 179
641 1124 671 1127 -
828 1114 906 1137 Jnniu
1003 1112 1135 1134 Statutum
1145 1119 1204 1142 cap.
1216 1110 1348 1142 generalis
1359 1111 1423 1134 Ord.
1435 1111 1528 1135 Praed.
1541 1111 1591 1134 sub
1602 1111 1731 1143 magistro
1741 1111 1861 1136 Johanne
1874 1112 2017 1136 Teutonico
2030 1113 2155 1137 canonico
2168 1114 2277 1138 Parisiis

1033 1155 1158 1178 celebrati
1172 1155 1203 1179 de
1217 1155 1312 1179 studiis
1326 1155 1496 1187 generalibus
1511 1159 1537 1179 et
1551 1156 1704 1179 doctoribus
1717 1156 1825 1180 Ordinis
1828 1173 2277 1183 ..................
2322 1159 2366 1183 211

486 1221 530 1243 180
640 1226 670 1230 ·-
808 1216 878 1239 Junii
897 1217 926 1238 '22’
1004 1214 1168 1236 Innocentius
1191 1214 1224 1237 lv
1246 1213 1353 1237 Galtero
1371 1213 1530 1237 cancellario
1550 1213 1693 1237 Parisiensi
1714 1214 1808 1238 scribit
1825 1217 1856 1238 ut
1874 1215 1964 1239 decem
1986 1215 2154 1239 scholaribus
2175 1219 2230 1240 tam
2250 1216 2278 1240 in

1035 1258 1142 1281 arabica
1162 1266 1242 1290 quam
1256 1258 1283 1281 in
1298 1258 1358 1281 aliis
1373 1258 1472 1289 linguis
1487 1258 1657 1282 orientalium
1671 1259 1789 1290 partium
1803 1259 1897 1291 peritis
1912 1263 1938 1283 et
1952 1260 2062 1284 Parisiis
2083 1261 2110 1284 in
2128 1261 2279 1292 theologica

1034 1303 1158 1327 facultate
1170 1302 1337 1326 studentibus
1348 1302 1488 1334 provideat
1490 1320 2277 1330 ...............................
2322 1306 2368 1330 212

485 1367 527 1390 181
641 1373 669 1376 —
826 1377 857 1380 —
897 1364 925 1386 22
1003 1362 1168 1384 innocentius
1193 1361 1226 1384 lv
1250 1360 1341 1384 eximit
1368 1360 1558 1384 monasterium
1584 1361 1610 1384 S.
1636 1361 1706 1384 Petri
1730 1361 1900 1385 Carnotensis
1925 1361 1955 1386 Ο.
1982 1363 2008 1385 S.
2034 1363 2063 1386 B.
2088 1371 2104 1386 a
2126 1363 2278 1395 provisione

1034 1405 1153 1428 facienda
1172 1413 1221 1436 pro
1241 1405 1331 1428 decem
1349 1405 1439 1436 pueri·
1461 1405 1635 1428 orientalibus
1655 1405 1764 1429 Parisiis
1785 1406 1962 1435 studentibus,
1984 1407 2127 1431 dummodo
2153 1416 2202 1439 per
2223 1411 2278 1432 tres

1033 1458 1115 1473 annos
1131 1449 1168 1473 eis
1183 1449 1338 1481 pensionem
1353 1449 1440 1473 solvat
1442 1466 2277 1477 .................................
2322 1454 2368 1477 212

486 1515 529 1537 132
642 1521 668 1524 -—
826 1523 858 1528 —
897 1511 926 1533 22
1003 1508 1169 1531 Innocentius
1189 1508 1223 1530 lv
1240 1507 1358 1538 priorem
1377 1507 1406 1530 Β.
1427 1507 1526 1531 Mariae
1546 1508 1578 1531 de
1598 1508 1676 1531 Proto
1697 1508 1898 1540 Rotomagensis
1917 1513 2130 1533 conservatorem
2150 1510 2279 1541 praedicti

1033 1552 1168 1583 privilegii
1191 1551 1329 1575 constituit
1337 1569 2279 1580 .....................................
2323 1555 2370 1579 213

486 1617 530 1640 183
640 1622 671 1626 -
766 1613 928 1645 Septembris
944 1613 973 1636 12
1003 1611 1135 1633 statutum
1151 1609 1230 1641 capit.
1247 1609 1379 1641 generalis
1395 1609 1458 1633 Ord.
1475 1610 1594 1639 Cisterc„
1611 1610 1681 1642 quod
1695 1611 1846 1642 praefectus
1863 1611 2024 1635 studentium
2040 1611 2124 1635 Paris.
2138 1620 2190 1636 non
2205 1612 2280 1644 prior

1034 1655 1080 1678 sed
1090 1654 1213 1686 provisor
1224 1657 1332 1678 vocetur
1334 1671 2278 1681 .....................................
2323 1658 2371 1682 213

486 1720 530 1742 184
641 1724 671 1727 -
765 1715 920 1739 Novembris
939 1716 968 1738 24
1004 1712 1169 1736 innocentius
1194 1712 1227 1735 IV
1251 1711 1370 1735 concedit
1393 1715 1422 1735 ut
1445 1716 1577 1744 pauperes
1598 1712 1743 1742 scholares,
1764 1712 1810 1745 qui
1829 1713 1895 1737 Boni
1914 1713 1992 1745 pueri
2011 1714 2144 1743 dicuntur,
2167 1723 2281 1747 quorum
2319 1738 2323 1742 ,

1033 1757 1153 1780 custodia
1168 1757 1202 1780 ad
1217 1756 1406 1780 cancellarium
1416 1757 1499 1780 Paris.
1511 1757 1634 1788 pertinet,
1646 1757 1784 1789 propriam
1797 1758 1938 1789 capellam,
1949 1758 1995 1782 ubi
2010 1758 2100 1782 divina
2115 1758 2281 1784 celebrentur

1034 1802 1131 1830 officia,
1146 1801 1243 1825 habere
1258 1801 1362 1833 possint
1366 1818 2279 1830 ....................................
2324 1805 2370 1828 21¹1

486 1866 530 1889 185
621 1856 687 1883 1249
802 1862 889 1886 Martii
905 1863 935 1885 26
1004 1864 1169 1888 Innocentius
1190 1864 1223 1887 IV
1242 1863 1372 1895 permittit
1386 1866 1415 1887 ut
1431 1863 1520 1887 clerici
1536 1864 1671 1887 studentes
1692 1864 1840 1896 theologiae
1857 1865 1883 1888 in
1898 1865 1997 1888 scholis
2017 1866 2130 1889 fratrum
2149 1866 2280 1890 Minorum

1034 1908 1186 1940 provinciae
1213 1908 1386 1931 Bononiensis
1410 1908 1498 1940 quoad
1521 1908 1719 1940 perceptionem
1741 1909 1931 1933 beneficiorum
1954 1909 2002 1933 illa
2026 1909 2202 1942 indulgentia,
2227 1918 2281 1942 qua

1035 1953 1170 1976 studentes
1185 1952 1294 1976 Parisiis
1310 1952 1336 1976 in
1351 1952 1444 1976 eadem
1459 1953 1595 1982 facultate,
1610 1953 1744 1984 gaudeant
1747 1971 2279 1979 .....................
2322 1951 2368 1975 21¹¹

487 2017 531 2039 135
641 2023 671 2027 -
835 2009 902 2032 Maio
1004 2012 1137 2034 statutum
1152 2019 1210 2042 cup.
1227 2010 1359 2042 generalis
1375 2010 1438 2034 Ord.
1454 2010 1548 2034 Praed.
1565 2010 1615 2034 sub
1631 2019 1701 2042 mag.
1717 2010 1837 2035 Johanne
1852 2011 1995 2035 Teutonico
2010 2011 2128 2036 Treviris
2143 2012 2278 2042 celebrati,

1034 2064 1066 2079 ne
1082 2056 1216 2078 studentes
1232 2054 1348 2078 Parisios
1364 2054 1439 2078 missi
1455 2054 1544 2078 debita
1563 2055 1721 2078 contrahant
1723 2072 2278 2081 ......................
2324 2054 2370 2078 214

488 2123 530 2146 187
643 2130 671 2134 ——
816 2116 922 2140 Octobri
1003 2114 1158 2137 duramenta
1173 2112 1327 2144 eligentium
1347 2115 1475 2136 rectorem
1490 2115 1516 2136 et
1530 2113 1640 2136 rectoris
1655 2112 1779 2136 intrantis
1799 2113 1953 2137 electionem
1956 2131 2279 2139 .............
2324 2111 2370 2135 215

489 2181 531 2203 188
582 2173 728 2199 12404249
763 2191 972 2198 .........
1005 2176 1047 2198 Fr.
1065 2175 1147 2198 Adam
1167 2175 1199 2198 de
1219 2174 1331 2198 Marisco
1347 2174 1409 2198 Ord.
1427 2174 1558 2198 Minorum
1574 2174 1599 2198 in
1614 2174 1710 2206 Anglia
1725 2175 1819 2198 scribit
1834 2176 1866 2199 fr.
1883 2175 2025 2200 Guillelmo
2045 2176 2077 2199 de
2097 2176 2278 2208 Nottingham,

1035 2219 1156 2242 ministro
1171 2219 1232 2242 Min.
1254 2219 1280 2241 in
1298 2218 1403 2250 Angliu,
1420 2218 1451 2241 de
1467 2218 1595 2242 fratribus
1611 2218 1746 2242 mittendis
1761 2219 1887 2248 Parisios,
1903 2223 1933 2243 ut
1947 2220 2087 2251 provideat
2101 2221 2190 2244 studio
2204 2220 2280 2245 Pari-

1035 2263 1114 2287 siensi
1130 2263 1155 2286 in
1171 2263 1304 2294 praesenti
1320 2262 1484 2286 necessitatis
1501 2263 1633 2294 urgentia,
1649 2263 1718 2287 sicut
1732 2266 1757 2287 et
1772 2263 1804 2287 de
1820 2265 1851 2287 fr.
1866 2265 1904 2287 W.
1920 2264 1951 2287 de
1966 2264 2086 2288 Maddele
2089 2282 2279 2290 ........
2324 2263 2370 2287 218

491 2332 533 2354 139
643 2339 672 2343 -
766 2343 973 2350 .........
1006 2327 1046 2349 Fr.
1063 2326 1145 2349 Adam
1161 2326 1193 2348 de
1208 2325 1328 2353 Marisco,
1346 2324 1409 2348 Ord.
1426 2325 1557 2348 Minorum
1572 2325 1598 2348 in
1614 2325 1718 2356 Anglia,
1735 2325 1829 2349 scribit
1844 2327 1876 2350 fr.
1893 2326 2035 2350 Guillelmo
2051 2327 2083 2350 de
2098 2327 2278 2358 Nottingham,

1036 2370 1156 2393 ministro
1180 2369 1243 2393 Ord.
1268 2369 1293 2392 in
1316 2369 1420 2400 Anglia,
1444 2369 1476 2392 de
1501 2371 1532 2393 fr.
1556 2370 1668 2394 Ricardo
1690 2370 1874 2399 Cornubiensi,
1895 2371 1940 2402 qui
1964 2371 2080 2395 Parisios
2102 2371 2280 2403 transmigare

1039 2415 1158 2438 voluerut
1169 2431 2279 2440 ...........................................
2324 2415 2369 2438 217

490 2483 534 2504 190
624 2475 690 2500 1250
819 2477 877 2500 Muii
893 2478 920 2499 2⁸
1007 2477 1170 2500 innocentius
1188 2477 1219 2499 lv
1235 2479 1322 2499 ratum
1337 2479 1363 2499 et
1376 2479 1483 2507 gratum
1498 2476 1585 2504 habet,
1603 2476 1673 2508 quod
1688 2485 1702 2499 a
1717 2476 1846 2506 Johanne‚
1868 2477 1963 2501 abbate
1984 2478 2010 2501 S.
2028 2477 2162 2501 Benedicti
2177 2478 2280 2501 Floria-

1037 2521 1131 2550 censis,
1145 2524 1170 2544 et
1183 2520 1281 2549 odone,
1295 2520 1420 2552 episcopo
1434 2521 1593 2549 Tusculano,
1605 2521 1766 2552 apostolicae
1780 2521 1850 2544 sedis
1864 2521 1960 2553 legato,
1975 2522 2007 2545 de
2020 2522 2115 2545 studiis
2129 2522 2280 2554 aliquorum

1037 2566 1226 2589 monachorum
1240 2565 1358 2596 ejusdem
1378 2565 1531 2588 monasterii
1547 2565 1626 2588 fuerit
1641 2565 1792 2588 ordinatum
1801 2582 2278 2590 ...................
2324 2564 2370 2588 218

492 2632 533 2654 ¹91
646 2639 675 2642 —
827 2641 857 2644 —
892 2629 921 2650 30
1007 2628 1171 2651 innocentius
1188 2628 1220 2650 lv
1240 2627 1388 2650 Haimerico
1404 2627 1562 2650 cancellario
1580 2627 1722 2651 Parisiensi
1742 2628 1851 2651 mandat
1870 2631 1898 2651 ut
1918 2628 1950 2651 iis
1970 2628 2114 2660 religiosis,
2132 2636 2197 2660 quos
2219 2631 2281 2660 post
2299 2651 2300 2654 ,

1037 2672 1255 2695 examinationem
1270 2671 1377 2695 idoneos
1389 2671 1557 2703 judicaverit,
1570 2671 1704 2695 licentiam
1717 2680 1748 2695 ne
1760 2672 1959 2703 postulantibus
1973 2672 2080 2704 quidem
2092 2662 2227 2696 concedat.
2246 2689 2252 2696 .
2272 2690 2278 2697 .
2325 2671 2371 2694 219

492 2738 536 2760 192
648 2744 674 2748 -
796 2734 905 2764 Augusti
921 2735 951 2756 ‘2ss
1008 2734 1172 2757 Innocentius
1189 2734 1221 2756 lv
1241 2733 1376 2757 monachis
1397 2733 1564 2756 studentibus
1585 2733 1650 2757 Ord.
1668 2733 1776 2757 Cisterc.
1793 2733 1820 2757 in
1835 2742 1903 2758 nova
1920 2734 2082 2757 habitatione
2098 2734 2124 2757 in
2140 2734 2280 2758 Cardineto

1037 2778 1128 2801 eadem
1143 2778 1294 2809 privilegia,
1311 2786 1377 2809 quae
1397 2777 1472 2809 prius
1492 2778 1635 2806 habebant,
1652 2778 1712 2801 aliis
1733 2778 1873 2810 adjunctis,
1890 2778 2008 2802 concedit
2011 2795 2279 2802 ...........
2298 2777 2300 2781 “
2324 2778 2370 2801 219

493 2844 536 2866 193
772 2839 933 2870 Septembris
949 2840 977 2862 12
1006 2840 1158 2871 Capitulum
1173 2840 1295 2871 generale
1315 2839 1378 2864 Ord.
1395 2839 1504 2863 Cisterc.
1520 2840 1654 2871 provisori
1669 2839 1750 2863 studii
1766 2840 1875 2864 Parisiis
1890 2840 2061 2871 privilegium
2081 2841 2200 2864 concedit
2218 2858 2225 2864 .
2245 2858 2251 2864 .
2272 2858 2278 2865 .
2298 2858 2299 2861 ,
2324 2841 2373 2874 220„

493 2906 536 2928 194
648 2913 677 2916 —
769 2918 976 2925 .........
1007 2902 1070 2925 Ουῑο
1085 2902 1239 2933 positiones,
1255 2902 1282 2925 in
1297 2901 1393 2933 quibus
1410 2902 1501 2924 Petrus
1518 2902 1691 2930 Lombardus,
1708 2902 1835 2933 magister
1855 2901 2059 2931 Sententiarum,
2075 2902 2249 2926 communiter
2263 2910 2279 2926 a
2297 2898 2300 2905 ⁷

1040 2946 1173 2977 magistris
1194 2946 1387 2969 parisiensibus
1409 2953 1461 2968 non
1481 2946 1619 2969 tenebatur
1622 2963 2278 2971 ..........................
2324 2947 2370 2970 220
