2580 3528
467 431 530 463 612
1050 440 1368 463 annTULAnlUM
1404 439 1594 461 exurens.
1631 438 1761 460 lunis.
2242 428 2343 470 [1284

467 526 563 555 nem,
595 514 713 547 solum
742 515 920 560 pertineat
948 514 991 547 ad
1018 514 1235 555 facultatem,
1257 513 1315 546 cui
1335 512 1494 545 facultati
1525 518 1694 545 tenentur
1714 512 1839 556 jurare
1868 511 2053 546 bacellarii
2083 525 2194 558 super
2218 513 2363 554 multis,

468 581 623 623 statutis,
642 593 708 614 nec
729 581 832 614 aliter
854 581 1103 626 reciperentur
1128 581 1172 613 ad
1192 580 1455 625 incipiendum,
1480 590 1546 611 nec
1570 590 1729 623 unquam
1750 579 1886 624 recepti
1908 586 2004 619 sunt,
2029 579 2342 625 qualitercumque

468 655 593 681 essent
617 660 634 681 a
660 648 875 681 cancellario
897 648 1084 689 licentiati,
1111 654 1145 680 et
1166 647 1234 679 hoc
1255 646 1364 679 habet
1383 645 1534 678 facultas
1555 645 1600 678 de
1629 645 1896 678 consuetudine
1917 646 2126 692 approbata,
2158 653 2194 680 et
2221 653 2278 680 est
2305 646 2342 679 in

468 715 705 759 possessione
731 714 839 759 hujus
864 726 870 746 :
899 714 1063 759 magistri
1091 713 1253 758 predicte
1281 712 1460 745 facultatis
1488 712 1524 744 in
1553 711 1745 745 statuendo
1772 712 1870 757 quod
1897 712 2037 746 nullum
2065 713 2273 758 reciperent
2297 713 2342 746 ad

469 782 717 826 magisterium
746 781 816 813 nisi
847 781 1137 821 determinasset,
1170 779 1281 811 nichil
1308 779 1475 811 fecerunt
1501 785 1625 811 contra
1654 778 1857 811 libertatem
1886 779 2104 812 cancellarii.
2134 780 2226 813 Cum
2255 779 2343 813 dicit

468 848 706 880 cancellarius
727 854 864 892 postca,
888 847 984 891 quod
1010 846 1078 878 hoc
1106 852 1161 878 est
1188 851 1312 878 contra
1340 845 1644 878 consuetudinem
1672 844 1847 878 hactenus
1873 845 2113 887 observatam,
2135 845 2202 878 hec
2223 845 2343 879 decla-

469 926 553 947 rans
581 926 645 959 per
672 914 740 946 hoc
769 913 851 958 quia
872 925 890 946 a
917 919 1091 957 tempore,
1115 924 1133 945 a
1153 924 1224 956 quo
1251 924 1324 944 non
1353 918 1447 944 extat
1474 911 1660 953 memoria,
1683 923 1828 957 semper
1852 912 2070 957 inceperunt
2094 911 2280 945 bacellarii
2305 912 2342 946 in

468 981 630 1013 examine
657 982 763 1012 Beate
791 980 902 1012 Marie
928 979 1115 1020 licentiati,
1138 979 1214 1012 sive
1240 978 1548 1011 determinassent
1573 978 1650 1012 sive
1676 990 1761 1020 non,
1785 978 1941 1011 dicimus
1968 979 2066 1024 quod
2094 991 2160 1024 per
2179 978 2248 1012 hoc
2268 991 2342 1012 non

467 1047 593 1092 probat
614 1046 852 1079 cancellarius
877 1045 1014 1090 aliquid
1042 1057 1124 1078 esse
1150 1051 1265 1078 actum
1289 1051 1413 1078 contra
1439 1045 1743 1078 consuetudinem
1769 1057 1836 1078 nec
1863 1045 2168 1086 consuetudines3
2198 1058 2280 1079 nam
2304 1045 2342 1078 in

467 1114 612 1159 optione
633 1113 811 1146 facultatis
832 1113 1036 1145 artistarum
1058 1124 1203 1157 semper
1223 1112 1290 1145 fuit
1310 1112 1399 1145 tales
1421 1112 1586 1157 recipere
1602 1112 1660 1146 vel
1681 1124 1755 1145 nou
1776 1112 1952 1158 recipere,
1971 1124 2037 1158 pro
2059 1124 2124 1146 sue
2144 1112 2342 1146 voluntatis

466 1181 582 1222 libito,
619 1180 712 1213 sicut
737 1179 955 1212 declaratum
986 1186 1051 1212 est.
1084 1180 1175 1213 Cum
1210 1179 1298 1212 dicit
1331 1179 1426 1212 idem
1463 1179 1702 1212 cancellarius
1737 1179 1834 1224 quod
1871 1179 1939 1212 hoc
1970 1186 2026 1213 est
2052 1186 2176 1213 contra
2212 1180 2340 1221 Deum,

466 1253 614 1292 propter
638 1246 755 1279 bonos
781 1246 842 1291 qui
862 1246 1013 1279 veniunt
1034 1246 1079 1279 de
1107 1246 1246 1279 Oxonia
1268 1253 1301 1279 et
1323 1245 1403 1279 aliis
1424 1245 1589 1291 partibus
1610 1246 1774 1288 remotis,
1797 1258 1890 1291 quos
1918 1258 1991 1279 non
2017 1245 2145 1279 liceret
2172 1246 2344 1279 determi-

466 1326 568 1355 nare3
596 1314 639 1346 ad
660 1313 728 1346 hoc
759 1325 977 1358 responsum
999 1319 1055 1346 est
1080 1325 1145 1358 per
1172 1313 1417 1358 precedentia.
1441 1313 1619 1356 Quoniam
1641 1313 1694 1346 illi
1719 1313 1764 1346 de
1785 1312 1938 1355 Oxonia,
1963 1313 1994 1346 si
2021 1312 2344 1346 determinaverint

465 1380 528 1422 ibi,
551 1393 623 1413 non
644 1387 826 1425 coguntur
846 1380 1007 1413 Parisius
1029 1380 1286 1422 determinare,
1309 1379 1404 1413 sicut
1425 1379 1644 1412 declaratum
1666 1386 1723 1413 est
1743 1380 1914 1425 superius
1935 1380 1972 1412 in
1993 1380 2206 1413 recitatione
2226 1379 2342 1412 forme

466 1447 604 1487 statuti;
628 1447 658 1480 si
678 1459 750 1479 non
771 1446 1105 1488 dcterminaverint,
1128 1459 1201 1479 non
1229 1453 1284 1479 est
1311 1446 1447 1479 bonum
1475 1446 1573 1491 quod
1594 1445 1751 1479 habeant
1770 1447 1943 1491 majorem
1965 1445 2169 1479 libertatem
2190 1446 2228 1478 in
2248 1445 2343 1479 Pari·

465 1514 578 1547 siensi
600 1514 735 1555 studio,
758 1526 862 1558 quam
889 1513 942 1546 illi
963 1514 1025 1558 qui
1046 1513 1181 1546 ibidem
1205 1513 1266 1546 diu
1287 1513 1451 1554 fuerunt;
1475 1520 1510 1546 et
1537 1519 1671 1558 quanto
1697 1513 1870 1546 meliores
1898 1519 1996 1554 sunt,
2022 1519 2119 1546 tanto
2147 1512 2280 1546 melius
2307 1519 2344 1546 et

465 1581 636 1614 subtilius
663 1581 905 1614 determinare
927 1587 1093 1625 possunt.
1117 1581 1161 1613 Et
1181 1580 1264 1613 ideo
1286 1579 1380 1612 bene
1403 1580 1506 1613 decet
1535 1591 1599 1613 eos
1627 1579 1788 1613 Parisius
1816 1580 2073 1621 determinare,
2095 1579 2127 1612 si
2154 1578 2240 1612 alibi
2267 1591 2342 1612 non

466 1648 798 1689 determinaverint,
829 1659 910 1680 cum
937 1647 1031 1680 bene
1064 1653 1099 1680 et
1129 1646 1312 1680 subtiliter
1342 1653 1377 1680 et
1403 1646 1635 1680 laudabiliter
1662 1647 1807 1692 possint
1833 1646 1901 1679 hoc
1928 1647 2059 1679 facere.
2083 1646 2173 1680 Cum
2203 1646 2343 1679 dicatur

465 1722 590 1761 postea
616 1714 713 1759 quod
746 1714 814 1746 hoc
847 1721 902 1747 est
933 1720 1057 1746 contra
1087 1713 1242 1746 litteram
1271 1713 1408 1746 domini
1437 1713 1567 1758 pape¹³
1598 1713 1635 1746 in
1662 1725 1731 1758 qua
1759 1713 1979 1754 continetur,
2014 1712 2216 1746 secundum
2244 1712 2343 1758 quod

465 1782 595 1815 asserit
621 1781 681 1814 ille
709 1781 960 1822 cancellarius,
984 1780 1082 1825 quod
1102 1780 1181 1826 ipse
1201 1780 1307 1813 faciat
1327 1780 1522 1813 examinari
1548 1780 1777 1822 bacellarios,
1800 1787 1847 1822 et,
1870 1791 1963 1825 quos
1988 1779 2170 1813 invenerit
2194 1779 2340 1825 dignos,

464 1849 638 1889 licentiet,
661 1861 727 1881 nec
748 1847 787 1880 fit
813 1847 863 1880 ibi
884 1848 1019 1880 mentio
1046 1847 1090 1880 de
1117 1859 1241 1880 eorum
1270 1847 1590 1887 determinatione3
1614 1847 1770 1880 dicimus
1796 1847 1840 1880 ad
1865 1846 1933 1879 hoc
1955 1846 2053 1891 quod
2073 1846 2131 1879 hic
2153 1845 2267 1879 nichil
2288 1852 2344 1880 est

465 1917 594 1948 factum
628 1922 752 1948 contra
789 1915 956 1956 litteram,
984 1926 1064 1947 cum
1100 1926 1164 1959 per
1201 1921 1386 1955 statutum,
1414 1914 1509 1947 sicut
1547 1921 1695 1959 apparet
1731 1926 1796 1959 per
1825 1914 1975 1946 formam
2013 1913 2136 1946 statuti
2170 1912 2342 1958 superius

466 1983 609 2023 dictam,
632 1994 704 2014 non
731 1988 867 2014 artetur
894 1981 1132 2014 cancellarius
1160 1981 1203 2014 ad
1228 1981 1297 2014 hoc
1325 1981 1423 2025 quod
1453 1981 1610 2026 aliquem
1639 1993 1712 2013 non
1740 1980 1901 2013 licentiet
1930 1980 2001 2013 nisi
2031 1979 2340 2021 determinaverit,

467 2049 617 2093 recipiat
644 2048 674 2080 si
696 2047 765 2080 sibi
787 2047 916 2092 placet,
941 2054 976 2080 ct
995 2047 1158 2080 licentiet
1176 2047 1260 2080 illos
1282 2047 1343 2092 qui
1365 2059 1437 2080 non
1459 2047 1805 2080 determinaverunt.
1835 2046 2055 2079 Licentiatos
2083 2046 2192 2079 modo
2218 2045 2342 2079 debito

467 2122 503 2148 et
522 2115 630 2148 solito
652 2114 852 2147 secundum
880 2114 1181 2147 consuetudinem
1208 2113 1454 2158 approbatam,
1478 2121 1512 2147 et
1533 2126 1597 2158 per
1622 2113 1723 2147 illum
1750 2114 1897 2147 modum
1919 2113 1956 2146 in
1978 2114 2083 2158 cujus
2104 2113 2342 2158 possessione

466 2181 615 2215 facultas
643 2188 699 2214 est
726 2193 836 2226 super
864 2181 947 2222 isto,
978 2180 1128 2213 facultas
1159 2180 1340 2225 reputabit
1368 2180 1452 2214 illos
1481 2180 1703 2221 licentiatos;
1741 2187 1776 2214 et
1809 2181 1861 2214 sic
1894 2192 1937 2213 ex
1967 2180 2030 2213 illo
2066 2187 2199 2214 statuto
2230 2179 2343 2213 nichil

467 2249 596 2281 sactum
619 2254 674 2280 est
694 2254 818 2280 contra
838 2247 992 2280 litteram
1015 2247 1225 2292 predictam.
1248 2248 1588 2291 Quantumcumque
1609 2253 1727 2280 tamen
1748 2246 1880 2292 aliquis
1906 2247 2113 2280 licentiatus
2137 2247 2248 2280 fuerit
2273 2246 2342 2280 sub

468 2315 721 2348 observatione
752 2314 1022 2347 condictionum
1054 2326 1124 2358 que
1158 2314 1194 2346 in
1228 2313 1374 2346 licentia
1410 2313 1631 2346 conferenda
1667 2313 1854 2347 observari
1891 2313 2026 2347 debent
2058 2326 2077 2346 a
2110 2313 2341 2355 cancellario,

468 2382 585 2426 ipsum
615 2388 733 2414 tamen
759 2381 803 2413 ad
831 2380 1078 2426 magisterium
1106 2392 1179 2413 non
1208 2380 1359 2425 recipiet
1385 2379 1536 2413 facultas
1566 2380 1637 2413 nisi
1662 2380 1841 2425 juraverit
1867 2392 1906 2413 se
1935 2380 2213 2421 determinasse,
2245 2379 2344 2424 quod

469 2454 637 2480 statutum
669 2454 725 2480 est
751 2447 787 2479 in
819 2447 999 2488 facultate,
1029 2453 1064 2479 et
1090 2446 1156 2479 alia
1187 2459 1257 2491 que
1286 2453 1429 2480 tenetur
1450 2448 1575 2491 jurare
1603 2446 1758 2492 quilibet
1786 2447 1980 2492 incipiens,
2010 2452 2342 2492 quantumcumque

469 2514 577 2546 fuerit
602 2514 820 2554 licentiatus,
850 2520 1038 2558 antequam
1066 2514 1109 2546 ad
1137 2513 1385 2559 magisterium
1416 2513 1610 2559 recipiatur
1635 2513 1672 2546 in
1704 2513 1872 2547 facultate
1904 2520 1939 2546 et
1965 2525 2030 2559 per
2056 2512 2278 2553 facultaten13
2307 2519 2343 2546 et

473 2587 617 2625 propter
638 2580 705 2613 hoc
735 2579 846 2612 nichil
873 2580 1004 2613 sactum
1033 2587 1088 2613 est
1113 2586 1236 2613 contra
1257 2579 1411 2613 litteram
1439 2579 1576 2612 domini
1604 2591 1707 2625 pape,
1731 2580 1825 2613 sicut
1851 2580 1967 2613 visum
1997 2586 2063 2613 est.
2087 2580 2189 2621 Item,
2211 2579 2249 2611 in
2273 2578 2342 2612 hoc

471 2647 568 2691 quod
594 2646 830 2679 cancellarius
856 2646 954 2688 dicit,
978 2647 1075 2691 quod
1103 2647 1268 2692 magistri
1301 2654 1426 2680 nostre
1453 2646 1646 2688 facultatis,
1678 2647 1715 2679 in
1745 2646 1938 2679 statuendo
1969 2646 2067 2691 quod
2097 2645 2220 2678 nullus
2249 2645 2342 2678 reei-

471 2719 618 2758 peretur
638 2713 681 2745 ad
707 2713 955 2757 magisterium
982 2713 1053 2746 nisi
1080 2713 1373 2755 determinasset,
1396 2714 1562 2746 fecerunt
1587 2719 1711 2746 contra
1739 2713 1894 2746 litteram
1920 2712 2058 2745 domini
2084 2723 2174 2756 pape
2195 2723 2275 2744 cum
2304 2711 2342 2744 in

471 2791 511 2811 ea
541 2778 638 2811 nulla
669 2778 728 2811 fiat
754 2779 888 2811 mentio
917 2778 961 2811 de
991 2779 1306 2821 determinatione,
1328 2779 1364 2812 in
1385 2779 1453 2812 hoc
1474 2779 1629 2812 dicendo
1651 2778 1888 2812 cancellarius
1909 2778 2167 2822 interpretatur
2186 2777 2341 2810 litteram

472 2845 609 2878 domini
638 2857 742 2890 pape,
778 2845 875 2889 quod
904 2845 1021 2877 facere
1050 2857 1122 2878 11011
1153 2845 1313 2878 deberet.
1346 2847 1448 2888 Item,
1477 2845 1730 2879 determinatio
1756 2852 1812 2878 est
1838 2856 1934 2877 unus
1958 2843 2185 2877 honorabilis
2205 2844 2341 2889 gradus

472 2912 673 2957 attingendi
710 2911 972 2956 magisterium,
1004 2918 1039 2944 et
1070 2912 1169 2944 utilis
1199 2912 1403 2945 scolaribus
1438 2919 1586 2958 propter
1618 2912 1776 2945 rationes
1811 2911 1981 2956 superius
2015 2910 2201 2943 adductas.
2238 2911 2341 2943 Hunc

472 2986 589 3011 autem
612 2979 763 3023 gradum
788 2990 868 3011 cum
890 2990 1017 3010 omnes
1038 2978 1274 3020 dimitterent,
1295 2979 1516 3023 accipientes
1543 2978 1746 3023 exemplum
1778 2984 1926 3023 propter
1947 2977 2123 3022 quosdam
2146 2977 2207 3022 qui
2227 2976 2342 3010 licen-
