2580 3528
499 413 563 446 516
1074 419 1394 443 cimai-misaam
1427 417 1619 440 usuras.
1655 417 1786 439 mins.
2269 407 2368 449 [1274

497 497 616 530 tiones
638 508 721 530 suas
742 496 860 541 ipsum
882 496 987 536 mori,
1009 495 1172 539 magistri
1201 483 1372 538 regentes
1397 498 1566 525 tenentur
1591 491 1635 523 ad
1663 491 1720 523 sui
1746 490 1940 524 servicium
1967 503 2006 524 ac
2027 491 2058 524 si
2080 497 2180 525 esset
2198 502 2366 537 presens,

498 571 530 597 et
551 563 619 596 hoc
641 570 810 596 statutum
833 569 885 595 est
907 562 951 595 dc
972 561 1153 594 communi
1176 560 1335 593 omnium
1359 558 1555 591 voluntate.

589 631 676 662 Item
703 629 865 674 predicto
893 640 999 667 anne,
1029 627 1191 672 predicto
1212 628 1242 659 J.
1266 626 1402 658 decano
1429 624 1619 665 existente,
1647 623 1851 658 ordinatum
1873 624 1941 658 fuit
1959 625 1997 658 in
2017 625 2207 671 presencia
2234 626 2368 672 magis-

499 703 635 730 trorum
666 703 698 728 rt
728 695 987 728 venerabilium
1016 694 1175 727 virorum
1205 694 1245 725 H.
1276 693 1320 724 de
1351 691 1511 730 Parma¹,
1539 692 1569 724 J.
1600 691 1717 732 Parvi,
1746 692 1783 724 F.
1813 691 1988 734 Britonis‚
2019 693 2057 725 P.
2086 692 2131 725 de
2157 692 2328 726 Alvernia
2340 693 2365 734 ¹,

499 764 536 798 P.
565 763 608 795 de
630 764 730 795 Novo
756 761 927 799 (justello.
955 762 998 793 V.
1028 761 1175 800 Bouret,
1202 760 1233 791 J.
1262 758 1305 790 dc
1332 757 1540 802 CathalagO,
1570 758 1609 790 R.
1638 757 1853 799 Meldensis,
1880 759 1910 791 J.
1939 758 1983 791 de
2011 758 2190 804 Nigella⁸,
2217 760 2247 792 J.
2275 760 2368 792 Nor-

498 830 632 870 manni,
659 829 755 873 quod
782 828 949 860 decetero
978 826 1139 870 sigillum
1168 837 1290 858 eorum
1322 825 1359 856 in
1388 836 1493 857 manu
1523 831 1711 869 sequestra
1740 836 1813 857 non
1840 825 2045 870 deponetur
2065 826 2137 859 nisi
2162 837 2274 871 super
2298 825 2366 859 hoc

499 896 667 929 dominus
688 907 776 939 papa
798 893 1048 926 ordinaverit⁴.

587 964 673 994 Item
696 961 822 993 eodem
844 972 950 1000 anno,
969 960 1142 1004 magistro
1162 960 1191 991 J.
1215 959 1259 991 de
1281 959 1415 990 Roseto
1437 958 1573 991 decano
1595 958 1786 1000 existente,
1808 958 2070 993 ordinaverunt
2089 961 2187 1005 quod
2203 961 2366 1007 sigillum

498 1041 620 1061 eorum
647 1028 750 1060 fieret
779 1027 823 1059 dc
853 1033 1002 1071 argento
1033 1026 1076 1058 ad
1107 1026 1278 1070 majorem
1309 1024 1633 1058 confirmationem.
1666 1026 1755 1058 Item
1784 1025 1989 1059 ordinatum
2021 1033 2075 1060 est
2106 1027 2150 1061 de
2180 1040 2366 1063 consensu

497 1095 655 1127 omnium
678 1094 919 1139 predictorum
942 1105 1006 1137 pro
1028 1092 1179 1125 utilitate
1206 1098 1239 1124 et
1266 1091 1454 1125 honestate
1482 1092 1665 1124 communi
1692 1092 1790 1137 quod
1816 1092 1940 1126 nullus
1966 1093 2140 1139 magister
2167 1094 2266 1140 legat
2283 1107 2366 1129 cur-

496 1161 591 1194 sorie
614 1172 676 1205 per
697 1160 914 1205 quindenam
936 1166 1016 1191 ante
1038 1165 1073 1191 et
1093 1165 1175 1204 post
1195 1159 1326 1191 festum
1349 1165 1471 1191 sancte
1493 1158 1658 1192 Crucis⁵.

589 1259 651 1282 Cod.
663 1259 719 1282 Vat.
736 1259 798 1290 Reg.
815 1259 869 1286 406,
887 1258 921 1281 sol
938 1257 991 1281 58¹².
1009 1258 1074 1281 Mus.
1091 1257 1220 1285 Britanm,
1232 1257 1318 1280 Addit.
1336 1265 1410 1285 mss„
1427 1261 1456 1279 n⁰
1470 1257 1554 1285 17:304,
1571 1257 1614 1280 sol.
1631 1257 1686 1286 691²,
1704 1257 1801 1289 ubique
1814 1257 1864 1281 sub
1879 1258 1986 1281 rubrica
2002 1266 2007 1282 t
2026 1267 2037 1282 «
2054 1259 2089 1282 De
2104 1259 2195 1283 eodem
2209 1267 2231 1288 »,
2247 1259 2368 1291 sequitur

494 1304 562 1327 enim
578 1304 603 1327 in
619 1311 682 1327 mss.
699 1304 882 1326 documentum
901 1303 970 1326 infra
985 1307 1013 1325 n⁰
1028 1304 1074 1326 453
1093 1303 1200 1326 editum.
1221 1302 1298 1325 Deest
1313 1301 1338 1324 in
1353 1302 1411 1325 cod.
1430 1301 1566 1325 Cheltenh.
1582 1315 1608 1319 —›
1623 1302 1747 1331 Bulaeus,
1764 1303 1809 1331 111,
1825 1303 1879 1326 410.

588 1389 610 1411 ’1.
627 1388 690 1410 Vide
705 1396 786 1419 supra
802 1393 830 1410 n0
844 1388 898 1410 444.
913 1401 944 1404 —
960 1388 981 1410 2.
1001 1388 1052 1410 Iste
1067 1388 1159 1410 Petrus
1175 1388 1206 1411 de
1221 1387 1343 1411 Alvernia
1359 1387 1492 1410 facultatis
1506 1387 1650 1410 medicinae
1666 1395 1717 1410 non
1732 1390 1772 1410 est
1787 1387 1856 1411 idem
1871 1396 1901 1410 ac
1916 1388 2008 1411 Petrus
2024 1388 2056 1411 de
2070 1388 2202 1416 Alvernia,
2218 1388 2263 1420 qui
2277 1389 2338 1413 1275
2350 1397 2367 1413 a

494 1432 599 1455 Simone
614 1433 700 1463 legato
716 1435 800 1455 rector
811 1432 996 1456 Universitatis
1013 1435 1052 1455 est
1067 1432 1226 1460 nominatus,
1243 1440 1303 1455 cum
1315 1432 1371 1463 jam
1386 1432 1437 1455 isto
1450 1435 1568 1463 tempore
1581 1432 1650 1455 sicut
1662 1435 1688 1455 et
1700 1435 1776 1455 antea
1791 1435 1906 1455 rectores
1920 1432 2107 1456 universitatis
2123 1433 2228 1456 nonnisi
2241 1441 2272 1457 ex
2286 1434 2367 1457 facul-

492 1480 545 1500 tate
566 1477 662 1500 artium
683 1477 757 1500 electi
783 1477 886 1500 suerint.
902 1490 933 1494 ·—-
947 1478 970 1499 3.
991 1477 1069 1499 Juxta
1088 1485 1137 1500 ms).
1158 1477 1206 1500 lat.
1226 1479 1287 1500 5005
1302 1477 1329 1500 in
1343 1476 1412 1500 Bibl.
1429 1479 1482 1500 nat.
1499 1477 1583 1500 Paris.
1601 1476 1729 1508 magister
1742 1476 1876 1500 Jolmnnes
1897 1477 1929 1500 de
1948 1477 2052 1509 Nigella
2073 1477 2122 1501 fuit
2145 1477 2271 1509 physicus
2293 1478 2366 1510 regis

494 1521 580 1545 Caroli
601 1522 612 1544 1
632 1521 759 1553 (d'Anjou)
775 1521 888 1544 Siciliae.
906 1521 969 1544 Vide
984 1521 1089 1549 Delisle,
1107 1522 1220 1546 Cabinet
1234 1522 1280 1546 des
1294 1528 1369 1552 mss„
1385 1522 1418 1550 ll,
1434 1522 1488 1544 386.
1505 1521 1690 1545 Verisimiliter
1709 1524 1750 1544 est
1768 1521 1846 1550 idem,
1868 1521 1913 1553 qui
1935 1530 2002 1545 anno
2023 1522 2084 1546 1259
2103 1525 2190 1546 rector
2210 1522 2365 1546 artistarum

495 1567 551 1589 suit.
569 1567 606 1589 Cf.
625 1574 706 1597 supra
720 1570 749 1588 n0
763 1567 817 1594 354,
835 1575 859 1589 n.
876 1567 897 1588 2.
914 1579 945 1583 -
957 1567 979 1589 4.
997 1566 1037 1589 Cf.
1052 1566 1084 1589 ad
1098 1566 1147 1589 hoc
1161 1575 1241 1597 supra
1258 1571 1286 1589 n⁰
1300 1567 1355 1590 446.
1370 1580 1401 1584 —-
1416 1568 1438 1589 5.
1455 1567 1484 1589 14
1501 1566 1673 1598 Septembris.

492 1723 605 1760 452.
632 1732 793 1768 Capitulum
808 1741 903 1758 eorum
919 1732 959 1758 ad
972 1742 1046 1768 quae
1061 1737 1192 1759 tenentur·
1204 1742 1317 1759 cursum
1332 1734 1458 1770 incipere
1474 1733 1604 1760 volentes.

1691 1805 1733 1831 An.
1749 1806 1796 1832 127
1800 1806 1831 1831 0-
1835 1806 1910 1835 1274,
1924 1805 1943 1840 [
1944 1806 2051 1831 Parisiis
2051 1805 2077 1840 J

583 1879 775 1912 Sciendum
806 1879 902 1923 quod
933 1878 1127 1912 bachalarii
1160 1880 1196 1912 in
1226 1879 1392 1913 facultate
1423 1880 1603 1913 medicine
1633 1880 1678 1913 de
1708 1892 1802 1914 novo
1832 1891 1978 1913 cursum
2010 1880 2172 1925 incipere
2197 1879 2363 1913 volentes

494 1952 662 1978 tenentur
683 1958 746 1991 per
766 1946 872 1979 fidem
895 1946 937 1978 ad
959 1946 1077 1979 omnia
1099 1959 1169 1991 que
1191 1954 1406 1992 sequuntur.
1426 1948 1494 1980 Pro
1515 1947 1607 1980 sacto
1629 1947 1736 1980 fidem
1759 1946 1896 1980 dabunt
1915 1946 2013 1991 quod
2030 1946 2246 1980 servabunt¹
2265 1947 2364 1980 ordi-

495 2013 678 2053 naciones,
701 2019 842 2053 statuta,
865 2012 1037 2054 honores,
1059 2014 1347 2047 consuetudines
1377 2013 1569 2055 facultatis,
1592 2026 1662 2058 que
1692 2025 1757 2059 per
1786 2013 1986 2046 decanum'
2008 2013 2065 2047 vel
2095 2025 2160 2059 per
2189 2013 2365 2047 aliumet

493 2079 591 2111 vices
619 2079 743 2111 decani
770 2081 980 2124 gerentem⁸
1005 2080 1062 2113 vel
1090 2092 1160 2125 que
1188 2092 1252 2125 per
1278 2087 1386 2113 totam
1413 2080 1617 2113 facultatem
1643 2079 1901 2113 indicabuntur
1927 2080 2078 2113 eisdem.
2109 2081 2197 2114 Item
2226 2079 2364 2114 dabunt

494 2145 600 2178 fidem
638 2146 773 2178 decano
803 2146 860 2179 vel
887 2146 946 2179 alii
986 2147 1112 2179 decani
1152 2147 1307 2180 officium
1337 2154 1422 2180 tunc
1449 2147 1591 2192 gerenti
1625 2147 1704 2182 vel‘
1731 2159 1849 2180 coram
1887 2153 1958 2180 tota
1990 2146 2158 2180 facultate
2194 2147 2292 2192 quod
2325 2147 2363 2180 in

494 2212 670 2244 medicina
705 2212 907 2245 audiverint
942 2225 1007 2258 per
1040 2214 1178 2246 annos⁵
1214 2225 1356 2254 novem,
1399 2220 1435 2246 et
1468 2214 1539 2247 sint
1574 2214 1610 2246 in
1645 2220 1785 2259 quarto,
1825 2214 1869 2246 de
1907 2226 1978 2259 quo
2008 2214 2214 2247 audiverint
2247 2225 2312 2259 per
2340 2224 2363 2246 v

494 2291 651 2312 menses.
679 2281 722 2312 Et
747 2280 776 2312 si
802 2279 1028 2313 bachalarius
1053 2281 1098 2313 de
1126 2280 1291 2325 quolibet
1316 2281 1494 2313 dictorum
1515 2293 1692 2313 annorum
1714 2292 1778 2326 per
1804 2292 1839 2313 1x
1864 2292 2011 2314 menses
2038 2280 2218 2314 medicine
2240 2280 2361 2314 studio

494 2357 566 2378 non
586 2346 775 2386 vacaverit,
799 2346 1058 2379 nichilominus
1078 2347 1195 2380 eidem
1217 2347 1365 2392 legendi
1385 2359 1531 2380 cursum
1553 2347 1706 2380 licencia
1727 2348 1961 2388 concedetur,
1984 2347 2181 2380 dummodo
2202 2359 2268 2392 per
2287 2348 2363 2380 30&

494 2419 529 2444 et
548 2412 639 2445 duos
661 2424 805 2445 menses
824 2412 1050 2446 baehalarius
1071 2414 1107 2446 in
1129 2414 1221 2446 dicta
1243 2414 1393 2451 scientia
1414 2414 1574 2447 Parisius
1591 2414 1773 2447 studuerit
1789 2414 1997 2459 diligenter,
2020 2413 2160 2447 scilicet
2180 2413 2361 2447 audiendo

494 2478 675 2511 ordinarie
696 2491 768 2511 non
788 2480 1028 2524 computando
1058 2487 1219 2525 tempore
1246 2481 1457 2514 vacationis.
1486 2482 1572 2514 ltem
1599 2481 1706 2514 fidem
1734 2480 1871 2514 dabunt
1896 2481 1994 2526 quod
2019 2480 2076 2513 bis
2103 2479 2363 2526 responderint

495 2544 538 2576 de
560 2545 750 2588 questione
771 2546 807 2577 in
829 2545 939 2578 scolis
960 2546 1113 2579 duorum
1135 2547 1406 2591 magistrorum,
1433 2548 1484 2580 sic
1506 2548 1760 2593 intelligendo,
1783 2548 1820 2580 in
1842 2547 2088 2592 disputatione
2110 2546 2306 2592 sollempni
2326 2552 2362 2580 et

495 2622 566 2642 non
587 2610 623 2642 in
644 2610 811 2652 lectione,
833 2612 890 2644 vel
911 2612 1035 2645 saltem
1059 2613 1171 2646 semel
1192 2613 1229 2646 in
1251 2614 1495 2659 disputatione
1516 2614 1692 2659 generali.
1716 2616 1803 2647 Item
1826 2613 1963 2647 dabunt
1983 2620 2111 2658 quarto
2132 2613 2240 2646 fidem
2261 2612 2360 2657 quod

494 2675 624 2708 librum
653 2689 757 2721 quem
784 2677 908 2721 legent
931 2679 1093 2711 cursorie
1120 2680 1274 2712 eundem
1302 2680 1484 2713 ordinarie
1510 2681 1726 2714 audiverint.
1755 2682 1843 2714 Item
1870 2680 2008 2713 dabunt
2031 2680 2113 2725 iiijor
2137 2678 2268 2712 bursas
2289 2691 2359 2724 que

495 2742 610 2786 primo
645 2755 662 2775 a
696 2742 897 2775 bachalario
932 2756 1076 2777 cursum
1113 2745 1156 2778 de
1192 2758 1285 2779 novo
1320 2746 1443 2791 legere
1477 2747 1613 2780 volenti
1647 2754 1728 2780 ante
1763 2759 1869 2780 omne
1898 2747 2143 2791 juramentum
2173 2751 2357 2790 receptum

495 2814 672 2852 petantur.
710 2809 797 2840 Item
831 2808 974 2841 bedello
1010 2822 1114 2842 unam
1144 2810 1289 2844 bursam
1320 2812 1363 2844 ad
1394 2813 1525 2846 minus.
1559 2815 1647 2846 ltem
1677 2813 1784 2846 fidem
1816 2812 1953 2846 dabunt
1982 2811 2080 2857 quod
2109 2810 2271 2856 qualibet
2300 2811 2359 2844 die

495 2873 639 2907 Sabbati
659 2874 861 2907 intererunt
881 2875 991 2908 misse
1013 2876 1106 2909 sicut
1130 2878 1293 2922 magistri
1319 2879 1489 2923 quamdiu
1517 2879 1642 2925 legent
1665 2879 1732 2913 hoc
1758 2880 1795 2912 in
1821 2891 1912 2924 pena
1934 2878 2088 2911 duorum
2111 2877 2357 2911 denariorum.

587 2972 649 2995 Cod.
661 2972 717 2995 vut.
735 2972 797 3003 Reg.
814 2973 867 3000 406,
886 2972 929 2995 tol.
946 2972 1001 2996 57¹³.
1018 2973 1083 2996 Mus.
1100 2973 1227 3002 Britanm,
1244 2975 1329 2999 Addit.
1347 2984 1420 3005 mss.‚
1434 2981 1463 2999 n⁰
1476 2977 1561 3006 17384,
1577 2978 1620 3000 sol.
1634 2978 1673 3005 68,
1690 2977 1739 3000 sub
1754 2976 1861 3000 rubrica
1874 2979 1902 2999 ut
1915 2984 2004 3007 supra.
2021 2976 2099 2999 Deest
2112 2974 2139 2998 in
2154 2975 2210 2998 cod.
2223 2975 2358 2998 Cheltenh.
