2580 3528
476 383 543 416 318
1058 391 1377 414 CHARTULARIUM
1412 391 1603 414 UNIVERS.
1640 392 1770 415 PARIS.
2250 386 2350 427 [1256

476 467 597 514 varios
628 466 827 500 evidenter.
857 466 1077 510 Scripsimus
1103 477 1257 509 namque
1287 465 1324 496 in
1353 464 1526 509 preterito
1557 465 1714 510 capitulo
1740 466 1838 511 quod
1863 467 1993 500 fratres
2020 468 2082 513 qui
2105 468 2348 503 voluntarium

477 533 614 567 habent
632 533 789 566 animum
810 533 854 565 ad
875 531 1150 577 relinquendam
1172 531 1354 563 nationem
1376 542 1477 563 suam
1498 537 1533 564 et
1552 532 1765 565 transeundi
1786 532 1830 566 ad
1850 532 2022 568 barbaras
2042 535 2222 578 nationes,
2243 542 2350 581 atque

478 601 522 634 ad
548 599 798 633 desudandum
826 599 861 631 in
888 598 1120 631 addiscendis
1146 597 1277 630 litteris
1303 603 1339 629 et
1362 597 1500 642 linguis
1526 598 1707 631 extraneis
1732 606 1881 645 propter
1905 612 2038 634 nomen
2063 602 2209 635 Domini
2233 603 2350 637 nostri

477 670 564 702 Jesu
599 666 734 701 Christi
773 678 812 698 ac
851 666 930 710 ejus
964 664 1117 709 gloriam
1156 663 1387 704 dilatandam,
1423 674 1528 696 suum
1559 663 1666 698 nobis
1696 666 1922 711 propositum
1953 667 2119 701 intimare
2148 670 2348 703 curarent¹.

480 734 510 768 Ο
532 740 703 780 quantum
732 738 850 765 vestra
878 731 1006 763 caritas
1032 742 1101 762 una
1127 741 1268 762 mecum
1292 730 1471 774 gauderet
1495 742 1607 776 super
1630 731 1780 765 fratrum
1811 739 1936 766 sancto
1959 733 2119 768 fervore!
2148 735 2179 768 si
2205 735 2350 769 sciretis

479 807 568 847 quot
597 807 632 833 et
660 799 796 843 quanti,
824 798 867 830 de
898 797 1054 830 (liversis
1082 796 1294 841 provinciis,
1326 796 1370 829 ad
1399 796 1545 830 labores
1571 797 1782 843 hujusmodi
1813 799 2069 834 ardentissimo
2099 801 2284 835 desiderio
2309 814 2350 836 se

478 867 702 906 obtulerunt,
733 864 859 897 mortis
890 863 994 895 etiam
1025 874 1157 907 pavore
1187 864 1411 908 contempto!
1443 864 1569 909 Neque
1598 865 1704 898 etiam
1735 865 2002 911 desperandum
2034 873 2090 900 est
2114 867 2158 901 de
2185 869 2350 913 profectu

479 935 516 967 in
542 934 600 973 iis,
627 932 688 976 qui
713 931 822 964 variis
848 930 1074 963 seducuntur
1099 928 1300 971 erroribus,
1328 942 1407 962 cum
1435 930 1575 964 fructus
1601 931 1781 976 plurimus
1801 933 1875 977 jam
1901 932 1938 965 in
1964 933 2018 966 eis
2042 941 2212 979 appareat
2238 934 2351 968 mani-

478 1001 581 1033 feste.
613 998 849 1030 Prosecerunt
878 996 1059 1040 siquidem
1090 1002 1125 1028 et
1154 995 1350 1041 proficiunt
1375 997 1517 1038 fratres,
1545 998 1607 1042 qui
1633 997 1799 1031 laborant
1827 999 1864 1031 in
1895 999 2051 1032 diversis
2079 1000 2278 1045 provinciis
2306 1001 2351 1034 ad

478 1065 752 1110 extirpationem
778 1063 937 1095 heretice
962 1062 1160 1107 pravitatis,
1188 1062 1225 1095 in
1250 1069 1387 1096 tantum
1417 1070 1455 1097 ut
1483 1063 1590 1109 paulo
1616 1071 1698 1098 ante
1723 1064 1939 1098 incredibile
1963 1065 2155 1100 videbatur
2179 1067 2215 1100 id
2241 1079 2351 1113 posse

478 1133 556 1165 fieri
578 1131 675 1176 quod
697 1142 760 1175 per
781 1141 845 1162 eos
861 1130 934 1174 jam
956 1129 1134 1162 Dominus
1155 1129 1326 1174 dignatus
1347 1136 1403 1163 est
1422 1131 1565 1175 operari
1586 1143 1604 1163 a
1625 1130 1770 1164 duobus
1791 1132 1896 1165 annis
1917 1138 1953 1165 et
1972 1132 2072 1165 citra.
2090 1133 2350 1175 Cumanorum,

478 1200 572 1232 circa
603 1209 695 1243 quos
724 1198 854 1229 fratres
880 1196 1028 1228 suerunt
1057 1195 1218 1237 solliciti,
1250 1195 1425 1241 baptizata
1455 1204 1511 1230 est
1540 1197 1694 1242 plurima
1720 1197 1926 1232 multitudo.
1958 1199 2217 1233 Maronitarum
2245 1200 2349 1234 etiam

479 1265 602 1311 populi
631 1265 692 1297 diu
723 1263 918 1296 scismatici
945 1269 979 1295 et
1006 1262 1175 1296 subversi
1201 1262 1316 1296 libros
1342 1275 1430 1296 suos
1455 1264 1626 1297 dicuntur
1655 1264 1835 1298 obtulisse
1865 1265 2106 1311 corrigendos
2132 1267 2280 1300 omnino
2307 1266 2351 1300 ad

477 1332 698 1365 voluntatem
727 1330 875 1362 fratrum
904 1329 1091 1374 provincie
1117 1335 1213 1362 terre
1240 1336 1363 1362 sancte
1393 1330 1455 1375 qui
1484 1330 1579 1363 circa
1605 1343 1729 1364 eorum
1758 1331 2054 1365 rectificationem
2085 1332 2234 1366 solliciti
2263 1333 2353 1366 exti-

480 1404 610 1432 terunt.
643 1398 786 1430 Fratres
816 1407 903 1429 vero
932 1395 994 1440 qui
1023 1395 1307 1440 proficiscuntur
1336 1396 1379 1429 ad
1409 1398 1578 1430 Tartaros
1609 1397 1653 1430 de
1682 1397 1739 1430 via
1767 1409 1831 1430 sua
1861 1397 1970 1431 michi
1999 1410 2175 1444 prospera
2203 1399 2353 1433 nuncia—

477 1471 619 1498 verunt.
656 1465 798 1496 Fratres
833 1462 949 1495 nostri
983 1474 1113 1508 magne
1147 1462 1385 1504 auctoritatis,
1421 1470 1457 1496 et
1490 1463 1708 1497 mirabilium
1743 1464 1811 1498 viri
1846 1464 2032 1507 virtutum,
2064 1465 2126 1510 qui
2154 1466 2228 1510 jain
2258 1466 2354 1499 inter

478 1531 708 1576 Georgianos
738 1530 774 1562 in
806 1529 1061 1562 remotissimis
1091 1528 1255 1574 partibus
1286 1529 1447 1562 Orientis
1477 1530 1561 1575 xviij
1592 1531 1697 1563 annis
1729 1537 1765 1564 et
1793 1531 1948 1576 amplius
1976 1532 2084 1565 vitam
2118 1532 2352 1577 asperrimam

479 1598 671 1638 duxerunt,
695 1597 771 1629 suis
792 1596 923 1629 litteris
948 1608 1030 1628 cum
1055 1595 1213 1628 caritatis
1240 1595 1370 1629 ardore
1396 1596 1547 1641 repletis
1568 1603 1603 1630 et
1623 1597 1799 1642 exemplis
1825 1597 2002 1640 mirificis,
2023 1604 2183 1631 nostram
2204 1598 2354 1632 misera-

479 1664 588 1697 bilem
619 1664 783 1696 inertiam
814 1662 1100 1708 reprehendunt.
1131 1664 1172 1695 In
1201 1663 1374 1708 Yspaniis
1405 1663 1568 1708 partibus
1599 1663 1741 1706 fratres,
1773 1664 1835 1708 qui
1859 1665 1933 1709 jam
1963 1664 2088 1697 multis
2122 1665 2226 1698 annis
2259 1665 2355 1698 inter

479 1732 678 1765 Saracenos
700 1731 735 1763 in
756 1729 900 1763 arabico
922 1729 1155 1771 studuerunt,
1178 1741 1252 1762 non
1274 1729 1390 1762 solum
1413 1729 1645 1763 laudabiliter
1665 1730 1702 1763 in
1723 1730 1848 1776 lingua
1869 1730 2077 1776 proficiunt,
2095 1731 2161 1764 sed
2181 1731 2280 1777 quod
2299 1737 2356 1765 est

479 1797 710 1838 laudabilius,
732 1797 824 1842 ipsis
851 1796 1039 1829 Saracenis
1065 1796 1108 1829 ad
1135 1796 1286 1829 salutem
1317 1796 1414 1830 cedit
1440 1796 1657 1830 cohabitatio
1686 1797 1911 1838 eorumdem,
1941 1804 1980 1830 ut
2004 1804 2101 1842 patet
2122 1798 2159 1830 in
2185 1797 2354 1843 pluribus

479 1865 540 1910 qui
569 1866 641 1909 jam
677 1864 847 1909 baptismi
882 1863 1032 1908 gratiam
1068 1870 1323 1908 susceperunt.
1355 1865 1596 1896 Prutenorum
1632 1864 1783 1897 maxima
1812 1864 1922 1906 natio,
1955 1864 2000 1896 de
2033 1876 2127 1897 novo
2162 1863 2354 1910 subjugata

479 1931 639 1964 dominio
671 1930 965 1972 christianorum,
987 1929 1133 1962 illorum
1162 1930 1278 1971 multi,
1301 1942 1523 1975 paganorum
1554 1930 1625 1963 ritu
1652 1930 1792 1971 relicto,
1822 1931 1865 1963 ad
1890 1930 2059 1975 baptismi
2089 1930 2240 1976 gratiam
2268 1942 2355 1964 con-

479 1998 611 2031 volant.
640 1997 732 2040 Quis
760 1997 873 2042 igitur
899 1996 956 2029 his
978 1997 1220 2030 consideratis
1248 2009 1322 2030 non
1353 1996 1515 2042 sperabit
1544 1997 1588 2029 de
1618 1997 1736 2030 fructu
1757 1996 1923 2030 faciendo
1951 1997 1989 2029 in
2017 1996 2227 2030 nationibus
2257 2008 2355 2030 erra-

480 2064 637 2097 bundis?
657 2066 742 2097 Nam
772 2063 978 2097 mandatum
1000 2063 1037 2096 in
1063 2063 1236 2108 preterito
1262 2063 1433 2108 capitulo,
1456 2070 1496 2096 ut
1515 2063 1693 2108 magnalia
1718 2069 1821 2109 gesta
1846 2063 1883 2095 in
1909 2063 2050 2103 ordine,
2077 2063 2136 2096 vel
2162 2063 2354 2096 occasione

479 2131 633 2172 ordinis,
655 2131 815 2163 nondum
836 2131 872 2163 in
894 2131 1042 2175 scriptis
1069 2130 1222 2171 redacta,
1245 2130 1454 2163 intimarent
1478 2129 1600 2171 michi,
1627 2130 1689 2175 qui
1714 2141 1839 2162 eorum
1866 2129 2001 2162 habent
2024 2130 2201 2171 notitiam,
2227 2136 2267 2163 ut
2290 2141 2356 2175 per

479 2197 704 2242 diligentiam
740 2204 899 2230 nostram
935 2197 1070 2242 scripto
1106 2197 1375 2238 mandarentur,
1413 2203 1619 2242 opportuno
1654 2203 1817 2242 tempore
1852 2195 2080 2241 publicanda.
2117 2195 2147 2229 O
2182 2202 2352 2241 quantum

479 2263 652 2296 cordibus
673 2264 805 2297 vestris
826 2264 1039 2309 ingererent
1058 2263 1207 2296 letitiam
1230 2275 1300 2308 que
1317 2264 1389 2307 jam
1412 2262 1521 2295 michi
1543 2263 1675 2308 scripta
1696 2269 1782 2296 sunt
1801 2274 1912 2308 super
1932 2263 2026 2304 istis,
2045 2263 2075 2295 si
2092 2269 2235 2308 tempus
2256 2261 2355 2295 suffi-

478 2337 577 2363 ceret
597 2330 640 2362 ad
662 2330 914 2363 scribendum!
939 2330 1010 2363 Sed
1030 2330 1096 2362 hec
1117 2329 1222 2363 vobis
1244 2336 1327 2362 nota
1348 2329 1437 2362 fient
1457 2329 1612 2362 Domino
1633 2329 1871 2362 concedente.

568 2397 817 2430 Consolamini
835 2397 947 2442 igitur
963 2397 1117 2430 invicem
1135 2396 1171 2428 in
1189 2396 1344 2429 Domino
1362 2403 1397 2429 et
1412 2396 1546 2441 gratias
1567 2396 1662 2441 agite
1684 2395 1922 2428 incessanter.
1945 2396 2024 2427 Non
2041 2393 2235 2427 conturbet
2249 2393 2355 2427 vobis

479 2462 509 2494 si
538 2463 726 2495 audieritis
761 2464 890 2496 fratres
926 2469 1073 2496 nostros
1105 2462 1378 2495 tribulationem
1413 2462 1594 2495 interdum
1625 2461 1758 2494 alicubi
1789 2461 1983 2494 sustinere.
2021 2460 2095 2506 Ipsi
2125 2460 2221 2493 enim
2253 2459 2355 2492 scitis

480 2529 577 2572 quod
608 2529 644 2560 in
672 2529 742 2562 hiis
773 2531 947 2574 majorum
978 2530 1152 2563 virtutum
1183 2529 1326 2562 occasio
1353 2529 1578 2562 ministratur
1604 2534 1639 2561 et
1665 2528 1702 2561 in
1722 2527 1791 2560 hoc
1817 2527 1927 2572 positi
1957 2538 2096 2568 sumus,
2126 2526 2158 2559 si
2186 2525 2355 2559 volumus

481 2606 562 2626 esse
585 2595 755 2639 discipuli
778 2596 985 2629 Salvatoris.
1004 2597 1077 2629 Nec
1098 2595 1185 2628 latet
1204 2607 1272 2628 nos
1294 2596 1400 2628 etiam
1422 2595 1519 2640 quod
1540 2594 1606 2628 hec
1627 2595 1664 2627 in
1685 2594 1787 2627 brevi
1809 2599 2059 2626 momentanea
2079 2592 2188 2625 finem
2207 2591 2353 2624 habent.

482 2661 663 2704 Numquid
691 2674 761 2693 uon
788 2662 962 2704 recolitis,
990 2675 1096 2707 quam
1122 2662 1193 2695 cito
1219 2662 1394 2707 imposuit
1418 2661 1597 2694 Dominus
1623 2661 1731 2694 finem
1756 2658 2054 2693 tribulationibus
2078 2658 2220 2703 magnis
2247 2656 2355 2690 nobis

482 2725 518 2758 in
553 2726 650 2758 curia
690 2728 819 2759 summi
860 2728 1042 2772 pontificis
1082 2728 1310 2761 suscitatis2?
1348 2729 1510 2761 Fratrum
1552 2733 1762 2760 nostrorum
1801 2724 2061 2758 Parisiensium
2100 2722 2355 2756 tribulationes

481 2803 611 2836 graves
631 2793 705 2836 jam
732 2800 816 2825 sunt
837 2806 900 2838 per
922 2794 987 2826 Dei
1008 2795 1159 2839 gratiam
1181 2801 1392 2839 temperate,
1415 2794 1501 2826 licet
1521 2793 1674 2838 quedam
1696 2791 1883 2837 supersint
1902 2790 2057 2835 reliquie
2077 2789 2121 2822 ad
2143 2789 2355 2822 exercitium

481 2864 660 2899 nostrum,
695 2858 738 2890 de
772 2859 905 2903 quibus
939 2861 1157 2894 confidimus
1187 2861 1224 2893 in
1254 2860 1423 2901 Domino,
1454 2860 1551 2904 quod
1580 2859 1623 2892 ad
1654 2858 1844 2891 utilitatem
1876 2857 2075 2890 animarum
2111 2862 2147 2889 et
2178 2855 2354 2888 honorem

481 2923 621 2957 ordinis
638 2924 795 2957 debeant
814 2926 1011 2958 terminari.
1030 2928 1182 2960 Tantum
1203 2927 1289 2960 fecit
1305 2926 1482 2959 Dominus
1502 2925 1675 2958 fratribus
1696 2924 1787 2969 ipsis
1808 2936 1889 2956 cum
1909 2923 2106 2956 tentatione
2125 2928 2354 2967 proventum,

2564 691 2580 895 ιζσιΞ-»ψιηεῦἠκ
2570 614 2580 681 susm,
2572 580 2580 594 ι·
2578 558 2580 560 ,
2576 531 2578 535 ,

2573 947 2580 1022 *naa-ae
2573 900 2580 932 m„
