2580 3528
433 399 501 433 210
821 411 824 414 ·
1025 406 1345 430 annTULARmM
1380 404 1571 428 umvnns.
1609 405 1733 428 PAnls.
1935 402 1956 418 ⁷<
2213 390 2319 435 {1232ss

481 484 640 518 Nomina·
655 490 774 517 autem
795 482 955 524 illorum,
978 482 1024 515 de
1044 493 1199 528 quorum
1221 481 1377 515 consilio
1398 480 1560 526 predicta
1581 479 1761 513 sententia
1781 479 1850 512 lata
1870 479 1951 521 fuit,
1973 484 2059 512 sunt
2078 477 2166 511 hec:

523 550 757 586 Venerabilis
777 556 879 596 pater
898 549 1130 590 Willermus,
1153 548 1220 582 Dei
1240 548 1354 594 gratia
1375 547 1594 581 Parisiensis
1616 547 1812 592 episcopus

523 618 715 660 Acelinus,
736 616 848 650 abbas
870 617 905 650 S.
927 616 1088 650 Victoris
1109 615 1328 649 Parisiensis

527 684 754 730 Radulphus,
775 683 958 729 quondam
979 683 1091 716 abbas
1113 682 1278 728 ejusdem
1299 681 1370 714 loci

526 754 655 794 Lucas,
677 753 846 784 Decanus
866 750 1098 784 Parisiensis.

1031 817 1085 850 Et
1109 815 1285 860 magistri
1308 814 1500 860 theologie,
1530 813 1694 848 videlicet
1712 826 1723 847 .-

526 886 700 932 magister
721 885 905 926 Galterus⁷
928 883 1168 917 cancellarius
1189 881 1409 916 Parisiensis

525 953 699 998 magister
718 951 935 997 Aymericus
956 950 1002 984 de
1021 950 1146 991 Veire,
1167 949 1366 983 canonicus
1387 948 1627 982 Parisiensis¹

526 1019 700 1065 magister
719 1018 940 1055 Willermus
961 1017 1006 1051 de
1027 1018 1198 1051 Cramant

526 1086 701 1132 magister
720 1087 850 1119 Petrus
871 1084 991 1118 dictus
1012 1084 1331 1130 archiepiscopus³

525 1153 700 1199 magister
721 1152 934 1198 Radulphus
956 1152 1001 1185 de
1021 1153 1146 1185 Monte
1167 1150 1351 1184 Desiderii

526 1220 700 1266 magister
721 1219 941 1265 Stephanus,
962 1218 1241 1252 archidiaconus
1264 1218 1467 1252 Meldensis
1512 1206 1515 1207 ⁷

526 1288 701 1333 magister
721 1286 919 1320 Rotbertus
941 1286 986 1319 de
1007 1286 1125 1320 Coton

510 1355 636 1404 ‘frater
656 1353 884 1404 Guillermus
905 1353 949 1386 de
970 1352 1137 1394 Meliton,
1159 1352 1204 1385 de
1225 1352 1364 1386 Ordine
1386 1352 1534 1398 fratrum
1556 1350 1758 1384 Minorum‘

525 1423 636 1455 frater
655 1411 840 1455 Johan'nes
861 1420 1173 1466 Pungesasinum³

525 1490 636 1522 frater
656 1487 831 1521 Albertus
851 1487 1104 1520 Theutonieus
1957 1530 1960 1533 Δ

525 1556 636 1589 frater
657 1554 863 1600 Stephanus
883 1553 1214 1595 Autisiodorensis‚
1237 1553 1282 1586 de
1303 1553 1442 1587 Ordine
1462 1553 1612 1585 fratrum
1633 1548 1917 1584 predicatorum.
1958 1546 1960 1549 ’

1013 1621 1066 1654 Et
1090 1620 1267 1666 magistri
1289 1619 1527 1661 decretorum,
1554 1618 1718 1653 videlicet
1733 1630 1744 1651 .·

526 1690 701 1735 magister
721 1690 851 1722 Petrus
871 1688 1008 1734 Ligerii

525 1757 700 1802 magister
721 1755 934 1797 Gaufridus,
956 1761 1082 1788 cantor
1103 1754 1358 1787 Dauratensis“

527 1823 701 1869 magister
720 1822 919 1864 Johannes,
941 1821 1220 1855 archidiaconus
1240 1820 1453 1854 Trecensis⁷

526 1890 701 1936 magister
720 1889 925 1935 Philippus,
947 1888 1226 1922 archidiaconus
1249 1887 1491 1921 Bituricensis

526 1957 701 2003 magister
722 1956 889 1990 Matheus
910 1956 1093 1989 Guidonis
1114 1955 1159 1988 de
1179 1954 1352 1988 Atrabato

527 2024 702 2070 magister
722 2023 950 2058 Guillermus
970 2023 1014 2055 de
1036 2023 1164 2056 Braio⁸

527 2091 702 2137 magister
723 2090 925 2123 Richardus
946 2090 991 2122 de
1013 2089 1163 2122 Tabulis

527 2158 703 2203 magister
723 2157 902 2191 Girardus
923 2156 968 2189 de
989 2156 1127 2190 Corion

528 2225 703 2271 magister
722 2223 958 2258 Theobaldus
980 2223 1024 2256 de
1045 2223 1200 2256 Divione

530 2292 704 2338 magister
724 2291 905 2324 Henricus
926 2290 1124 2324 canonicus
1146 2289 1339 2322 Remensis

529 2359 704 2405 magister
725 2357 931 2404 Stephanus
952 2357 997 2390 de
1018 2357 1141 2390 Lorriz

529 2427 703 2471 magister
723 2423 853 2459 Petrus
874 2425 919 2458 de
939 2424 1066 2459 Vireto

529 2493 703 2539 magister
722 2492 908 2526 Johannes
929 2491 974 2524 de
996 2490 1165 2524 Sulhiaco

529 2561 703 2605 magister
723 2559 920 2593 Nicholaus
942 2558 987 2591 (16
1006 2557 1272 2591 Pondearche⁹.

1175 2624 1265 2658 Item
1285 2624 1355 2658 alii
1380 2624 1463 2658 boni
1485 2623 1561 2658 viri
1575 2635 1586 2656 .·

529 2694 703 2739 magister
723 2692 933 2734 Nicholaus,
955 2691 1234 2724 archidiaconus
1255 2691 1411 2724 ecclesie
1433 2688 1739 2734 Rothomagensis

530 2761 703 2806 magister
722 2760 896 2800 Garinus,
917 2758 1194 2791 archidiaconus
1216 2757 1371 2791 ecclesie
1393 2756 1628 2790 Belvacensis

530 2828 705 2873 magister
725 2825 895 2867 Thomas,
918 2824 1196 2858 archidiaconus
1218 2823 1431 2857 Baiocensis

531 2895 704 2940 magister
725 2894 845 2938 Hugo,
867 2891 1145 2925 archidiaconus
1166 2890 1379 2924 Baiocensis

530 2962 704 3007 magister
725 2959 918 2994 scolarium
940 2958 1196 3003 Andegavens.

564 3021 604 3044 27.
