2580 3528
508 384 572 416 560
1092 393 1410 415 cnmvrtLAlucM
1446 393 1635 414 UMVERS.
1673 392 1801 414 rmus.
2284 387 2383 432 [1277

512 468 593 491 Oxou.
611 468 654 491 cit.
668 468 711 491 sol.
729 468 782 491 109.
800 468 851 491 Iste
867 467 1083 499 archiepiscopus
1099 467 1290 490 Corinthiensis
1306 475 1357 489 non
1374 466 1422 489 fuit
1437 466 1594 490 Guillelmus
1605 466 1636 489 de
1650 466 1797 494 Moci-beka,
1809 466 1839 491 Ο.
1857 467 1895 496 Ρ.,
1907 470 1936 491 ut
1950 469 2008 492 vult
2017 469 2129 498 Echard,
2142 470 2193 495 SS.
2205 470 2263 495 Ord
2271 471 2384 502 praed..

508 512 527 538 Ι,
544 513 597 540 379,
612 512 657 535 sed
674 513 704 535 fr.
720 512 811 535 Petrus
827 512 858 535 de
874 512 990 535 Consseto
1006 520 1051 534 seu
1067 511 1230 535 confluentia
1247 511 1281 541 (in
1294 510 1423 540 Francia),
1441 510 1470 534 Ο.
1487 511 1525 538 Ρ..
1539 510 1583 542 qui
1599 513 1656 533 erat
1670 510 1840 534 baccalareus
1856 511 1882 535 in
1898 512 2040 544 theologia,
2053 521 2104 537 non
2119 514 2256 546 magister,
2273 516 2343 548 quia,
2355 519 2386 540 nt

506 556 570 579 dicit
591 556 740 579 Bernardus
756 556 892 583 Guidonis,
910 565 920 578 a
937 556 997 587 plus
1012 556 1096 578 voluit
1110 555 1296 586 pontificaliter
1311 554 1469 582 cathedrari,
1486 563 1564 586 quam
1580 554 1698 578 Parisius
1714 555 1868 587 magistrari
1884 564 1905 580 ι).
1922 557 1970 580 Me.
1988 558 2135 589 Agenncns.
2155 563 2185 582 n⁰
2199 560 2223 583 3.
2243 559 2342 584 Denisse
2357 561 2384 584 in

507 602 611 624 Archiv
625 603 645 631 s.
662 601 827 625 Litteratur-
842 602 904 625 und
919 600 1144 630 Kirchenqesch.,
1162 600 1194 627 11,
1216 600 1269 627 207,
1287 608 1310 622 ιι.
1329 601 1351 622 5.
1371 600 1416 622 Αιι.
1440 599 1509 626 1268,
1527 599 1603 622 Mart.
1620 600 1642 626 2,
1659 599 1813 630 designatus
1829 603 1870 624 est
1882 601 2099 634 archiepiscopus
2114 603 2231 627 Corinth.
2248 603 2383 636 (Murteae,

510 644 590 669 Thes.
610 651 672 668 που.
688 645 795 672 anecd,
818 645 849 672 II,
867 645 930 674 578),
946 652 988 667 an,
1005 644 1073 671 1278,
1091 643 1172 674 April.
1189 645 1211 671 5,
1229 642 1443 674 archiepiscopus
1460 642 1618 666 Cusentinus
1635 643 1707 674 (neg.
1722 643 1780 667 Vat.
1796 644 1896 668 Nicolai
1910 645 1955 674 111,
1971 650 2001 668 n⁰
2011 647 2050 674 39,
2066 654 2108 670 an.
2125 647 2147 675 1,
2161 655 2203 679 ep.
2219 648 2266 680 23),
2281 649 2384 672 eodem-

507 697 556 720 que
571 697 647 717 anan,
664 689 745 720 April.
762 690 785 716 9,
803 688 959 712 Guillelmus
975 689 1006 711 de
1021 688 1160 711 Moerbeka
1176 691 1203 710 ut
1219 695 1355 710 successor
1374 687 1400 709 in
1417 687 1477 710 sede
1493 687 1669 710 Corinthiensi
1685 688 1872 712 nominabatur
1886 689 1959 721 (Reg.
1975 691 2043 719 vat„
2068 691 2086 715 l.
2107 700 2139 720 c.‚
2165 700 2206 724 ep.
2233 693 2281 724 20).
2303 693 2383 725 Epis-

506 741 587 764 copus
607 741 669 764 ergo
690 733 855 762 varisiensis,
877 733 976 755 scilicet
997 732 1154 763 Stephanus,
1177 732 1258 754 multo
1279 734 1338 754 ante
1359 731 1441 762 April.
1463 733 1484 758 5,
1506 740 1548 755 an.
1566 732 1636 760 1278,
1655 732 1732 755 Petro
1752 733 1783 756 da
1801 733 1918 757 Consseto
1937 743 2040 758 errores
2060 735 2175 760 Oxoniae
2194 737 2382 762 condemnatos

505 778 662 804 transmisit,
680 786 746 805 cum,
765 780 793 800 ut
809 777 931 804 vidimus,
949 777 1077 800 Robertus
1094 777 1170 799 Petro
1185 779 1214 799 ιιι
1228 775 1427 807 archiepiscopo
1444 776 1621 799 Corinthiensi
1635 777 1721 800 adhuc
1736 778 1910 809 responderit.

600 822 698 844 Horum
720 830 838 844 errorum
862 821 982 844 diversae
999 822 1096 843 formae
1112 820 1138 843 in
1154 828 1217 843 mss.
1239 823 1429 843 conservantur
1445 828 1450 843 ’.
1468 829 1519 843 una
1536 820 1561 843 in
1578 821 1736 845 collectione
1756 829 1876 846 errorum
1890 822 1916 846 in
1932 823 2027 855 Anglia
2047 827 2072 847 et
2091 824 2200 848 Parisiis
2220 826 2379 850 condemna-

506 869 608 893 torum;
626 866 707 888 altera
724 865 748 888 in
763 866 826 888 Cod.
843 865 972 895 Borghes.
991 866 1035 887 360
1052 866 1129 893 (saec.
1144 865 1222 894 XIII),
1241 865 1283 887 sol.
1300 865 1354 892 304,
1371 864 1415 887 ubi
1431 873 1534 887 errores
1551 865 1694 896 separatim
1710 865 1873 895 afferuntur;
1889 867 1967 891 tertia
1981 867 2006 891 in
2019 869 2128 893 Annal.
2141 870 2175 894 de
2189 869 2322 899 oseneia..
2338 871 2379 895 cd.

506 910 599 937 Luard,
616 918 641 940 p.
660 911 704 932 ‘298
720 911 753 939 (ιί
768 910 856 936 wood,
874 909 945 933 Hist.
967 910 1094 933 Univers.
1112 908 1209 937 02:072„
1227 909 1246 936 Ι,
1263 909 1325 936 127:
1350 909 1516 940 D'Argentre,
1539 910 1556 933 l.
1578 918 1610 938 c.‚
1630 918 1656 941 p.
1678 911 1723 933 2:34
1738 911 1797 942 sq.).
1814 911 1918 943 Ubique
1937 915 2025 936 tamen
2044 921 2147 936 errores
2168 914 2194 937 in
2209 914 2297 946 capita
2318 918 2380 939 sunt

504 954 590 976 divisi.
614 954 706 976 Forma
728 962 805 984 quam
822 961 903 984 supra
919 953 1058 980 edidimus,
1076 953 1169 975 saltem
1190 956 1317 983 quantum
1332 953 1365 975 ad
1381 953 1496 984 quinque
1516 953 1618 984 priores
1639 962 1670 977 ex
1691 962 1736 978 sex
1756 954 1884 983 articulis,
1909 964 1974 987 quos
1992 957 2085 980 Petrus
2106 957 2137 980 de
2157 957 2274 982 Consseto
2293 958 2378 988 affert,

505 998 587 1028 magis
610 997 722 1028 genuina
743 1006 799 1020 esse
820 997 933 1024 videtur,
948 1005 1006 1019 cum
1028 998 1111 1020 forma
1127 997 1210 1019 altera
1230 997 1353 1028 adjuncta
1373 997 1521 1028 posteriora
1542 998 1681 1022 contineat.
1703 999 1799 1023 Notata
1818 1003 1905 1023 tamen
1928 1000 2047 1032 dignum,
2069 1002 2216 1025 Johunnem
2237 1003 2381 1032 Peckham,

502 1042 729 1072 archiepiscopum
746 1041 960 1064 Cantuaricnsem
977 1042 1005 1064 14
1021 1041 1145 1064 Novemb.
1161 1050 1202 1064 aa.
1221 1042 1281 1064 1284
1296 1050 1347 1064 non
1365 1042 1471 1073 plenam
1487 1042 1607 1065 notitiam
1625 1051 1745 1066 errorum
1761 1043 1787 1067 in
1804 1045 1888 1067 forma
1903 1045 2053 1068 authentica
2070 1045 2204 1075 habuisse,
2222 1050 2250 1070 ut
2270 1055 2300 1070 ex
2321 1048 2377 1079 ejus

502 1086 612 1117 epistola
637 1087 669 1108 ad
691 1094 759 1117 mag.
784 1086 933 1117 Rogerium,
955 1085 1142 1108 cancdlarium
1163 1086 1346 1114 Oxoniensem,
1367 1086 1503 1117 praedicto
1523 1090 1641 1118 tempore
1661 1087 1761 1111 directa
1779 1088 1871 1120 liquet.
1891 1089 2057 1120 Reyislrum
2075 1091 2137 1115 Joh.
2157 1091 2310 1120 Peckham,
2334 1093 2375 1116 cd.

501 1131 604 1158 Martia,
619 1131 662 1156 111,
680 1131 734 1154 852.
751 1130 788 1153 Cf.
807 1139 831 1161 p.
852 1131 906 1153 862.
921 1130 994 1153 Sicut
1008 1130 1077 1152 infra
1092 1138 1123 1152 ex
1137 1133 1199 1153 nota
1214 1131 1227 1153 8
1243 1134 1355 1161 apparet
1367 1131 1475 1162 quidam
1491 1131 1596 1155 articuli
1609 1131 1665 1163 jam
1686 1132 1719 1155 ab
1738 1133 1812 1156 initio
1828 1133 1878 1156 sub
1893 1134 1998 1157 diversa
2015 1136 2098 1158 torma
2116 1139 2251 1159 venerunt.
2268 1136 2334 1160 Cum
2349 1137 2376 1161 hi

500 1183 601 1198 errores
616 1174 819 1198 Univcrsitatem
835 1174 919 1198 Paris.
936 1174 1033 1197 directe
1048 1183 1098 1197 uon
1112 1174 1252 1205 attingant,
1269 1175 1372 1206 aliquas
1387 1179 1490 1199 tantum
1503 1176 1628 1199 lectiones
1644 1177 1777 1200 variantes
1792 1178 1825 1201 ad
1838 1178 2038 1209 explicationem
2051 1179 2078 1202 in
2091 1180 2160 1203 notis
2174 1189 2312 1212 ponemus.

594 1242 615 1264 1,
636 1241 763 1264 Robertus
780 1241 873 1264 scribit
891 1241 916 1263 iu
932 1250 979 1263 sua
994 1241 1107 1272 epistola
1123 1242 1156 1264 ad
1171 1242 1277 1264 Petrum
1293 1242 1325 1265 de
1341 1242 1476 1266 Confleto:
1495 1251 1506 1265 «
1530 1243 1582 1266 Hec
1605 1243 1687 1275 igitur
1707 1245 1861 1275 paternitati
1886 1249 1972 1269 vestre
1995 1246 2110 1274 notifico,
2132 1247 2202 1278 quod
2221 1248 2375 1280 dampnatio

501 1286 536 1308 ibi
553 1287 619 1309 facta
634 1294 684 1308 ιιοιι
699 1286 747 1308 suit
760 1285 830 1313 talis,
846 1286 976 1317 quomodo
990 1286 1093 1309 solebat
1107 1294 1164 1309 esse
1179 1294 1365 1317 expressarum
1379 1287 1511 1316 heresum,
1526 1291 1565 1311 set
1579 1288 1628 1311 fuit
1638 1288 1784 1319 prohibitio
1800 1289 1826 1312 in
1842 1290 1921 1313 scolis
1937 1290 2137 1314 determinando
2153 1292 2194 1315 vel
2208 1292 2320 1323 legendo
2333 1293 2375 1316 vel

499 1330 564 1353 alias
580 1330 781 1361 dogmatizando
798 1330 859 1353 talia
876 1330 1019 1358 asserendi,
1036 1333 1091 1353 tum
1108 1331 1169 1362 quia
1185 1331 1292 1362 quidam
1309 1335 1370 1354 sunt
1385 1332 1523 1355 manifeste
1539 1332 1609 1361 salsi,
1625 1336 1682 1356 tum
1695 1333 1757 1365 quia
1775 1334 1882 1365 quidam
1899 1338 1960 1358 sunt
1974 1335 2080 1358 veritati
2095 1336 2280 1368 philosophice
2294 1337 2374 1366 devii,

498 1378 552 1397 ιιιιιι
566 1375 626 1406 quia
642 1375 747 1405 quidam
764 1378 825 1397 sunt
840 1375 974 1397 erroribus
991 1375 1202 1398 intolerabilibus
1218 1376 1341 1406 proximi,
1357 1379 1414 1399 tum
1427 1376 1489 1408 quia
1504 1377 1612 1408 quidam
1626 1380 1687 1401 sunt
1702 1378 1869 1409 apertissime
1885 1379 1978 1411 iniqui,
1995 1379 2056 1411 quia
2074 1380 2135 1403 fidei
2150 1381 2278 1405 catholice
2293 1389 2374 1413 repu-

498 1423 607 1449 gnantes
630 1428 652 1443 ».
674 1420 720 1442 Ms.
742 1419 834 1446 Oxon.,
858 1420 874 1442 l.
896 1428 918 1442 c.
932 1433 962 1436 —
975 1420 997 1443 2.
1020 1419 1149 1442 Robertus
1170 1419 1234 1443 dicit
1251 1420 1316 1445 ibid.
1338 1428 1343 1443 ·.
1366 1429 1378 1443 a
1395 1421 1472 1444 Solus
1492 1429 1543 1444 non
1565 1421 1602 1445 sui
1621 1421 1648 1445 in
1669 1422 1719 1445 ista
1738 1422 1926 1454 prohibitione,
1945 1423 2025 1447 immo
2045 1428 2074 1447 ut
2093 1425 2238 1456 scripsistis
2257 1426 2374 1449 omnium

499 1464 686 1495 magistrorum
703 1464 784 1487 Oxon.
802 1472 926 1486 assensus
942 1464 1061 1492 accessit,
1078 1467 1102 1487 et
1117 1464 1195 1487 etiam
1219 1465 1362 1488 multorum
1378 1466 1464 1497 magis
1479 1469 1665 1497 provectorum
1683 1475 1762 1498 quam
1778 1467 1828 1490 sim
1843 1476 1892 1499 ego
1907 1468 2091 1500 theolog-orum
2111 1473 2136 1492 et
2153 1470 2375 1502 philosophorum

496 1509 583 1531 suasio
606 1508 733 1539 compulit
755 1517 775 1531 ».
800 1509 846 1531 Ms.
870 1508 951 1532 Oxou.
967 1522 997 1525 —
1010 1510 1032 1532 3.
1049 1509 1097 1532 Ms.
1114 1509 1213 1540 Burgh.
1231 1509 1307 1532 affert
1322 1510 1400 1533 istam
1415 1510 1607 1541 praefationem
1630 1519 1635 1534 z
1656 1520 1667 1534 α
1689 1511 1740 1534 Iste
1760 1515 1821 1535 sunt
1839 1512 1984 1544 positiones
2007 1514 2147 1545 reprobate
2166 1514 2280 1538 heretice
2301 1515 2372 1547 apud

496 1553 623 1576 Oxoniam
638 1561 652 1575 a
670 1554 749 1576 fratre
766 1553 877 1576 Robcrto
893 1553 924 1576 de
940 1553 1092 1584 Kilwnrdby
1108 1553 1319 1585 archiepiscopo.
1335 1554 1489 1586 Quicunque
1505 1555 1552 1578 hec
1568 1555 1638 1578 dicta
1654 1564 1704 1579 non
1721 1556 1834 1580 sustinet
1848 1565 1895 1580 nec
1913 1557 1995 1585 docet,
2013 1558 2093 1582 habet
2111 1567 2126 1581 a
2147 1560 2227 1583 fratre
2242 1560 2273 1584 R.
2288 1559 2373 1583 archi-

495 1597 619 1628 episcopo
635 1598 659 1620 xl
675 1597 730 1620 dies
746 1598 777 1620 (le
794 1597 956 1628 indulgentia
970 1606 974 1625 ς
992 1598 1035 1629 qui
1052 1601 1139 1621 autem
1154 1598 1238 1621 dictas
1254 1599 1399 1630 positiones
1413 1599 1530 1622 defendit
1545 1603 1569 1623 et
1584 1600 1687 1628 asserit,
1705 1600 1727 1623 si
1742 1601 1870 1632 magister
1886 1602 1973 1630 ruerit,
1990 1603 2147 1634 deponatur,
2165 1603 2188 1626 si
2202 1603 2371 1628 hachelai-ius

495 1641 536 1668 sit,
554 1650 687 1672 nunquam
703 1642 735 1664 ad
752 1645 848 1664 statum
864 1642 984 1673 magistri
1000 1642 1152 1673 recipiatur,
1169 1643 1378 1674 sedcxpellatnr
1393 1644 1426 1667 ab
1441 1644 1619 1668 Universitate
1634 1648 1761 1676 tunquam
1776 1645 1907 1669 hereticus
1923 1654 1945 1670 ι),
1961 1660 1993 1665 -—-
2007 1648 2029 1670 4.
2049 1647 2111 1670 Cod.
2129 1647 2210 1671 Oxon.
2226 1648 2252 1671 in
2267 1648 2370 1672 duobus

494 1686 627 1717 prioribus
644 1686 762 1709 articulis
778 1688 827 1714 est,
844 1690 872 1709 ut
886 1686 921 1709 ita
938 1687 1065 1715 dicamus,
1085 1687 1232 1711 mutilatus.
1249 1688 1381 1711 Correctio
1397 1697 1428 1711 ex
1442 1697 1505 1712 mss.
1521 1689 1589 1712 aliis.
1605 1690 1763 1713 Prolixiores
1778 1694 1839 1714 sunt
1854 1691 1910 1714 cod.
1925 1691 2054 1722 Burghes.
2070 1695 2095 1715 et
2108 1694 2183 1717 Arm.
2198 1694 2232 1717 de
2245 1693 2368 1718 oseneia.

494 1744 524 1748 —
534 1733 555 1753 5.
574 1731 619 1753 Ms.
634 1731 706 1754 Oxon
718 1731 801 1754 .addit
817 1740 827 1753 t(
839 1739 889 1754 non
904 1740 924 1758 ι),
942 1731 1010 1754 sicut
1025 1735 1050 1754 et
1065 1731 1090 1754 in
1106 1731 1219 1763 epistola
1234 1732 1341 1756 Roherti
1356 1733 1410 1764 (sol.
1428 1733 1473 1756 110
1481 1733 1510 1763 b).
1529 1734 1588 1762 Sed,
1606 1737 1634 1757 ut
1644 1742 1675 1757 cx
1689 1734 1866 1758 declaratione
1877 1735 1984 1759 Roberti
1999 1739 2119 1767 apparet,
2130 1737 2257 1760 articulus
2272 1737 2370 1762 habere

492 1775 569 1798 dehet
600 1776 711 1798 sormam
732 1778 759 1798 ut
783 1784 874 1808 supra,
896 1784 957 1798 nam
973 1776 1101 1799 Robertus
1118 1777 1215 1808 probat
1229 1780 1320 1800 contra
1336 1778 1442 1800 Petrum
1457 1778 1489 1801 de
1504 1778 1629 1806 Consseto,
1646 1779 1715 1810 quod
1732 1788 1743 1802 «
1760 1779 1874 1810 privatio
1890 1788 1940 1803 non
1957 1784 1997 1804 est
2014 1789 2081 1812 pure
2095 1781 2185 1810 nichil,
2209 1785 2248 1805 set
2269 1781 2370 1814 imper-

491 1820 586 1842 fectum
608 1819 733 1850 quiddam
756 1828 814 1842 cum
839 1820 949 1843 materia
973 1824 1141 1843 concreatum
1157 1829 1178 1849 ι),
1200 1825 1250 1845 etc.
1270 1821 1302 1844 Et
1321 1822 1454 1845 concludit
1474 1830 1479 1845 ’.
1502 1831 1513 1845 «
1530 1822 1588 1845 ideo
1608 1831 1671 1854 ergo
1693 1823 1829 1854 prohibita
1848 1827 1888 1847 est
1907 1824 1955 1848 hec
1974 1825 2089 1848 ussereio
2111 1825 2275 1849 dicentium:
2299 1827 2369 1858 quod

490 1863 607 1894 privacio
628 1867 667 1886 cst
688 1872 753 1895 pure
776 1864 857 1887 nichil
878 1873 899 1887 ».
924 1865 966 1887 Sic
988 1868 1013 1888 et
1033 1865 1078 1888 alii
1100 1866 1175 1888 codd.
1196 1879 1228 1883 ——
1246 1867 1269 1889 6.
1293 1866 1437 1890 Occasione
1455 1866 1534 1898 hujus
1554 1867 1659 1891 articuli
1679 1868 1808 1891 Robertus
1826 1868 1944 1900 loquitur
1965 1869 1996 1892 de
2016 1869 2191 1901 originalibus
2209 1870 2367 1899 rationibus,

491 1908 533 1930 fol.
557 1908 610 1931 113.
633 1908 752 1937 Explicat
773 1917 834 1931 vero
855 1909 997 1932 articulum
1020 1909 1069 1932 hoc
1092 1910 1169 1933 modo
1194 1918 1199 1933 z
1225 1918 1236 1933 (‹
1257 1911 1312 1934 Non
1333 1914 1372 1934 est
1392 1910 1541 1940 dicendum,
1563 1912 1633 1943 quod
1655 1912 1813 1943 vegetativa,
1837 1913 1963 1936 sensitiva
1983 1916 2008 1936 et
2028 1914 2188 1938 intellectiva
2206 1918 2269 1938 sunt
2287 1915 2368 1940 simul

488 1955 605 1983 tempore
624 1952 649 1975 in
670 1953 812 1981 embrione,
829 1961 875 1976 nec
896 1954 965 1984 quod
981 1954 1034 1977 sint
1053 1954 1079 1977 id
1100 1954 1189 1986 ipsum
1203 1963 1251 1986 per
1265 1955 1407 1978 essentiam
1422 1955 1459 1979 ita
1475 1956 1544 1988 quod
1565 1956 1695 1988 simplicis
1711 1957 1840 1986 essentie;
1861 1957 1898 1981 ita
1917 1957 1994 1981 etiam
2015 1966 2063 1981 nec
2077 1958 2218 1982 dicendum
2237 1962 2277 1983 est
2292 1967 2298 1983 z
2315 1968 2367 1992 quo

488 1997 567 2020 sentit
586 1997 671 2025 homo,
694 2006 744 2028 quo
766 2001 911 2029 vegetatur,
933 2007 984 2029 quo
1006 1998 1139 2030 intelligit,
1164 2007 1222 2022 esse
1241 1999 1386 2023 accidentia
1407 2008 1428 2024 r.
1450 2001 1579 2024 Rohertus
1601 2001 1682 2024 sumit
1706 2002 1891 2033 vegetativam,
1916 2002 2080 2031 sensitivam,
2105 2003 2294 2028 intellectivam
2317 2013 2367 2036 pro

489 2050 499 2063 (ι
516 2041 600 2064 tribus
619 2042 708 2064 formis
732 2042 952 2065 substantialibus
969 2051 1049 2066 unum
1070 2046 1154 2066 totum
1169 2044 1389 2068 constituentibus
1406 2053 1427 2068 ».
1441 2058 1472 2062 —
1486 2046 1507 2068 7.
1525 2045 1563 2069 Cf.
1582 2046 1607 2069 S.
1627 2045 1752 2074 Thomas,
1774 2047 1894 2071 Summa
1909 2047 1991 2071 theol.
2007 2047 2019 2070 1
2035 2056 2062 2079 p.
2079 2056 2122 2079 qu.
2140 2048 2185 2071 118
2199 2056 2223 2072 a.
2241 2049 2263 2072 2.
2286 2049 2364 2076 Quol.

487 2086 498 2108 1
518 2094 561 2117 qu.
582 2087 596 2108 4
616 2094 639 2109 a.
663 2087 685 2109 1.
699 2100 730 2104 —-
745 2087 767 2110 8.
786 2087 915 2110 Robertus
939 2088 1081 2119 respondet
1101 2089 1177 2111 Petro
1197 2089 1229 2111 de
1249 2089 1374 2117 Consseto,
1391 2089 1435 2120 qui
1451 2090 1522 2113 istud
1537 2090 1617 2113 etiam
1632 2094 1712 2122 caput
1726 2090 1823 2114 affert:
1844 2100 1855 2114 «
1871 2092 2011 2120 Noveritis,
2033 2093 2103 2124 quod
2123 2092 2205 2116 istum
2224 2093 2365 2118 articulum

486 2130 517 2153 de
538 2130 707 2161 simplicitate
728 2131 813 2154 anime
834 2140 884 2154 non
905 2132 1011 2155 memini
1032 2141 1073 2155 me
1093 2133 1142 2155 suh
1158 2133 1207 2156 hac
1223 2135 1307 2156 forma
1324 2134 1370 2156 illo
1386 2137 1503 2165 tempore
1523 2134 1667 2163 audivisse,
1688 2138 1776 2158 tamen
1798 2136 1952 2167 conjunctus
1973 2140 2012 2160 est
2031 2137 2233 2168 precedentibus
2249 2146 2261 2161 ι)
2283 2138 2366 2168 (deest

486 2174 593 2206 insuper
613 2175 638 2197 iu
658 2177 736 2199 Ann.
751 2177 783 2199 de
801 2176 936 2206 Oseneia).
954 2177 990 2199 Ex
1005 2177 1054 2199 hoc
1069 2177 1206 2205 evincitur,
1231 2178 1356 2201 articulos
1373 2178 1488 2202 Oxoniue
1504 2179 1691 2202 condemnatos
1704 2179 1759 2211 jam
1776 2180 1836 2203 inde
1851 2180 1877 2203 in
1893 2180 1999 2204 diversa
2020 2182 2105 2204 forma
2124 2181 2276 2213 divulgatos
2295 2190 2362 2207 esse.

487 2219 517 2242 Et
547 2227 606 2242 cum
633 2219 761 2243 Robertus
783 2220 854 2243 dicat
874 2229 885 2243 «
907 2229 958 2244 non
984 2221 1091 2244 memini
1113 2230 1134 2250 »,
1162 2222 1290 2253 conjicere
1314 2231 1467 2254 possumus,
1490 2225 1601 2246 formam
1621 2224 1763 2255 genuinam
1783 2227 1845 2248 tunc
1866 2225 1955 2256 ipsum
1982 2225 2061 2249 etiam
2086 2226 2195 2258 sug-isse,
2215 2228 2282 2250 forte
2301 2227 2363 2259 quia

487 2263 600 2286 Oxoniae
625 2272 676 2286 ιιοιι
701 2267 800 2287 tantam
823 2265 1001 2289 adhibuerunt
1025 2274 1116 2289 curam
1138 2267 1169 2289 de
1189 2267 1386 2290 conscribendis
1407 2268 1551 2295 erroribus,
1573 2268 1641 2291 sicut
1660 2271 1736 2292 antea
1757 2269 1875 2292 Parisiis.
1892 2284 1923 2287 —
1938 2270 2019 2298 Quasi
2036 2270 2061 2293 in
2077 2271 2191 2294 transitu
2210 2271 2245 2295 sit
2263 2271 2362 2296 dictum

485 2308 630 2331 .lohannem
650 2309 778 2331 Peckham
802 2310 913 2332 eundem
933 2310 1075 2333 articulum
1095 2319 1136 2334 an.
1152 2311 1213 2334 1286
1226 2312 1308 2342 April.
1329 2313 1359 2335 30
1380 2312 1576 2337 condemnasse.
1599 2313 1676 2343 Κεφ,
1697 2313 1738 2337 ed.
1757 2313 1861 2342 Mat-tin,
1887 2315 1933 2343 III,
1956 2316 2002 2338 923
2025 2316 2117 2345 (octav.
2137 2317 2207 2346 art).
2225 2330 2257 2334 —
2270 2317 2294 2340 9.
2311 2325 2323 2340 α
2336 2319 2363 2340 et

486 2355 616 2375 mortuum
631 2362 642 2375 n
659 2353 809 2376 restitutum
824 2362 854 2376 ex
869 2356 944 2379 Arm.
961 2356 994 2379 de
1009 2355 1124 2380 Oseneia
1143 2359 1169 2379 et
1184 2356 1246 2379 Cod.
1263 2356 1394 2388 Burghes.
1409 2357 1456 2380 Est
1471 2357 1599 2380 sententia
1616 2359 1642 2383 S.
1658 2358 1783 2386 Thomae,
1800 2358 1920 2383 Summa
1937 2359 2016 2384 theol.
2034 2361 2048 2382 3
2062 2368 2089 2391 p.
2106 2368 2150 2391 qu.
2167 2361 2197 2383 25
2210 2368 2234 2383 a.
2251 2361 2266 2384 6
2280 2360 2315 2384 ad
2329 2361 2360 2390 3;

485 2405 528 2427 qu.
545 2399 574 2419 50
593 2405 616 2420 a.
634 2399 647 2420 5
663 2400 688 2420 et
703 2398 735 2420 ad
752 2398 773 2421 1.
790 2398 854 2421 Eam
874 2399 1058 2423 condemnavit
1081 2400 1161 2423 etiam
1180 2400 1239 2424 Joh.
1256 2401 1386 2424 Peckham
1402 2401 1419 2424 l.
1435 2410 1457 2424 c.
1475 2405 1524 2425 art.
1541 2404 1563 2425 5.
1580 2402 1639 2425 Jam
1654 2402 1724 2425 circa
1739 2411 1781 2426 an.
1798 2403 1858 2426 1271
1875 2403 1998 2427 Nicolaus
2018 2404 2185 2428 Lexovicnsis
2202 2405 2359 2429 sententiam

486 2441 511 2463 S.
529 2441 651 2468 Thomae,
671 2442 748 2468 Quol.
772 2443 817 2471 III,
832 2451 855 2466 a.
872 2444 886 2466 4
902 2452 913 2466 «
930 2444 1034 2466 oculum
1054 2448 1188 2468 mortuum
1209 2453 1267 2468 esse
1287 2445 1428 2477 aequivoce
1450 2446 1556 2469 oculum
1572 2455 1583 2469 ι)
1600 2450 1629 2470 ιιι
1643 2455 1783 2470 erroneum
1804 2447 1964 2478 designavit.
1979 2448 2048 2472 Bibl.
2069 2449 2191 2472 Univers.
2208 2449 2293 2473 Paris.
2309 2457 2359 2474 ms.
2402 2439 2406 2444 ¹

485 2488 502 2507 t.
524 2486 556 2508 ΙΙ.
573 2486 627 2513 40⁸,
648 2486 692 2509 rol.
713 2486 783 2509 316b.
806 2500 837 2504 —
859 2487 897 2511 10.
916 2488 988 2515 Quae
1007 2492 1154 2520 sequuntur
1178 2498 1230 2513 om.
1251 2490 1307 2513 cod.
1330 2490 1459 2522 Burghes.
1481 2494 1506 2514 et
1526 2493 1602 2516 Arm.
1623 2492 1657 2516 de
1678 2492 1803 2516 Oseneia.
1824 2493 1853 2515 In
1872 2494 1949 2517 Arm.
1972 2493 2063 2524 plures
2088 2493 2235 2517 afferuntur
2255 2501 2358 2518 errores

485 2532 539 2551 tum
555 2529 580 2552 in
602 2530 765 2559 logicalibus
786 2534 840 2554 tum
860 2531 890 2555 in
906 2533 1093 2558 naturalibus
1108 2541 1187 2564 quam
1203 2542 1294 2565 supra,
1310 2535 1406 2558 desunt
1425 2538 1511 2558 tamen
1527 2535 1564 2558 ibi
1580 2535 1687 2567 quidam
1703 2544 1785 2568 supra
1800 2536 1883 2560 allati.
1898 2550 1929 2554 —
1942 2537 1979 2560 11.
1997 2545 2009 2560 «
2026 2545 2057 2560 ex
2071 2538 2204 2561 communi
2218 2538 2329 2562 consilio
2345 2547 2357 2562 υ

484 2581 535 2596 οιιι.
550 2581 598 2596 ms.
615 2574 697 2597 Oxon.

482 2667 797 2704 475.Uni··e1·sitas
819 2679 994 2706 Parisiensis
1021 2681 1173 2707 liebertum
1202 2683 1365 2719 episcopum
1389 2683 1628 2711 Silvanectensem
1655 2688 1739 2720 rogat
1762 2691 1793 2711 ut
1815 2685 1959 2712 Adamum
1983 2690 2011 2712 et
2034 2686 2187 2712 Hem-icum
2219 2687 2356 2722 Anglicos

570 2725 715 2752 scholares
732 2727 920 2762 Parisienses‚
936 2738 989 2764 lter
1004 2730 1143 2764 quosdam
1161 2730 1268 2757 villicos
1285 2731 1446 2758 vulneratos
1462 2736 1489 2759 et
1504 2733 1532 2759 in
1550 2742 1665 2760 car-cere
1680 2733 1819 2769 detentos,
1838 2733 2005 2761 liberandos
2021 2739 2108 2761 curet.

1728 2806 1801 2836 1277,
1817 2806 1888 2832 dum?
1901 2806 1938 2836 19,
1954 2806 2065 2832 Parisiis.

567 2866 777 2900 Venerabili
809 2868 899 2913 patri
927 2869 963 2902 in
995 2869 1140 2904 Christo
1162 2873 1317 2906 Domino
1341 2899 1363 2906 ..
1386 2874 1452 2907 Dei
1483 2875 1597 2920 gratia
1633 2875 1896 2909 Silvanectensi
1926 2876 2100 2922 episcopo
2133 2877 2352 2911 universitas

478 2933 732 2978 magistrorum
768 2940 804 2967 et
835 2934 1029 2968 scolarium
1065 2938 1225 2973 Parisius
1259 2939 1476 2985 degencium
1510 2941 1663 2975 salutem
1696 2941 1733 2974 in
1767 2954 1811 2975 eo
1840 2941 1902 2988 qui
1931 2942 2031 2976 salus
2056 2949 2111 2976 est
2138 2943 2348 2977 animarum.

1693 3289 1757 3360 α’
