2580 3528
471 402 535 434 596
1053 405 1371 429 ann’rULAiucn
1406 404 1596 426 suivans.
1632 402 1762 424 rmus.
2246 389 2345 432 [1282

471 486 620 519 fratrum
642 485 837 525 Minorum,
856 483 893 515 in
915 493 1014 515 sacra
1035 480 1219 525 theologia
1241 480 1424 520 doctores⁷
1442 489 1509 510 nos
1531 483 1655 509 notum
1677 475 1843 518 facimus,
1861 475 1959 520 quod
1979 487 2060 508 cum
2082 474 2191 509 nobis
2211 475 2347 509 fuerint

473 563 578 586 casus
607 551 801 597 propositi,
831 564 847 581 «
876 556 995 582 utrum
1024 547 1156 592 aliquis
1183 558 1269 580 vere
1297 545 1465 591 penitens
1492 550 1527 576 et
1550 543 1744 576 confessus
1771 549 1806 576 et
1830 542 1898 576 rite
1925 541 2116 576 absolutus
2141 542 2185 576 ab
2213 554 2256 576 eo
2284 542 2346 588 qui

474 626 594 665 potest
613 625 778 652 teneatur
799 617 922 650 eadem
944 621 1087 661 peccata
1110 625 1261 646 numero
1283 613 1414 645 iterum
1435 609 1615 651 confiteri,
1637 616 1673 643 et
1691 615 1812 643 utrum
1833 609 1966 655 aliquis
1991 610 2109 655 possit
2132 615 2193 644 aut
2218 609 2349 643 debeat

475 685 669 732 prohibere
697 691 757 718 aut
783 695 847 729 per
868 682 1014 715 modum
1036 680 1294 725 obligatorium
1316 677 1506 723 impedire,
1530 676 1726 721 quominus
1747 676 1865 722 possit
1885 676 2009 710 eadem
2032 683 2177 722 peccata
2196 676 2256 711 vel
2279 676 2348 710 alia

474 753 577 786 alteri
605 751 770 785 confiteri
792 764 823 792 »,
845 748 1102 794 respondimus
1129 753 1164 779 et
1188 744 1456 790 respondemus
1482 750 1655 789 quantum
1682 742 1726 776 ad
1751 744 1921 789 primum,
1944 743 2043 789 quod
2067 755 2153 777 vere
2179 743 2348 790 penitens

475 826 510 852 et
539 819 729 852 consessus
759 823 794 849 et
821 816 887 848 rite
914 813 1103 847 absolutus
1133 812 1176 845 ab
1207 824 1250 845 eo
1279 810 1340 856 qui
1368 817 1501 856 potest,
1532 810 1563 843 si
1591 810 1827 855 penitentiam
1855 809 1925 843 sibi
1954 810 2056 855 prius
2083 810 2281 855 injunctam
2311 810 2349 843 in

476 885 646 918 memoria
686 889 816 923 teneat,
853 893 925 914 non
963 886 1108 913 tenetur
1147 879 1272 912 eadem
1312 884 1457 923 peccata
1497 889 1652 910 numero
1690 876 1822 910 iterum
1862 876 2050 918 confiteri3
2092 883 2265 922 quantum
2304 876 2350 910 ad

476 951 674 985 secundum
706 949 873 988 dicimus,
904 947 1002 992 quod
1031 958 1104 979 non
1135 952 1255 991 potest
1283 951 1344 978 aut
1372 944 1481 978 debet
1510 944 1643 989 aliquis
1673 943 1817 977 auditor
1846 944 2120 978 confessionum
2153 943 2351 990 prohibere

475 1018 718 1057 confitentem,
741 1016 949 1048 confessum
977 1025 1040 1046 seu
1067 1013 1335 1052 confessurum,
1359 1011 1556 1057 quominus
1578 1010 1639 1044 uni
1661 1011 1866 1044 confessori
1885 1011 2080 1044 confessus
2105 1011 2223 1057 possit
2246 1010 2351 1044 alteri

476 1083 639 1117 confiteri
670 1082 793 1115 eadem
830 1087 973 1126 peccata
1007 1091 1160 1112 numero
1190 1079 1248 1112 vel
1278 1078 1345 1112 alia
1376 1079 1594 1111 introducta.
1628 1078 1664 1111 Si
1695 1078 1757 1123 qui
1787 1084 1905 1111 autem
1937 1077 2063 1111 dicunt
2092 1084 2153 1111 aut
2181 1077 2351 1112 dixerunt

477 1150 709 1190 contrarium,
730 1154 902 1193 quantum
924 1147 960 1179 in
982 1146 1089 1179 nobis
1111 1153 1166 1179 est
1186 1157 1381 1178 erroneum
1403 1152 1626 1191 reputamus.
1650 1145 1777 1178 Datum
1800 1157 1894 1178 anno
1915 1144 2061 1178 Domini
2083 1145 2180 1179 MCC
2202 1151 2354 1191 octoge-

478 1217 568 1249 simo
590 1215 766 1256 secundo,
783 1225 909 1247 mense
930 1212 1139 1247 Novembri.

569 1314 637 1337 Bibl.
654 1316 706 1336 nat.
726 1313 820 1340 Paris.,
837 1320 886 1335 ms.
902 1312 948 1335 lat.
965 1312 1050 1340 15899,
1074 1311 1118 1334 fol.
1136 1310 1207 1334 130b.
1228 1310 1291 1334 Cod.
1309 1311 1449 1334 Rutenens.
1471 1310 1607 1334 continens
1628 1310 1768 1334 Constitut.
1785 1310 1849 1334 ord.
1864 1310 1958 1334 Praed.
1979 1311 2012 1334 ad
2036 1310 2100 1334 ord.
2120 1310 2255 1342 pertinens
2274 1309 2353 1343 (saec.

477 1359 625 1390 XIII—XIV),
640 1367 666 1389 p.
683 1359 736 1381 339.
749 1357 881 1380 Johannes
892 1356 1022 1380 Peckham
1032 1355 1187 1379 transcribit
1202 1358 1227 1378 et
1242 1355 1351 1387 insuper
1362 1355 1480 1379 declarat
1492 1355 1518 1378 in
1530 1363 1578 1378 suo
1588 1355 1716 1386 Reyistro
1727 1355 1804 1386 epist.
1816 1355 1865 1385 (ed.
1877 1355 1982 1383 Martin,
1995 1355 2040 1383 ΙΙΙ,
2052 1356 2106 1384 878,
2123 1355 2157 1379 ad
2168 1355 2197 1379 17
2207 1355 2267 1379 Jan.
2283 1355 2355 1385 1285)

478 1404 546 1426 idem
561 1403 754 1430 documentum,
770 1402 857 1425 visum
871 1409 931 1424 ann.
949 1401 1009 1424 1282
1024 1404 1049 1424 et
1064 1401 1124 1423 1284
1142 1400 1175 1423 ab
1191 1400 1299 1423 officiali
1314 1400 1403 1423 curiae
1418 1400 1585 1423 Parisiensis.
1602 1399 1720 1423 Primum
1735 1400 1774 1423 sic
1789 1399 1882 1431 incipit
1898 1408 1903 1423 :
1921 1409 1933 1423 «
1949 1400 2087 1424 Universis
2102 1403 2239 1432 presentes
2252 1399 2355 1424 litteras

478 1447 635 1479 inspecturis
651 1446 773 1470 officialis
789 1446 876 1469 curiae
892 1445 975 1469 Paris.
993 1445 1105 1468 salutem
1120 1444 1147 1467 in
1163 1444 1282 1468 Domino.
1299 1445 1395 1468 Notum
1406 1444 1517 1468 facimus
1532 1452 1580 1467 nos
1596 1452 1664 1467 auno
1680 1444 1784 1468 Domini
1799 1444 1865 1468 MCC
1877 1444 2038 1476 octogesimo
2054 1445 2177 1473 secundo,
2193 1444 2235 1468 die
2251 1444 2356 1468 sabbati

477 1495 539 1524 post
554 1493 647 1515 festum
665 1491 691 1514 S.
715 1490 856 1514 Clementis
872 1490 946 1522 [Nov.
964 1489 1004 1521 29]
1019 1489 1122 1513 litteras
1138 1489 1228 1520 sigillo
1243 1488 1343 1512 domini
1358 1489 1442 1512 Paris.
1467 1488 1586 1520 episcopi
1601 1497 1715 1512 unacum
1735 1489 1897 1520 quibusdam
1911 1489 2009 1521 sigillis
2029 1488 2220 1521 magistrorum
2234 1488 2261 1512 in
2281 1488 2358 1512 theo-

477 1536 563 1568 logica
580 1536 702 1559 facultate
718 1535 849 1566 sigillatas
864 1534 962 1558 vidisse
978 1534 1004 1557 in
1019 1534 1066 1557 hec
1081 1534 1163 1557 verba
1183 1542 1205 1562 n,
1222 1538 1269 1558 etc.
1286 1534 1342 1557 Non
1358 1542 1421 1565 ergo
1436 1533 1528 1557 charta
1543 1533 1603 1565 ipsa
1618 1534 1664 1557 sed
1679 1533 1870 1565 transcriptum
1884 1537 1988 1557 tantum
2002 1533 2125 1557 officialis
2140 1537 2179 1557 est
2195 1535 2225 1557 29
2239 1534 2359 1557 -Novem-

478 1581 543 1605 bris.
562 1594 594 1598 -—
618 1581 721 1604 Chron.
746 1579 834 1604 Nicol.
863 1579 1044 1609 Glassberyer
1059 1578 1085 1601 in
1101 1578 1238 1603 Analecta
1262 1578 1418 1606 Francisa,
1434 1578 1467 1607 ΙΙ,
1483 1579 1513 1601 97
1536 1586 1587 1610 sq„
1612 1577 1659 1601 uhi
1673 1578 1742 1602 sicut
1761 1578 1832 1610 apud
1847 1578 1978 1602 Peckham
1995 1581 2021 1602 et
2035 1578 2132 1602 Baluze
2152 1578 2226 1602 deest
2241 1586 2252 1602 t(
2268 1585 2359 1602 mense

478 1625 619 1649 Novembri
636 1633 658 1648 ».
674 1625 803 1648 Notantur
819 1623 883 1647 ibid.
900 1624 951 1646 ‹luo
967 1623 1091 1647 vidimus
1107 1631 1167 1646 ann.
1185 1623 1246 1646 128ss
1261 1626 1287 1646 et
1301 1623 1370 1646 1287.
1387 1623 1492 1652 Baluze,
1513 1622 1592 1648 Vitae
1603 1629 1751 1654 paparum
1765 1622 1914 1652 Avenion„
1933 1623 1966 1652 ΙΙ,
1981 1623 2021 1647 10.

576 1710 596 1733 1.
614 1709 768 1740 Ranulphus
784 1709 816 1732 de
838 1707 1033 1731 llomhloneria.
1053 1707 1117 1731 Vide
1140 1716 1222 1739 supra
1237 1711 1266 1730 n⁰
1281 1708 1336 1731 503.
1350 1721 1382 1725 —
1393 1708 1414 1731 2.
1427 1707 1491 1731 Vide
1507 1716 1588 1740 supra
1603 1712 1632 1731 n⁰
1647 1709 1700 1731 395.
1716 1721 1748 1725 -
1762 1709 1785 1732 3.
1801 1707 1959 1731 Nominatur
1970 1706 2026 1740 jam
2042 1716 2124 1739 supra
2143 1707 2176 1731 n¹¹
2190 1707 2245 1736 416,
2260 1708 2316 1731 1135.
2332 1720 2361 1726 —

481 1756 503 1777 4.
521 1755 634 1778 Joannes
650 1754 681 1776 de
697 1753 854 1777 Aurelianis.
872 1753 959 1784 Supra
970 1756 999 1775 n⁰
1013 1753 1067 1775 437.
1081 1765 1112 1769 -
1127 1754 1149 1775 5.
1165 1752 1201 1775 De
1216 1752 1320 1775 duobus
1336 1751 1394 1776 istis
1407 1751 1468 1775 vide
1483 1752 1612 1781 Guererd,
1630 1753 1705 1777 Cart.
1722 1754 1755 1777 de
1769 1753 1969 1781 Notre-Dame,
1983 1753 2026 1781 lv,
2043 1753 2086 1781 15;
2102 1753 2149 1781 ΙΙΙ,
2161 1753 2225 1781 35ος
2241 1752 2284 1781 lv,
2300 1753 2361 1781 205:

482 1799 586 1826 Delisle,
605 1798 716 1823 Cabinet
728 1799 774 1822 des
789 1804 865 1826 mss„
882 1798 915 1826 11,
930 1797 988 1825 152;
1005 1797 1051 1824 III,
1067 1798 1090 1824 4,
1107 1799 1133 1820 et
1146 1797 1220 1821 Hist.
1238 1797 1293 1822 litt.
1308 1798 1341 1821 de
1356 1797 1384 1821 la
1399 1797 1521 1824 France,
1538 1797 1624 1826 XXVI,
1641 1798 1695 1821 448.
1711 1811 1743 1815 —-
1757 1799 1779 1821 6.
1796 1798 1835 1821 Cf.
1853 1797 1982 1826 Guerard,
1999 1798 2018 1822 l.
2031 1805 2065 1826 c.‚
2081 1797 2123 1825 1v,
2141 1797 2199 1826 118;
2215 1797 2290 1822 Hist.
2309 1796 2359 1821 lm.

482 1845 514 1867 de
530 1843 557 1867 la
573 1844 690 1872 France,
706 1843 770 1870 XXI,
793 1843 851 1869 29&
876 1841 982 1869 Delisle,
1005 1841 1120 1866 Cabinet
1139 1842 1186 1866 des
1206 1848 1283 1870 mss..
1300 1842 1332 1869 11,
1350 1842 1404 1870 143,
1419 1842 1473 1866 210.
1488 1855 1520 1860 —
1535 1843 1557 1866 7.
1575 1842 1637 1874 Ejus
1658 1845 1761 1866 exstant
1776 1842 1844 1866 inter
1859 1842 1912 1865 ulia
1933 1842 2045 1869 Quaest.
2067 1841 2196 1872 theolog„
2213 1849 2273 1865 ana.
2290 1841 2360 1870 1273,

483 1888 552 1915 1274,
570 1896 593 1910 v.
609 1896 635 1918 g.
651 1887 677 1910 in
695 1886 763 1910 Bibl.
781 1886 882 1909 nacion.
900 1885 997 1909 Matrit.
1015 1886 1043 1909 P.
1060 1886 1099 1914 37,
1116 1885 1142 1908 in
1158 1885 1254 1917 quibus
1268 1886 1324 1917 jum
1345 1889 1459 1913 notatur,
1482 1895 1526 1910 eas
1549 1895 1607 1910 esse
1624 1887 1706 1910 factas
1724 1895 1735 1910 α
1751 1886 1778 1910 ἰ1ι
1794 1886 1913 1918 vesperis
1932 1894 1955 1915 »‚
1973 1895 1984 1910 α
2003 1886 2028 1909 in
2044 1886 2106 1909 aula
2122 1894 2143 1915 »,
2161 1895 2172 1909 (ι
2189 1886 2215 1909 in
2230 1886 2272 1909 die
2288 1893 2310 1909 1).
2325 1885 2363 1909 De

483 1933 538 1963 ejus
559 1931 724 1955 sermonibus
743 1932 775 1954 cf.
792 1931 876 1962 Lecoy
891 1931 922 1953 de
938 1930 963 1953 la
979 1930 1092 1958 Marehe,
1109 1930 1152 1954 La
1166 1930 1260 1955 chaire
1273 1931 1428 1961 francaise,
1443 1932 1457 1954 2
1473 1931 1524 1959 ed.,
1540 1939 1567 1962 p.
1585 1932 1623 1955 83.
1640 1931 1796 1955 Nominatur
1811 1931 1891 1955 etiam
1907 1939 1918 1954 t(
1930 1931 1961 1954 de
1977 1930 2113 1954 Torculnri
2130 1938 2152 1954 ».
2167 1931 2255 1962 Supra
2264 1934 2294 1953 a*²
2305 1930 2361 1954 480.

485 1977 556 2000 Obiit
570 1985 612 2000 an.
629 1977 698 2004 1302,
714 1977 774 1999 Jan.
790 1977 827 1998 26.
841 1976 879 1999 Cf.
896 1975 1024 2003 Guerard,
1040 1975 1082 2003 lv,
1100 1975 1137 1998 14.
1149 1976 1212 1999 -8.
1229 1975 1314 1998 Priori
1330 1975 1422 1999 Praed.
1438 1979 1463 1999 et
1479 1977 1510 1999 rr.
1527 1976 1639 1999 Droconi
1655 1976 1686 1999 de
1701 1970 1816 1999 Pruxiino
1832 1975 1933 1999 doctori
1948 1975 2111 2007 theologicae
2128 1975 2217 1998 facult.
2232 1974 2363 1998 Minorum

486 2023 597 2044 fratrum
612 2021 741 2044 Ordinum
756 2020 897 2044 parisiens.
918 2019 1027 2051 scripsit
1041 2019 1173 2042 Honorius
1190 2020 1222 2043 IV
1237 2020 1268 2042 30
1282 2020 1358 2043 Mart.
1376 2028 1417 2043 an.
1437 2020 1498 2043 1282
1514 2021 1586 2052 (Reg.
1603 2021 1660 2044 Vat.
1677 2028 1719 2044 an.
1737 2021 1759 2048 1,
1775 2029 1816 2052 ep.
1834 2021 1887 2048 247,
1905 2021 1949 2044 fol.
1966 2020 2032 2050 67b).
2050 2020 2113 2043 Vide
2128 2022 2266 2052 praeterea
2280 2019 2364 2051 Lecoy

486 2066 517 2089 de
541 2066 566 2089 la
589 2065 701 2093 Marche,
726 2074 752 2096 p.
774 2065 828 2092 501,
845 2067 870 2087 et
884 2064 954 2087 infra
978 2072 1002 2087 n.
1027 2064 1064 2087 11.
1081 2077 1111 2081 —
1125 2065 1148 2086 9.
1165 2064 1229 2087 Vide
1245 2064 1408 2095 Stephanum
1428 2065 1460 2088 de
1480 2065 1628 2088 Salanhaco
1648 2065 1673 2088 in
1694 2066 1800 2090 Archiv
1819 2066 1840 2095 f.
1859 2065 2033 2089 Litteratur-
2053 2071 2083 2089 u.
2100 2065 2319 2095 Kirchenyesch.
2336 2064 2364 2089 d.

486 2110 636 2138 Mittelalc.,
653 2110 685 2138 ΙΙ,
702 2111 755 2137 207,
772 2113 801 2132 n0
816 2109 854 2132 31.
874 2108 989 2140 Legebat
1009 2107 1118 2131 Parisiis
1131 2109 1187 2139 jam
1202 2116 1244 2131 un.
1261 2109 1330 2132 1278.
1347 2122 1378 2126 —-
1394 2109 1432 2132 10.
1455 2109 1520 2132 Vide
1535 2109 1599 2133 ibid.
1616 2114 1645 2132 n⁰
1659 2111 1697 2137 39,
1714 2118 1740 2141 p.
1757 2110 1812 2134 210.
1828 2109 1890 2141 Ejus
1907 2118 1986 2141 saepe
2009 2109 2106 2133 mentio
2128 2110 2157 2133 fit
2176 2109 2203 2132 in
2224 2109 2293 2133 Bibl.
2309 2111 2364 2133 nat.

487 2155 570 2178 Paris.
587 2163 635 2177 ms.
658 2154 703 2177 lat.
721 2154 795 2181 312ος
818 2153 867 2176 fuit
884 2152 1029 2176 acerrimus
1050 2152 1219 2175 adversarius
1236 2152 1371 2176 Guillelmi
1386 2153 1418 2176 de
1433 2153 1534 2181 Miicon,
1550 2154 1632 2185 episc.
1649 2153 1841 2177 Ambianensis.
1858 2169 1890 2172 --
1904 2154 1942 2177 11.
1960 2155 1979 2177 Ι.
2001 2162 2023 2177 e.
2045 2155 2111 2178 Lens
2133 2152 2364 2185 (Pas-de-Cnlain).

489 2199 551 2230 Ipsi,
567 2198 683 2230 Drogoni
699 2206 781 2229 supra
796 2197 940 2225 nominato,
957 2197 1046 2220 Arloto
1062 2196 1174 2228 aliisque
1189 2204 1220 2220 ex
1235 2196 1298 2220 ord.
1310 2197 1371 2220 Min.
1383 2205 1426 2220 an.
1441 2197 1502 2220 1283
1518 2197 1638 2221 minister
1652 2198 1784 2230 generalis
1799 2198 1960 2230 Bonagratia
1974 2201 2097 2228 suspecta
2107 2198 2134 2222 in
2145 2197 2265 2222 doctrina
2275 2195 2366 2222 fratris

488 2243 558 2266 Petri
573 2242 700 2266 Johannis
721 2241 790 2266 olivi
808 2241 983 2264 examinanda
1002 2240 1131 2272 exposuit.
1158 2241 1261 2265 Chron.
1283 2241 1362 2264 XXIV
1387 2241 1516 2266 General.
1542 2242 1726 2274 Glassberg‘er,
1750 2243 1767 2266 1.
1789 2251 1822 2271 c.,
1845 2252 1871 2274 p.
1896 2244 1949 2267 100.
1966 2243 2080 2268 Archiv.
2103 2245 2122 2274 f.
2145 2243 2317 2267 Litteratur-
2334 2247 2366 2266 u·

490 2287 715 2317 Kirchenyesch„
730 2287 775 2314 111,
791 2286 846 2310 416.
861 2299 893 2303 -
907 2286 944 2308 12.
960 2285 1031 2308 Alias
1048 2294 1059 2308 «
1074 2285 1159 2316 Golyn
1175 2293 1197 2309 ».
1214 2285 1278 2308 Vide
1292 2290 1322 2308 n0
1336 2286 1390 2314 511,
1407 2286 1493 2309 alinea
1509 2287 1530 2310 1.
1547 2300 1577 2304 —
1593 2287 1630 2310 13.
1647 2287 1688 2311 Cf.
1702 2288 1867 2311 Bernardum
1882 2288 2010 2312 Guidonis
2026 2288 2053 2311 in
2068 2287 2181 2315 Archiv,
2197 2291 2257 2317 etc„
2272 2295 2300 2318 p.
2311 2287 2366 2315 204),

490 2336 518 2354 110
533 2333 571 2355 37.
582 2345 613 2349 —
623 2332 661 2354 14.
676 2332 704 2354 111
717 2331 784 2354 Βί1)1,
797 2334 849 2353 nat.
867 2330 952 2354 Paris.
967 2338 1018 2353 ms.
1030 2330 1076 2353 lat.
1090 2330 1174 2358 14726,
1193 2330 1237 2353 sol.
1249 2330 1303 2358 128,
1315 2329 1448 2354 invenitur
1463 2331 1581 2362 ejusdem
1599 2331 1730 2359 Quaestio
1745 2332 1891 2363 disputata
1904 2341 1947 2356 an.
1962 2333 2031 2356 1281.
2046 2333 2092 2356 An.
2108 2332 2169 2356 1285
2179 2332 2206 2355 in
2217 2331 2367 2355 ministrum

492 2376 639 2407 generalem
659 2376 766 2403 electus,
785 2375 897 2398 moritur
912 2383 953 2398 an.
970 2373 1098 2405 sequenti.
1116 2387 1147 2392 -—
1165 2375 1223 2398 Jam
1245 2377 1304 2397 ante
1325 2375 1336 2398 1
1357 2375 1409 2398 Jul.
1431 2375 1548 2407 ejusdem
1563 2376 1625 2399 anni
1644 2376 1754 2400 Parisiis
1777 2377 1938 2400 celebratum
1958 2380 1998 2400 est
2017 2374 2163 2401 Concilium
2182 2375 2368 2408 episcoporum

492 2423 600 2451 propter
619 2420 727 2442 eandem
745 2427 861 2447 causam,
877 2421 906 2442 ut
921 2421 1032 2450 apparet
1053 2426 1084 2441 ex
1105 2418 1218 2450 epistola
1233 2418 1367 2442 Guillelmi
1383 2419 1576 2452 archiepiscopi
1596 2421 1733 2452 Rotomag.
1759 2424 1784 2445 et
1806 2421 1940 2445 Guillelmi
1959 2421 2077 2453 episcopi
2099 2419 2282 2444 Ambianensis
2297 2417 2368 2451 apud

494 2464 596 2492 Mai-lot,
616 2464 777 2493 ItIetropolis
798 2463 936 2491 Remens„
958 2463 990 2491 ΙΙ,
1013 2463 1072 2491 579,
1093 2465 1118 2486 et
1135 2462 1199 2486 haec
1217 2463 1267 2486 fuit
1285 2463 1387 2494 prima
1406 2465 1576 2496 congregatio
1600 2467 1668 2489 facta
1693 2466 1763 2489 circa
1785 2466 1851 2489 illud
1873 2466 2016 2498 negotium,
2037 2469 2063 2489 et
2085 2467 2151 2489 forte
2171 2465 2203 2488 de
2222 2464 2269 2488 illa
2290 2464 2369 2487 etiam

495 2507 610 2539 loquitur
632 2507 759 2530 Henricus
781 2507 812 2530 de
834 2507 959 2531 Gnndavo
979 2507 1020 2530 his
1043 2507 1131 2530 verbis
1148 2515 1154 2530 ι
1173 2515 1184 2530 α
1205 2507 1290 2539 Super
1309 2508 1401 2531 eadem
1423 2509 1559 2540 questione
1579 2517 1596 2534 α
1616 2514 1678 2534 cetu
1691 2510 1825 2541 plurium
1840 2511 2046 2541 episcoporum,
2063 2513 2153 2542 utpote
2173 2509 2241 2538 XIII,
2257 2515 2370 2540 quorum

496 2552 546 2574 (luo
566 2554 640 2574 erant
659 2551 859 2582 archiepiscopi,
882 2551 993 2582 petitum
1014 2551 1063 2574 fuit
1083 2559 1097 2574 a
1117 2551 1237 2583 collegiis
1258 2552 1447 2583 mag-istrorum
1469 2554 1617 2585 regentium
1638 2554 1756 2578 Parisius
1777 2555 1803 2578 in
1825 2554 1994 2578 facultatibus
2010 2554 2141 2586 theologie
2156 2557 2181 2577 et
2195 2554 2370 2581 decretorum,

497 2596 559 2627 quid
584 2595 635 2626 ipsi
657 2595 783 2618 sentirent
802 2604 823 2618 n.
845 2595 924 2622 Quol.
944 2596 989 2619 vn
1010 2604 1051 2620 an.
1075 2596 1144 2624 1282,
1171 2605 1214 2628 qu.
1236 2597 1265 2620 24
1285 2597 1320 2626 (in
1342 2605 1391 2621 ms.
1412 2598 1457 2621 lat.
1477 2599 1546 2627 3120,
1564 2599 1608 2622 fol.
1628 2599 1691 2631 10b).
1708 2600 1802 2623 Postea
1822 2599 1933 2623 forsitan
1953 2599 2042 2631 aliqua
2061 2598 2178 2622 Concitia
2196 2596 2372 2630 provincialia

498 2643 559 2663 sunt
575 2639 714 2667 celebrata,
731 2639 753 2662 si
777 2639 969 2671 archiepiscopi
984 2643 1044 2663 voto
1060 2640 1254 2672 archiepiscopi
1270 2642 1471 2673 Rotomagensis
1487 2646 1512 2666 et
1527 2643 1644 2675 episcopi
1664 2644 1783 2667 Ambian.
1806 2644 1832 2667 in
1851 2644 1947 2668 litteris
1966 2643 2082 2668 laudatis
2102 2643 2173 2675 apud
2193 2642 2288 2666 Mat-lot
2306 2641 2324 2665 l.
2347 2649 2370 2665 c.

497 2692 620 2715 expresso
635 2684 824 2714 reponderunt;
841 2692 929 2707 mense
944 2684 1086 2707 Novembri
1096 2688 1183 2708 tamen
1195 2686 1238 2709 XV
1249 2686 1371 2717 magistri
1381 2687 1543 2711 parisienses
1555 2688 1664 2712 Parisiis
1676 2688 1829 2720 congregati
1840 2696 1998 2720 responsum
2012 2696 2094 2719 supra
2106 2687 2218 2711 relatum
2233 2686 2371 2714 dederunt,

499 2728 568 2760 quod
588 2727 682 2751 iterum
702 2735 793 2750 ansam
813 2727 936 2758 praebuit
955 2729 987 2751 ad
1007 2728 1175 2760 litigandum,
1196 2738 1229 2753 an
1249 2730 1328 2753 etiarn
1348 2739 1438 2754 omncs
1458 2732 1580 2763 magistri
1599 2736 1752 2764 praesentes
1773 2733 1917 2764 sigillarint
1935 2733 2047 2761 litteras,
2063 2735 2092 2755 ut
2110 2732 2194 2763 liquet
2208 2739 2239 2755 ex
2256 2731 2333 2758 anl.
2350 2730 2372 2754 Χ

499 2781 542 2804 qu.
560 2773 571 2795 1
589 2771 693 2795 Hem-ici
708 2772 739 2794 de
757 2771 891 2799 Gandavo,
910 2780 940 2795 ex
959 2772 1071 2803 epistola
1089 2773 1207 2805 episcopi
1226 2775 1345 2798 Ambian.
1363 2775 1389 2798 in
1405 2776 1473 2800 Bibl.
1490 2780 1535 2800 nat
1554 2777 1638 2801 Paris.
1652 2786 1699 2801 ms.
1717 2778 1762 2801 lat.
1779 2779 1849 2806 3120,
1868 2778 1911 2801 fol.
1931 2777 1986 2806 32¹²,
2002 2785 2034 2800 ex
2053 2784 2172 2800 sermone
2192 2774 2320 2799 Johannis
2341 2775 2373 2798 de

500 2818 527 2841 S.
538 2816 687 2843 Benedicta,
697 2815 760 2838 ibid.
773 2816 816 2839 fol.
828 2815 882 2843 361’,
897 2819 922 2838 et
937 2810 1153 2846 Quetif-Echard,
1168 2819 1186 2846 Ι,
1197 2819 1250 2842 405.
1264 2833 1295 2836 -
1307 2820 1455 2843 Secundum
1470 2821 1542 2846 Hisc.
1554 2822 1606 2846 litt.
1620 2823 1654 2847 (le
1666 2822 1694 2846 la
1708 2823 1825 2851 France,
1838 2822 1901 2850 XXI,
1918 2823 1956 2851 22,
1971 2823 2029 2850 553;
2044 2821 2118 2849 XXV,
2134 2821 2189 2849 387,
2199 2823 2224 2843 et
2238 2819 2373 2850 Lnnglois,

499 2861 539 2885 Le
551 2862 636 2891 reque
649 2861 682 2883 de
701 2859 829 2890 philippe
843 2859 900 2887 ΙΙΙ,
916 2868 943 2890 p.
959 2861 1012 2888 245,
1029 2868 1071 2885 an.
1088 2862 1148 2884 1282
1163 2863 1203 2885 vel
1221 2863 1289 2891 1283,
1306 2864 1416 2888 Parisiis
1432 2865 1504 2888 aliud
1520 2866 1666 2889 Concilium
1686 2866 1769 2898 (cujus
1791 2870 1866 2890 tenor
1885 2866 1953 2890 inter
1975 2866 2074 2897 scripta
2097 2864 2222 2888 Matthaei
2245 2863 2326 2887 Flacii
2347 2863 2374 2887 in

500 2905 568 2929 Bibl.
584 2904 778 2932 Wolfenbssttel,
795 2903 851 2926 cod.
868 2904 1012 2927 Helmstad.
1031 2905 1083 2928 743.
1100 2907 1114 2927 8
1129 2905 1205 2938 [818],
1221 2908 1264 2930 fol.
1279 2908 1317 2936 21,
1333 2912 1358 2932 et
1373 2910 1443 2940 apud
1460 2910 1596 2939 Bulaeum,
1610 2911 1655 2939 ΙΙΙ,
1672 2912 1726 2940 465,
1742 2911 1892 2942 partimque
1907 2911 1934 2934 in
1948 2910 2004 2934 cod.
2022 2910 2091 2934 Bibl.
2102 2912 2156 2933 nat.
2169 2909 2253 2933 Paris.
2266 2917 2315 2932 ms.
2326 2908 2373 2931 lat.

501 2950 570 2978 3120,
588 2949 631 2972 fol.
649 2948 703 2977 321¹,
719 2947 880 2979 asservatur)
896 2947 922 2971 in
938 2948 986 2970 hac
1002 2956 1081 2972 causa
1097 2954 1285 2981 coiigregatum
1302 2952 1359 2976 fuit.
1377 2953 1430 2976 lloc
1445 2957 1532 2977 tamen
1547 2963 1589 2978 an.
1606 2955 1667 2978 ’1286
1681 2955 1809 2984 evenisse,
1823 2955 1850 2978 in
1862 2958 1933 2979 tomo
1948 2955 1972 2978 ll
1987 2953 2170 2986 probabimus.
