2580 3528
284 408 382 450 1275]
625 417 672 439 AB
706 416 813 438 anno
846 415 924 438 ucc
958 415 1091 444 usqua
1126 415 1174 437 An
1208 415 1437 437 ruturruu
1473 415 1513 437 iv
1548 415 1636 437 asc..
1674 416 1810 438 firme.
2091 407 2155 440 523

282 492 377 526 citus
406 491 583 538 extirpato
612 496 733 524 motus
762 501 856 535 quos
879 488 1057 535 juvenilis
1085 489 1208 522 servor
1234 488 1427 522 consuevit
1454 488 1682 533 aliquociens
1710 489 1886 523 effrenare
1914 491 2155 524 mansuetudo

282 558 442 605 benigna
469 557 624 603 mitiget,
659 556 841 590 evitentur
869 555 1052 598 scandala,
1081 555 1227 601 injurie,
1257 566 1443 596 rancores,
1474 555 1570 596 odia,
1599 567 1719 588 rerum
1755 555 1959 602 dispendia,
1995 557 2154 602 pericula

283 636 522 671 personarum
555 630 591 658 et
619 624 817 657 animarum
853 623 967 656 exicia
996 621 1222 668 relegentur,
1258 621 1471 655 subcrescat
1507 622 1637 655 caritas
1668 622 1704 655 in
1734 622 1845 655 studii
1884 623 2155 669 tranquillitatis

283 692 439 726 radicata
458 691 632 737 virgulto,
659 697 695 724 et
714 690 888 724 moderna
912 689 1106 723 curiositas
1127 700 1198 734 que
1219 688 1302 735 plus
1327 688 1436 722 solito
1456 688 1666 722 innumeras
1687 688 1903 735 multiplicat
1927 690 2153 735 questiones,

281 758 500 793 labet-imum
521 757 710 792 declinans
737 756 868 798 litium,
895 755 1030 802 quibus
1059 767 1124 802 pro
1154 755 1318 797 minimo,
1341 755 1425 788 dum
1445 755 1596 789 affectus
1617 755 1770 801 imperat
1789 756 1932 797 rationi,
1955 768 1995 789 se
2015 757 2156 802 aliquo-

281 826 384 860 ciens
417 824 620 860 insolenter
652 823 836 870 immergit
861 823 907 857 ad
936 823 1232 869 prosequendum
1262 821 1385 856 debite
1419 822 1649 868 operacionis
1683 822 1841 856 officium
1876 829 1979 856 vacet
2009 824 2155 869 penitus

283 901 320 928 et
346 892 523 927 intendat.
554 890 858 925 procuratoribus
885 890 998 936 igitur
1023 890 1178 936 partium
1206 896 1395 935 postquam
1423 889 1467 923 ad
1493 896 1614 935 partes
1638 889 1844 924 Gallicanas
1869 891 2093 924 accessimus
2118 891 2155 924 in

282 966 407 1003 nostra
433 958 624 1006 presencia
650 957 859 992 constitutis
888 956 1086 1003 diligenter
1114 956 1332 997 audivimus,
1365 968 1434 1002 que
1465 967 1585 989 coram
1616 956 1723 990 nobis
1757 969 1868 1002 super
1895 957 1976 1003 ipso
2007 958 2155 1003 negotio

284 1037 490 1074 proponere
509 1025 718 1060 voluerunt.
741 1025 786 1058 Et
804 1031 844 1058 ut
863 1024 979 1070 magis
999 1023 1037 1057 in
1057 1023 1206 1069 negotio
1227 1023 1308 1068 ipso
1329 1034 1496 1056 essemus
1516 1023 1698 1064 instructi,
1720 1024 1966 1066 narraciones,
1989 1025 2156 1070 proposi-

283 1094 404 1128 tiones
423 1105 463 1127 ac
484 1092 688 1139 peticiones
708 1091 862 1137 partium
883 1090 992 1124 nobis
1012 1091 1050 1124 in
1070 1090 1217 1136 scriptis
1237 1090 1390 1123 fecimus
1410 1089 1587 1123 exhiberi.

373 1159 569 1206 Proposuit
602 1158 784 1204 siquidem
819 1169 939 1191 coram
973 1156 1081 1190 nobis
1116 1163 1330 1203 procurator
1367 1157 1497 1202 partis,
1533 1168 1604 1202 que
1645 1168 1729 1202 pars
1762 1157 1924 1191 Alberici
1956 1158 2157 1204 vulgariter

283 1227 498 1274 appellatur,
526 1232 652 1259 contra
678 1231 815 1271 partem
843 1224 1045 1265 adversam,
1062 1224 1188 1269 primo
1214 1223 1313 1269 quod
1341 1223 1539 1257 Normanni
1571 1223 1615 1256 de
1643 1230 1744 1269 parte
1770 1224 1848 1269 ipsa
1874 1225 2068 1267 contraria,
2094 1226 2156 1271 qui

285 1295 369 1328 tunc
399 1293 572 1339 majorem
609 1298 745 1338 partem
785 1291 950 1324 nacionis
984 1292 1274 1324 Normannorum
1309 1289 1502 1331 faciebant,
1533 1302 1687 1323 unacum
1723 1297 1957 1336 procuratore
1993 1292 2156 1325 nacionis

283 1361 402 1407 ipsius
431 1366 467 1394 et
490 1359 637 1405 quidam
668 1358 713 1392 de
740 1357 858 1392 tribus
888 1357 969 1391 aliis
998 1356 1215 1390 nacionibus
1246 1362 1330 1390 tunc
1361 1348 1535 1402 predictis
1568 1356 1787 1391 adherentes
1815 1359 2013 1391 Normanni
2041 1365 2077 1392 et
2096 1359 2156 1393 alii

284 1426 515 1474 postmodum
543 1424 784 1460 succedentes
812 1424 950 1458 eisdem
979 1429 1208 1469 opponentes
1230 1434 1269 1456 se
1290 1422 1510 1456 institutioni
1537 1424 1628 1456 facte
1649 1423 1694 1456 de
1720 1424 1894 1469 magistro
1919 1425 2090 1459 Alberico
2112 1426 2157 1460 de

284 1493 407 1527 Remis
427 1492 464 1526 in
485 1498 664 1526 rectorem
693 1490 950 1525 Universitatis
978 1490 1196 1524 Parisiensis
1224 1495 1350 1523 contra
1379 1489 1653 1523 ordinacionem
1679 1501 1744 1535 per
1769 1502 1836 1524 nos
1863 1491 1999 1524 dudum
2031 1493 2156 1526 saetam

285 1560 323 1594 in
353 1559 522 1606 pluribus
550 1558 742 1593 venientes
771 1563 807 1591 et
835 1569 875 1591 se
905 1556 949 1590 ab
978 1556 1059 1590 aliis
1089 1555 1306 1590 nacionibus
1341 1555 1459 1589 tribus
1493 1567 1558 1602 pro
1593 1556 1722 1602 majori
1759 1563 1860 1602 parte
1893 1559 2091 1603 cujuslibet
2124 1566 2159 1593 et

285 1626 470 1673 magistris
501 1625 807 1671 Rothomagensis
834 1624 991 1658 civitatis
1020 1630 1056 1657 et
1084 1623 1254 1669 dyocesis
1280 1622 1419 1656 eisdem
1447 1622 1709 1657 adherentibus
1735 1630 1859 1658 contra
1885 1624 2157 1660 ordinacionem

284 1693 399 1740 ipsam
426 1692 555 1727 illicite
584 1698 809 1738 separantes,
836 1691 942 1725 latam
970 1702 1035 1737 per
1062 1702 1130 1724 nos
1157 1690 1277 1736 quoad
1302 1689 1428 1723 hocin
1448 1696 1745 1736 transgressores
1772 1691 2020 1726 ordinacionis
2042 1693 2158 1739 ipsius

283 1759 671 1794 excommunicationis
709 1758 926 1793 sententiam
960 1758 1206 1791 incurrerunt.
1241 1755 1400 1791 Secundo
1435 1757 1533 1802 quod
1573 1757 1784 1803 cognitores
1818 1770 1884 1791 seu
1917 1759 2064 1804 judices
2094 1773 2159 1806 per

282 1826 559 1861 ordinacionem
588 1825 800 1872 hujusmodi
830 1825 991 1871 deputati
1020 1830 1288 1870 cognoscentes
1318 1823 1364 1856 de
1393 1823 1528 1869 prefata
1559 1824 1787 1869 separatione
1815 1831 1851 1858 et
1877 1837 1985 1860 causa
2014 1838 2159 1873 separa-

282 1894 394 1928 tionis
416 1893 535 1940 ipsius
555 1892 819 1935 diffiniverunt,
838 1898 975 1938 partem
999 1892 1291 1925 Normannorum
1317 1890 1362 1923 de
1383 1901 1447 1924 sex
1467 1890 1739 1936 episcopatibus
1760 1898 1796 1925 et
1815 1891 1885 1925 sibi
1906 1892 2158 1928 adherentium

282 1972 323 1996 se
351 1960 396 1995 ab
424 1960 506 1995 aliis
540 1959 661 1994 tribus
686 1958 903 1993 nacionibus
931 1970 996 2005 per
1022 1959 1194 2004 majorem
1224 1964 1361 2004 partem
1393 1956 1591 2003 cujuslibet
1617 1957 1738 1992 minus
1764 1958 1926 2005 legitime
1954 1971 2157 2006 separasse,

282 2034 319 2062 et
344 2039 490 2062 causam
518 2027 761 2074 separationis
788 2027 953 2072 ipsorum
981 2037 1056 2059 non
1082 2025 1197 2058 fuisse
1218 2024 1430 2070 legitimam,
1452 2024 1518 2058 sed
1539 2024 1710 2070 injustam
1731 2032 1768 2059 et
1788 2026 1908 2060 minus
1933 2027 2160 2062 sufficienter

284 2093 484 2140 probatam.
501 2095 555 2128 Ex
574 2093 710 2140 quibus
730 2099 945 2140 procurator
964 2093 1044 2139 ipse
1061 2091 1218 2138 petebat,
1236 2103 1279 2125 ex
1296 2091 1412 2137 primo
1433 2090 1586 2133 scilicet,
1605 2103 1670 2137 per
1686 2104 1754 2126 nos
1771 2094 2004 2138 pronunciari
2021 2102 2157 2140 partem

283 2161 471 2196 adversam
492 2166 620 2195 contra
645 2159 775 2194 dictam
802 2159 1075 2194 ordinacionem
1102 2165 1261 2192 nostram
1287 2158 1559 2204 separacionem
1586 2158 1718 2192 secisse
1739 2165 1775 2192 et
1794 2172 1859 2205 per
1878 2159 1947 2193 hoc
1967 2160 2071 2194 latam
2094 2174 2159 2207 per

285 2239 353 2262 nos
382 2234 510 2262 contra
542 2226 636 2261 tales
664 2227 703 2261 in
731 2226 894 2274 predicta
923 2226 1159 2260 ordinacione
1193 2225 1579 2259 excommunicationis
1614 2226 1829 2259 sententiam
1865 2227 2082 2269 incurrisse;
2115 2240 2158 2262 ex

284 2294 463 2335 secundo,
495 2293 838 2341 pronunciationem
873 2293 1054 2327 dictorum
1079 2291 1245 2338 judicum
1274 2291 1422 2325 decerni
1450 2291 1647 2337 legitimam
1679 2298 1714 2325 et
1748 2304 1876 2326 omnes
1910 2300 2011 2327 actus
2044 2295 2157 2340 partis

283 2361 437 2396 adverse
475 2366 563 2407 post
591 2360 858 2406 separationem
887 2365 924 2393 et
952 2358 1292 2405 pronunciationem
1325 2357 1507 2404 predictas
1538 2358 1701 2391 revocari
1730 2358 1766 2392 in
1796 2359 1952 2402 irritum,
1982 2367 2156 2407 actusque

283 2427 454 2475 singulos
475 2438 542 2462 sue
563 2427 676 2474 partis
696 2425 926 2473 comprobari
947 2432 984 2460 et
997 2426 1060 2471 jus
1081 2425 1192 2459 totius
1212 2424 1391 2458 facultatis
1416 2430 1499 2470 post
1519 2423 1633 2458 dictas
1654 2426 1918 2471 separationem
1940 2434 1975 2461 et
1995 2440 2157 2474 pronun-

283 2495 476 2530 ciationem
497 2494 536 2528 in
551 2493 749 2540 magistros
769 2505 836 2527 sue
860 2492 974 2539 partis
994 2491 1152 2527 totaliter
1173 2490 1407 2525 remansisse.
1428 2490 1577 2524 Petebat
1596 2491 1702 2525 etiam
1725 2493 1815 2538 parti
1836 2493 1990 2528 adverse
2015 2494 2157 2530 debitas

283 2573 395 2608 penas
414 2561 547 2607 infligi.
792 2558 796 2561 Δ

372 2628 592 2662 Procurator
625 2638 713 2661 vero
747 2626 859 2673 partis
891 2625 1059 2667 adverse,
1093 2636 1164 2671 que
1199 2635 1283 2670 pars
1317 2623 1469 2670 Sigerii⁸
1501 2624 1744 2659 communiter
1778 2627 1996 2670 nominatur,
2031 2635 2156 2663 contra

283 2701 420 2741 partem
448 2694 596 2729 alteram
625 2693 818 2740 proposuit
841 2705 885 2727 ex
909 2692 1077 2727 adverso.
1099 2691 1229 2726 Primo
1253 2690 1352 2737 quod
1377 2690 1514 2724 dudum
1540 2691 1715 2737 magistro
1735 2693 1857 2739 aliquo
1877 2693 1993 2729 electo
2014 2695 2058 2729 ad
2079 2696 2156 2730 offi-

281 2762 377 2796 cium
406 2761 567 2796 rectorie
594 2767 677 2795 ante
706 2761 788 2807 ejus
811 2761 1058 2806 juramentum
1089 2764 1125 2792 et
1151 2757 1438 2799 institucionem,
1468 2757 1548 2792 sine
1584 2757 1719 2804 quibus
1748 2766 1868 2795 rector
1897 2763 2153 2796 execucionem

280 2827 392 2862 officii
411 2827 550 2862 habere
571 2839 644 2862 non
665 2826 788 2869 debet,
813 2826 971 2862 diversis
995 2825 1067 2861 sibi
1087 2824 1242 2871 objectis
1266 2823 1482 2858 criminibus
1502 2830 1539 2859 et
1558 2824 1804 2871 pendentibus
1824 2839 1864 2861 ac
1883 2829 2155 2875 opponentibus

281 2893 422 2941 objecta
443 2894 599 2941 probare
619 2894 753 2941 paratis
779 2893 905 2941 paucis
925 2892 976 2927 ibi
996 2891 1231 2940 presentibus
1252 2898 1287 2925 et
1306 2890 1491 2937 aliquibus
1515 2890 1798 2928 reclamantibus
1820 2895 1957 2940 juravit
1977 2903 2011 2929 et
2030 2903 2155 2930 contra

281 2966 412 2996 statuta
432 2967 469 2996 et
491 2961 783 2996 consuetudines
806 2960 987 2995 facultatis
1011 2958 1162 2994 absente
1188 2965 1329 2993 rectore
1357 2957 1621 3004 predecessore
1645 2971 1713 2994 suo
1734 2972 1773 2994 se
1795 2961 1912 3007 ipsum
1941 2962 2098 2997 instituit
2118 2964 2153 2997 in
