2580 3528
245 421 344 463 1271]
592 431 640 455 ΑΒ
672 431 779 454 Anno
813 431 889 455 uec
923 431 1056 461 usoun:
1089 432 1138 455 An
1173 433 1402 456 Pnimrrmi
1437 435 1478 457 iv
1512 435 1600 458 nso.
1638 437 1776 460 ΝΛΜ.
2055 429 2118 462 491

243 512 365 552 potest
392 505 592 552 adimplere
621 506 658 539 in
686 505 752 539 hac
782 512 882 552 parte
911 506 1133 540 voluntatem
1163 507 1280 552 ipsius
1310 508 1485 550 defuncti,
1520 521 1625 554 quam
1656 510 1805 543 omnino
1835 511 2011 556 perficere
2046 525 2119 546 non

244 579 377 619 potest,
412 579 452 606 ut
484 572 654 614 asseruit,
690 572 894 607 rationibus
927 573 1120 607 antedictis
1154 574 1269 608 dictas
1307 587 1482 616 cameras,
1518 583 1626 621 prout
1664 588 1704 610 se
1743 584 1983 623 comportant,
2022 579 2119 613 dicto

244 639 421 686 magistro
442 639 602 673 Roberto
623 646 658 673 et
677 651 823 673 causam
844 639 1023 674 habituris
1043 640 1088 674 ab
1113 640 1194 686 ipso
1219 647 1255 675 et
1279 642 1454 687 quicquid
1474 642 1525 675 ibi
1546 643 1643 688 juris
1663 643 1799 677 habent
1818 645 2011 678 occasione
2033 645 2119 679 dicti

243 705 405 740 defuncti
431 705 609 741 Johannis
635 706 672 740 in
699 706 979 752 aequitationem
1007 707 1094 741 dicti
1118 707 1230 754 legati
1257 709 1405 742 nomine
1433 721 1500 743 suo
1529 716 1564 743 et
1593 717 1829 744 executorum
1859 723 2009 744 suorum
2038 724 2119 757 per—

244 780 354 820 petuo
387 773 600 820 assignavit,
635 785 780 807 necnon
815 780 850 807 et
884 774 1147 820 quinquaginta
1179 774 1292 809 libras
1327 775 1417 809 duas
1450 776 1644 822 parisiens.
1678 777 1715 810 in
1750 778 1904 823 pecunia
1934 786 2120 812 numerata

244 840 362 875 eidem
384 840 559 887 magistro
585 839 744 874 Roberto
771 841 919 875 nomine
944 841 1099 875 duorum
1125 841 1305 876 dictorum
1331 843 1588 889 magistrorum
1615 844 1776 886 tradidit,
1803 844 1900 878 hone
1925 844 2010 879 fidei
2037 846 2118 891 ejus

245 914 279 942 et
300 907 372 941 sibi
392 907 673 941 succedencium
695 907 927 941 committens
948 908 1149 942 secundum
1177 909 1416 943 intentionem
1443 910 1529 944 dicti
1550 910 1711 944 defuncti
1737 918 1846 957 prout
1865 912 2010 957 poterit.
2033 914 2119 946 Pre-

243 975 338 1008 satus
356 986 444 1008 vero
465 974 640 1020 magister
666 973 848 1008 Robertus
873 974 919 1008 de
947 974 1137 1009 Sorbonna
1161 987 1281 1009 coram
1308 975 1416 1010 nobis
1442 977 1663 1011 constitutus
1688 978 1725 1011 in
1744 979 1828 1023 jure
1848 980 2042 1013 confessus
2063 986 2119 1013 est

243 1053 284 1075 se
303 1041 490 1087 recepisse
510 1047 546 1075 et
565 1040 739 1074 habuisse
763 1040 808 1075 ab
834 1041 962 1075 eodem
990 1042 1099 1075 fratre
1123 1042 1305 1088 Gregorio
1333 1054 1401 1077 suo
1427 1050 1462 1077 et
1486 1051 1767 1078 coexecutorum
1794 1057 1944 1079 suorum
1970 1046 2118 1080 nomine

243 1107 359 1142 dictas
388 1108 652 1154 quinquaginta
682 1107 773 1141 duas
803 1107 917 1142 libras
946 1109 1140 1155 parisiens.
1171 1109 1208 1142 in
1239 1110 1392 1155 pecunia
1421 1117 1607 1144 numerata
1636 1111 1716 1145 vice
1745 1118 1781 1145 et
1810 1112 1957 1145 nomine
1987 1124 2054 1146 suo
2085 1119 2122 1147 et

244 1175 424 1208 dictorum
454 1174 611 1208 duorum
642 1174 900 1221 magistrorum
932 1182 968 1208 et
995 1175 1041 1209 de
1075 1175 1167 1221 ipsis
1195 1176 1362 1218 cameris,
1390 1189 1430 1210 ac
1458 1178 1574 1211 tenuit
1601 1184 1635 1211 et
1666 1177 1791 1212 habuit
1818 1178 1913 1212 idem
1946 1180 2120 1226 magister

244 1241 426 1276 Robertus
455 1241 603 1275 nomine
635 1253 702 1275 suo
733 1248 770 1275 et
803 1241 983 1275 dictorum
1014 1242 1168 1276 duorum
1198 1243 1456 1289 magistrorum
1486 1256 1607 1278 coram
1637 1245 1746 1278 nobis
1779 1257 1844 1291 pro
1879 1253 2051 1279 contento
2085 1253 2122 1280 et

244 1314 388 1355 pagato,
423 1295 568 1354 quitatis
603 1308 750 1354 penitus
780 1315 815 1342 et
848 1307 1044 1342 absolvens
1073 1309 1175 1355 ipsos
1205 1317 1420 1343 executores
1453 1317 1643 1346 etceorum
1676 1312 1877 1357 quemlibet
1911 1320 1946 1346 et
1974 1325 2118 1347 causam

243 1373 432 1408 habituros
452 1374 497 1408 ab
516 1374 621 1420 ipsis,
645 1386 712 1408 suo
734 1380 770 1408 et
789 1374 970 1408 dictorum
997 1375 1254 1421 magistrorum
1281 1377 1442 1418 nomine,
1469 1389 1535 1423 pro
1561 1377 1668 1411 dictis
1694 1378 1957 1425 quinquaginta
1977 1379 2119 1414 duabus

242 1440 348 1475 libris
369 1447 405 1475 et
424 1441 532 1475 dictis
552 1441 708 1475 cameris
733 1441 786 1474 sic
812 1441 1010 1487 assignatis
1034 1448 1070 1475 et
1088 1442 1245 1488 receptis
1266 1442 1311 1475 de
1332 1443 1440 1476 dictis
1461 1443 1643 1477 sexdecim
1666 1444 1771 1478 libris
1793 1446 1984 1490 parisiens.
2013 1446 2120 1480 dictis

241 1508 388 1543 duobus
411 1508 610 1554 magistris,
636 1514 676 1542 ut
698 1507 833 1542 dictum
855 1515 924 1549 est,
949 1520 968 1542 a
993 1508 1090 1542 dicto
1115 1515 1288 1543 testatore
1313 1509 1457 1555 legatis,
1484 1511 1700 1556 promittens
1726 1512 1823 1557 quod
1848 1519 1973 1546 contra
1994 1512 2122 1558 hujus-

242 1575 341 1609 modi
362 1574 614 1621 quittationem
631 1575 715 1621 jure
735 1574 858 1621 aliquo
878 1587 945 1621 per
964 1587 1004 1609 se
1023 1575 1082 1610 vel
1102 1587 1168 1622 per
1187 1575 1295 1610 alium
1317 1589 1391 1610 non
1411 1577 1534 1611 veniet
1552 1578 1589 1611 in
1609 1578 1784 1620 futurum,
1806 1585 1841 1612 et
1861 1579 1959 1624 quod
1980 1579 2118 1613 eisdem

243 1641 390 1676 duobus
409 1641 595 1688 magistris
615 1640 885 1676 administrabit
907 1641 981 1676 vite
1005 1643 1213 1676 necessaria
1239 1643 1440 1676 secundum
1466 1643 1670 1678 facultatem
1697 1651 1731 1678 et
1756 1645 2022 1678 estimationem
2045 1646 2120 1679 dic-

242 1715 358 1743 tarum
380 1720 604 1742 camerarum
625 1714 662 1742 et
682 1707 858 1742 dictarum
878 1708 1141 1755 quinquaginta
1162 1709 1314 1743 duarum
1335 1709 1523 1751 librarum,
1546 1711 1762 1757 promittens
1785 1712 1969 1757 predictos
1990 1725 2120 1746 execu-

243 1781 342 1809 tores
368 1775 588 1821 indempnes
614 1774 770 1809 reddere
798 1775 876 1809 suis
904 1775 1112 1822 sumptibus
1138 1783 1310 1822 quantum
1339 1777 1383 1810 ad
1408 1789 1448 1811 ea
1474 1789 1544 1823 que
1566 1790 1631 1823 pro
1658 1778 1754 1811 dicto
1780 1778 1900 1824 legato
1926 1780 2062 1825 recepit
2089 1780 2120 1813 si

241 1842 335 1876 sorte
364 1853 428 1876 eos
457 1841 654 1888 contigerit
683 1842 876 1876 occasione
905 1842 992 1876 dicti
1026 1842 1135 1888 legati
1165 1842 1209 1876 ab
1238 1842 1360 1889 aliquo
1389 1843 1447 1877 vel
1477 1843 1521 1878 ab
1550 1843 1734 1890 aliquibus
1766 1845 1890 1890 impeti
1920 1845 1977 1879 vel
2008 1846 2119 1880 eciam

241 1907 441 1950 molestari,
472 1907 642 1954 obligans
670 1914 843 1954 quantum
872 1908 916 1942 ad
942 1908 1011 1942 hoc
1038 1908 1132 1942 bona
1160 1921 1225 1943 sua
1253 1909 1400 1943 mobilia
1427 1917 1463 1943 et
1488 1910 1688 1944 immobilia
1716 1911 1900 1957 presentia
1926 1918 1961 1945 et
1987 1913 2118 1947 sutura.

242 1975 371 2009 Datum
393 1986 489 2009 anno
511 1974 657 2008 Domini
677 1975 727 2008 M.
749 1975 1002 2025 ducentesimo
1023 1976 1295 2022 septuagesimo
1315 1977 1446 2023 primo,
1469 1989 1595 2011 mense
1615 1978 1712 2011 Maii.

337 2081 449 2107 Cartal-
468 2083 503 2107 de
520 2082 550 2107 la
569 2082 722 2114 Sorbonne,
743 2082 812 2107 Bibl.
833 2086 886 2107 nat.
907 2083 1002 2112 Parim,
1019 2091 1069 2107 ms.
1086 2083 1131 2107 lat.
1149 2083 1234 2113 16069,
1256 2084 1273 2108 f.
1295 2086 1325 2108 55
1333 2083 1355 2113 θ,
1369 2092 1429 2108 cum
1444 2084 1572 2108 rubrica:
1591 2093 1602 2108 α
1618 2085 1668 2109 Pro
1687 2085 1800 2109 cumeris
1820 2089 1846 2110 et
1864 2094 1944 2110 censu
1964 2086 1990 2110 in
2010 2086 2068 2110 vico
2087 2087 2119 2110 dc

242 2125 411 2158 Morchepalu
424 2134 448 2150 ι.
465 2140 492 2145 -
504 2126 656 2151 Communis
673 2128 754 2152 refert.
768 2127 858 2159 opinio
873 2127 922 2151 hoc
937 2127 996 2160 ipso
1011 2136 1079 2152 anno
1091 2136 1106 2151 n
1122 2127 1236 2152 Roberto
1251 2129 1283 2152 de
1298 2128 1418 2152 Sorbona
1430 2137 1442 2152 α
1458 2137 1568 2161 parvam
1585 2129 1731 2153 Sorbonum
1748 2138 1760 2153 ι)
1772 2139 1830 2154 esse
1846 2131 1982 2155 fundatam
2001 2131 2033 2154 nd
2049 2131 2119 2154 hunc

242 2170 329 2199 finem,
344 2172 374 2194 nt
387 2170 426 2195 ibi
439 2178 504 2203 pern
518 2171 671 2196 scholarum
685 2171 885 2197 elementarium
899 2173 1009 2197 claustri
1025 2173 1120 2197 Bautae
1135 2173 1232 2197 uariae
1246 2174 1444 2198 transferretur.
1459 2173 1498 2198 Cf.
1511 2174 1679 2203 nemeaeus.
1695 2175 1839 2200 Serbonae
1849 2175 1984 2207 origines,
1998 2176 2042 2199 sot.
2054 2175 2119 2199 121⁶

241 2223 299 2247 sqq.
314 2214 414 2244 sainct,
426 2214 596 2241 Recherches
609 2216 737 2248 eritiqua
749 2223 803 2242 sur
817 2217 847 2242 la
859 2217 926 2242 ville
939 2219 974 2242 de
986 2217 1081 2246 Paris,
1095 2218 1116 2241 V
1128 2226 1133 2241 ι
1150 2217 1284 2245 Quot-tier
1292 2218 1638 2249 saint-Andre-des-Arcs,
1651 2227 1677 2251 p.
1692 2220 1743 2243 141.
1762 2220 1895 2248 Franklin,
1906 2220 1948 2244 La
1961 2220 2117 2251 Sor-bonne,

242 2267 267 2291 p.
285 2259 328 2287 1⁵:
344 2260 504 2284 Ana-tennes
526 2259 728 2293 ΒῶΙίοῑλὲςικε
746 2262 780 2286 de
797 2261 893 2294 Paris,
908 2262 930 2290 ¹,
945 2262 999 2286 225.
1020 2262 1116 2286 Verum
1140 2265 1181 2286 ent
1199 2262 1342 2286 Robertum
1366 2262 1416 2286 hoc
1435 2271 1513 2292 anno,
1530 2263 1612 2295 April.
1634 2264 1672 2292 16,
1693 2272 1707 2287 n
1727 2264 1868 2288 Guillelmo
1887 2264 1919 2288 de
1938 2264 2118 2292 Cnmberiaco,

241 2303 367 2328 canonico
387 2304 414 2328 S.
429 2303 559 2328 :ohanni-
578 2305 730 2334 nminem..
751 2305 909 2330 Viennensi·
923 2305 1061 2335 dioecesis,
1076 2306 1208 2338 recepisse
1228 2307 1371 2339 quamdam
1385 2307 1493 2331 domum
1512 2307 1624 2331 vicinum
1645 2307 1790 2339 (Originnle
1806 2308 1831 2332 in
1849 2309 1925 2332 Arch.
1947 2312 2000 2332 nat.
2021 2302 2116 2338 Parim,

242 2348 269 2372 S.
285 2348 356 2376 6213,
377 2352 406 2371 n⁰
421 2349 460 2372 28.
477 2349 584 2374 cartul.
604 2350 638 2374 de
657 2349 686 2374 la
706 2350 861 2382 sorbonne,
879 2350 924 2374 rot.
942 2350 1004 2378 22⁵5
1025 2350 1081 2375 51⁸.
1101 2350 1140 2375 Cf.
1163 2351 1207 2374 tol.
1229 2351 1312 2382 116⁵),
1334 2351 1379 2374 ubi
1397 2354 1491 2383 postea
1506 2351 1556 2375 suit
1573 2352 1716 2384 collegium
1733 2352 1818 2377 Calvi.
1835 2353 1886 2376 Sed
1906 2353 1932 2376 in
1952 2353 2116 2377 documenti·

242 2391 319 2417 inin·
340 2393 468 2425 tempori·
487 2396 513 2417 et
534 2392 606 2425 apud
628 2397 748 2418 anctore·
770 2394 893 2426 aequale·
913 2395 1012 2419 frustra
1032 2403 1144 2427 quaeras
1163 2395 1284 2419 notitiam
1303 2403 1350 2419 seu
1370 2395 1527 2419 mentionem
1549 2405 1561 2419 ει
1583 2404 1682 2428 parvae
1704 2396 1838 2420 sorbonae
1860 2406 1872 2420 υ
1889 2398 1929 2421 vel
1952 2397 2012 2421 finis
2034 2406 2117 2430 supra

243 2437 389 2462 memorati.
406 2437 502 2470 Utique
515 2441 606 2462 tomen
620 2438 647 2462 in
662 2438 840 2463 taxationibus
855 2439 994 2463 domorum
1008 2447 1070 2464 ann.
1086 2439 1156 2469 ¹2⁸1,
1171 2439 1233 2463 1282
1253 2439 1321 2470 (vide
1336 2439 1549 2472 infru)'divernae
1563 2440 1657 2464 domus
1673 2441 1890 2465 Sorbonimrum
1905 2442 2115 2474 distinguuntur.

241 2643 355 2682 436.
383 2654 593 2681 Testamentum
610 2655 743 2690 magistri
759 2654 882 2682 Gerar-di
895 2655 931 2683 de
945 2654 1140 2683 Abbaciwma
1156 2657 1183 2683 ιή
1199 2658 1324 2692 favorem
1340 2656 1515 2684 scholarium
1529 2657 1691 2694 theologiae
1705 2657 1806 2685 domus
1822 2658 1976 2686 Sorbonae.

1500 2761 1570 2792 1271.
1587 2761 1704 2788 octobri·
1719 2762 1758 2789 19.

334 2840 413 2886 Ego
448 2840 638 2875 Ger-ardus
671 2841 717 2875 de
750 2841 989 2877 Abbatisvilla
1023 2842 1300 2878 archidiaconus
1333 2842 1489 2878 ecclesie
1518 2843 1775 2879 Ambianensis
1804 2845 1841 2878 in
1871 2845 2037 2885 Pontivo,
2072 2844 2116 2878 ad

244 2904 420 2940 honorem
457 2906 523 2941 Dei
558 2913 594 2942 et
626 2907 895 2954 gloriosissime
927 2909 1052 2943 matris
1085 2921 1151 2944 sue
1184 2916 1219 2944 et
1253 2910 1413 2944 omnium
1446 2917 1653 2946 sanctorum
1689 2912 1769 2958 ejus
1802 2918 1837 2945 et
1866 2911 2021 2945 ecclesie
2051 2922 2117 2944 sue

244 2977 380 3006 sancte.
403 2972 520 3007 Sanus
539 2979 577 3008 et
601 2973 797 3009 incolumis
823 2982 944 3010 mente
971 2982 1007 3010 et
1031 2988 1199 3023 corpore,
1225 2988 1320 3011 anno
1345 2977 1489 3011 Domini
1517 2978 1760 3013 M⁰CC⁰LXX⁰
1787 2978 1916 3024 primo,
1947 2977 2005 3010 dic
2033 2976 2117 3009 lune
