2580 3528
256 439 353 479 1255]
598 448 645 470 Aa
679 448 785 470 anno
819 448 896 470 mcc
931 447 1063 476 usqua
1097 448 1146 470 An
1180 448 1410 470 PHILIPPUM
1444 448 1485 470 ιν
1519 449 1607 470 asc.
1645 449 1780 471 rame.
2060 441 2124 474 277

254 523 328 564 siti,
349 522 440 556 infra
468 529 549 556 octo
574 522 654 556 dies
674 534 693 555 a
714 528 877 567 tempore
904 521 1126 568 receptionis
1153 533 1292 563 eorum,
1315 522 1490 567 episcopo
1515 522 1572 555 vel
1596 522 1775 555 sacerdoti
1804 523 1849 556 de
1876 524 1981 568 cujus
2002 535 2126 568 parro-

253 589 332 623 chia
355 595 522 623 mortuus
548 595 648 623 esset
670 595 881 634 assumptus
908 588 1083 622 exhibere
1108 595 1289 622 curarent.
1313 588 1350 622 Si
1374 595 1493 622 autem
1519 588 1652 634 aliquis
1678 589 1936 634 religiosorum
1962 590 2124 634 ipsorum

252 655 463 702 hujusmodi
484 662 736 702 transgressor
755 662 880 689 contra
901 655 1062 702 predicta
1083 655 1141 689 vel
1165 655 1303 701 aliquid
1325 655 1570 701 predictorum
1591 655 1717 689 venire
1738 662 1979 700 presumeret,
2007 663 2127 701 preter

252 722 501 757 inobedientie
530 722 656 757 vitium
687 729 722 756 et
750 722 1136 756 excommunicationis
1165 722 1394 764 sententiam,
1426 734 1531 767 quam
1567 734 1648 755 eum
1681 723 1868 755 incurrere
1899 722 2014 755 voluit
2046 723 2126 767 ipso

251 789 358 832 facto,
383 789 520 836 gradus
549 789 607 823 sui
633 789 797 835 periculo
824 789 1044 835 subjaceret,
1072 796 1108 823 et
1134 788 1394 822 nichilominus
1418 801 1437 822 a
1459 789 1655 822 diocesano
1682 789 1727 822 ad
1755 789 1931 834 premissa
1957 789 2127 823 universa

252 863 288 890 et
313 856 457 903 singula
485 855 712 891 observanda
738 868 803 902 per
831 868 1021 890 censuram
1048 856 1330 890 ecclesiasticam
1356 855 1599 901 appellatione
1626 863 1761 889 remota
1790 856 1992 889 districtius
2017 868 2127 902 coge-

251 929 364 965 retur,
390 923 503 957 nullis
528 923 561 957 ei
586 929 711 957 contra
738 922 805 956 hec
830 923 1072 969 indulgentiis
1096 922 1154 961 vel
1184 922 1394 968 privilegiis*
1418 922 1630 968 apostolicis
1650 923 1844 956 valituris¹.
1871 924 2021 965 Verum,
2044 923 2127 968 quia

251 1001 364 1036 super
382 990 573 1036 premissis
598 989 730 1024 litteris
755 990 916 1035 cogitare
936 990 1108 1024 attentius
1128 997 1164 1023 et
1182 989 1386 1024 studiosius
1407 989 1611 1023 deliberare
1637 990 1890 1035 proponimus,
1909 990 2008 1035 pacis
2029 1001 2127 1023 com-

253 1056 398 1091 modum
420 1063 456 1091 et
475 1057 609 1103 quietis
629 1056 796 1090 solatium
819 1056 987 1090 ecclesiis
1008 1063 1044 1090 et
1063 1057 1233 1102 personis
1249 1056 1508 1090 ecclesiasticis
1529 1056 1719 1102 potissime
1744 1057 1948 1102 cupientes,
1970 1057 2127 1102 prefatas

251 1123 403 1166 litteras,
433 1130 469 1158 et
497 1123 528 1158 si
558 1135 628 1169 que
656 1123 725 1157 alie
755 1133 866 1169 super
895 1123 1069 1169 predictis
1099 1123 1156 1157 vel
1186 1135 1311 1157 eorum
1345 1123 1467 1168 aliquo
1496 1130 1620 1156 contra
1651 1123 1810 1168 prefatos
1841 1123 2038 1169 religiosos
2068 1123 2126 1157 vel

251 1189 394 1236 aliquos
419 1202 463 1224 ex
489 1190 581 1236 ipsis
605 1190 826 1237 generaliter
854 1190 912 1223 vel
942 1189 1150 1236 specialiter
1174 1197 1296 1236 preter
1321 1191 1470 1223 sormam
1496 1202 1724 1223 communem
1751 1197 1788 1223 et
1806 1190 1950 1223 solitam
1976 1201 2125 1235 proces-

251 1259 361 1298 sere',
383 1269 423 1291 ac
447 1257 612 1291 mandata
638 1269 703 1290 seu
730 1263 898 1302 precepta
923 1257 1012 1290 sacta
1038 1257 1074 1290 in
1101 1257 1168 1298 eis,
1193 1257 1251 1290 vel
1279 1269 1400 1290 earum
1427 1257 1638 1290 auctoritate
1659 1257 1828 1290 duximus
1852 1257 1998 1302 penitus
2019 1268 2124 1291 revo-

250 1323 375 1357 canda.
403 1323 564 1369 Ideoque
589 1323 815 1357 universitati
835 1329 957 1357 vestre
986 1335 1052 1369 per
1077 1323 1275 1369 apostolica
1303 1323 1436 1368 scripta
1461 1323 1686 1364 mandamus,
1716 1324 1886 1369 quatinus
1911 1335 1976 1369 per
1995 1323 2123 1369 hujus-

250 1390 348 1424 modi
377 1390 516 1424 litteras
545 1390 603 1424 vel
632 1390 824 1423 occasione
853 1390 1103 1423 mandatorum
1134 1401 1200 1423 seu
1230 1396 1484 1435 preceptorum
1510 1396 1570 1423 aut
1600 1390 1794 1431 sententie,
1821 1402 1891 1436 que
1921 1391 2122 1432 continent,

250 1455 362 1490 nichil
388 1468 542 1502 prorsus
566 1457 696 1502 agatis,
721 1468 802 1490 cum
830 1456 965 1490 nullam
991 1456 1167 1502 deinceps
1192 1455 1384 1489 efficaciam
1412 1455 1568 1489 habeant
1587 1456 1644 1489 vel
1666 1457 1842 1502 vigorem.
1872 1457 1949 1490 Dat.
1971 1457 2123 1502 Neapoli

246 1524 280 1569 xj
302 1523 372 1557 kal.
393 1523 566 1565 Januarii,
589 1522 821 1569 pontificatus
847 1523 963 1556 nostri
984 1535 1080 1556 anno
1101 1523 1232 1568 primo.

341 1620 478 1653 originale
492 1621 519 1645 in
533 1621 611 1646 Arch.
625 1621 728 1653 depart.
744 1621 791 1645 des
810 1620 1084 1645 Bouches-du-Rbone
1100 1620 1260 1653 (Mai-seille),
1281 1621 1357 1645 fonds
1377 1620 1555 1644 Dominicains
1575 1621 1686 1645 d'Arles.
1707 1620 1783 1644 Bulla
1799 1621 1924 1653 plumbea
1945 1621 1998 1644 filis
2013 1621 2125 1645 cannah.

247 1665 417 1698 appenditur.
430 1666 460 1690 In
470 1673 565 1690 aversa
574 1665 744 1690 membrana:
756 1673 769 1688 s
780 1665 978 1689 Prodicum-um
994 1673 1016 1690 n.
1035 1665 1155 1697 Epistola
1169 1665 1303 1689 invenitur
1317 1665 1427 1697 insuper
1436 1665 1535 1689 ibidem
1549 1665 1645 1689 litteris
1661 1665 1779 1697 episcopi
1795 1665 1934 1690 Caturcen.
1951 1665 2051 1689 mensis
2062 1665 2127 1689 sulii

247 1719 290 1736 sn.
309 1711 371 1735 1255
389 1710 498 1735 inserta.
518 1710 635 1734 Alterum
649 1709 779 1742 originale
794 1709 821 1734 in
833 1709 911 1735 Arch.
927 1710 1032 1742 depart.
1047 1710 1079 1734 de
1094 1710 1120 1734 la
1135 1709 1273 1734 coto-‹1⁷0r
1288 1710 1391 1742 (Dijon),
1409 1710 1485 1734 fonds
1501 1710 1659 1738 Cordcliers.
1675 1710 1757 1734 liasse
1771 1711 1817 1734 907
1830 1710 1872 1742 (11.
1883 1714 1912 1734 ¹1⁰
1925 1710 1975 1742 49).
1991 1710 2021 1734 In
2031 1718 2126 1734 aversa

247 1755 415 1780 membrana:
433 1763 445 1779 s
455 1754 587 1779 Minoi-um
601 1763 624 1779 ιο.
639 1754 741 1778 Ibidem
754 1757 892 1787 praeterea
902 1757 1016 1787 quatuor
1029 1754 1157 1780 vidimus
1169 1754 1259 1779 fratris
1269 1754 1398 1779 Guidonis
1410 1755 1571 1779 Claromont.
1589 1754 1628 1784 (Ο.
1640 1755 1679 1785 Ρ.)
1695 1754 1814 1787 episcopi
1825 1763 1867 1778 an.
1885 1755 1946 1779 1255
1964 1764 1975 1778 (ι
1992 1755 2019 1778 in
2033 1758 2127 1779 octava

246 1803 334 1832 apost.
348 1799 420 1825 Petri
431 1802 458 1824 et
470 1799 547 1824 Pauli
564 1807 587 1823 s.
603 1799 633 1824 ln
647 1799 739 1823 eodem
754 1799 841 1828 Areh„
858 1799 935 1823 fonds
948 1799 1137 1825 Dominicains.
1152 1799 1234 1823 liasse
1247 1800 1294 1823 030
1309 1800 1349 1830 (Η.
1367 1804 1396 1823 n⁰
1411 1800 1450 1831 5³)
1465 1800 1591 1825 oid-'mus
1605 1808 1648 1824 an.
1666 1800 1735 1829 1255,
1752 1800 1782 1823 10
1796 1799 1878 1824 Junii.
1895 1813 1926 1817 —
1941 1799 2010 1824 lbid.
2025 1801 2129 1825 Cortu-

246 1844 320 1870 laire
332 1844 379 1869 des
393 1844 581 1873 Dominicsins,
597 1844 630 1869 Η.
644 1844 699 1873 221,
716 1844 762 1873 fol,
778 1844 801 1868 1.
818 1844 894 1868 Arch.
911 1844 1015 1876 depart.
1033 1845 1065 1868 de
1079 1844 1105 1868 la
1120 1844 1236 1869 Gironde
1251 1844 1418 1875 (Bordeaux),
1435 1845 1512 1868 fonds
1527 1844 1715 1873 Dominicains,
1731 1844 1813 1868 651⁸·
1828 1846 1861 1875 (s.
1871 1845 1950 1875 xm),
1966 1853 1993 1876 p.
2007 1845 2047 1868 74.
2060 1845 2125 1868 Cod.

244 1889 304 1914 v-t.
318 1890 390 1919 mos,
405 1889 451 1913 fol.
464 1890 509 1918 flu
524 1889 583 1913 vat.
598 1888 687 1914 ottob.
703 1889 741 1918 56,
759 1889 806 1913 fol.
820 1888 877 1913 120.
891 1889 956 1913 Cod.
972 1889 1098 1913 Rutenen.
1115 1888 1257 1913 Constitut.
1271 1889 1329 1913 ord.
1344 1889 1438 1914 Praed.
1458 1889 1492 1913 ad
1506 1889 1564 1913 ord.
1582 1889 1728 1921 pertinens,
1744 1898 1770 1921 p.
1788 1890 1842 1913 230.
1858 1889 1982 1918 Bulaeus,
2000 1889 2046 1918 111,
2069 1890 2127 1913 273.

246 1934 277 1958 In
294 1933 374 1959 Bull.
396 1933 487 1963 Rom..
509 1933 581 1966 apud
602 1933 699 1966 mpon,
718 1933 796 1959 Buu.
816 1933 931 1962 Praed..
951 1934 972 1963 1,
993 1934 1047 1962 267,
1067 1933 1206 1963 Jourdain,
1227 1938 1256 1957 n⁶
1276 1934 1332 1964 114,
1352 1933 1402 1958 hae
1421 1933 1524 1958 litterae
1542 1942 1683 1966 perperam
1699 1934 1732 1957 ad
1748 1935 1762 1958 2
1777 1934 1830 1958 kal.
1845 1934 1905 1958 Jan.
1921 1935 2079 1958 referuntur.
2093 1947 2124 1952 —

246 1978 392 2003 Alexander
405 1978 440 2002 IV
453 1978 581 2010 epistolas
595 1978 691 2002 similis
702 1978 802 2002 tenoris
817 1986 877 2002 cum
892 1978 967 2002 initio
983 1986 988 2001 :
1007 1978 1132 2005 Quodam
1146 1979 1181 2003 ab
1195 1978 1346 2009 apostolica
1358 1979 1430 2007 sede,
1445 1978 1586 2010 posteriori
1602 1978 1682 2002 etiam
1696 1982 1814 2011 tempore
1828 1978 1924 2007 emisit,
1944 1986 2037 2010 nempe
2054 1978 2071 2010 ij
2086 1978 2123 2002 id.

245 2022 306 2047 Dec.
320 2030 364 2047 an.
379 2023 392 2046 1
409 2023 449 2053 (12
463 2023 523 2047 Dec.
539 2023 610 2053 1255)
625 2022 658 2046 ad
673 2021 790 2054 archiep.
807 2022 925 2054 Strigon.
944 2025 970 2046 et
983 2022 1138 2054 episcopum
1158 2022 1307 2046 Secoviens.
1330 2022 1396 2052 (cod.
1418 2022 1507 2047 ottob.
1524 2023 1562 2051 15,
1585 2023 1631 2047 fol.
1654 2022 1724 2053 211b)
1738 2031 1743 2052 ;
1765 2023 1798 2046 ad
1813 2022 1970 2055 archiepisc.
1992 2023 2083 2047 Colon.
2100 2026 2126 2046 et

246 2066 364 2100 episeop-
378 2067 515 2099 Argentin.
530 2066 629 2098 (ottob.
645 2067 684 2095 56,
700 2067 746 2092 fol.
762 2067 816 2097 120)
830 2075 835 2095 ;
851 2067 885 2090 ad
900 2066 1018 2099 episcop.
1038 2066 1157 2091 Perusia.
1179 2070 1205 2091 ot
1224 2067 1318 2091 Senen.
1338 2066 1406 2098 (Vat.
1427 2067 1473 2092 lat.
1489 2068 1560 2096 9403,
1578 2067 1623 2091 fol.
1638 2068 1678 2096 116,
1694 2068 1765 2099 apud
1780 2067 1910 2098 Potthast,
1926 2071 1956 2090 n⁰
1971 2067 2073 2098 16129);
2090 2067 2123 2091 ad

247 2111 475 2144 mhiaepincopum
494 2111 634 2149 Viennens.
653 2114 679 2135 et
695 2111 812 2143 episcop.
825 2111 968 2143 :senatuum
989 2111 1049 2141 (duo
1069 2111 1191 2136 vidimus
1210 2119 1253 2136 an.
1274 2112 1335 2135 1260
1354 2111 1380 2135 in
1401 2111 1477 2135 Arcb.
1494 2112 1596 2143 depart.
1613 2112 1644 2135 de
1665 2112 1689 2135 ln
1710 2111 1855 2141 Cote-d’Or,
1873 2112 1949 2135 fonds
1965 2111 2124 2140 Cordeliers,

246 2155 327 2180 lissse
338 2156 404 2186 ⁹07),
420 2158 446 2180 et
459 2155 493 2180 sd
508 2155 585 2182 alios.

341 2239 365 2264 1.
382 2239 446 2264 Vide
461 2238 605 2264 lnoocentii
617 2239 719 2264 litteras
734 2247 815 2271 supra
832 2244 860 2263 πο
875 2241 930 2263 240.
946 2253 977 2257 -
991 2241 1014 2264 2.
1033 2239 1120 2271 Supra
1134 2243 1164 2263 n‘·
1180 2240 1236 2264 236.

247 2390 359 2429 245.
385 2410 398 2427 s
417 2401 569 2434 Quietance
583 2399 650 2426 d'un
669 2399 830 2426 marchand
847 2399 884 2427 de
904 2402 974 2427 Sem
994 2400 1030 2427 de
1049 2400 1079 2427 la
1099 2409 1204 2427 somme
1218 2400 1255 2427 de
1270 2400 1348 2427 deu-t
1362 2409 1428 2427 cens
1443 2400 1526 2427 livres
1538 2409 1597 2437 par
1615 2400 1663 2436 luy
1676 2404 1791 2427 roccae-r
1809 2400 1845 2427 de
1860 2400 2050 2436 l'llniveraitd,
2067 2410 2119 2427 sur

336 2453 364 2476 ee
379 2453 442 2475 tane
457 2449 547 2476 moins
561 2448 598 2476 de
613 2449 683 2475 trois
697 2457 763 2475 cens
779 2448 862 2476 livrea
877 2449 896 2475 ἀ
911 2448 959 2485 luy
972 2448 1069 2485 denes,
1087 2448 1126 2476 du
1141 2448 1229 2485 lundy
1243 2450 1329 2485 apres
1344 2448 1374 2475 la
1389 2449 1589 2484 Puristcation,
1606 2457 1645 2475 an
1661 2450 1729 2477 1254
1747 2459 1771 2476 ».

1515 2529 1595 2559 1266,
1609 2529 1742 2556 romam·
1752 2529 1779 2556 8.

339 2599 416 2624 Arch.
432 2599 554 2624 Univen.
570 2599 666 2630 Parin„
682 2607 730 2624 nn.
746 2600 776 2623 97
791 2603 817 2623 et
829 2601 869 2628 98,
886 2599 1049 2625 Inventam
1062 2600 1109 2624 da
1123 2599 1238 2625 ariciens
1251 2599 1331 2624 ciera
1345 2599 1397 2631 qut
1409 2603 1474 2625 som
1487 2600 1561 2625 dam
1575 2600 1613 2625 tes
1626 2601 1712 2624 Arch.
1726 2601 1759 2624 de
1775 2599 1965 2629 I'Um'vern'td,
1984 2600 2013 2625 C.
2035 2601 2073 2624 10.
2090 2609 2115 2624 a.

245 2657 275 2662 —
289 2644 427 2673 Jourdain,
443 2648 472 2668 n⁰
486 2644 540 2669 115.
553 2657 584 2663 —-
599 2644 639 2669 Cf.
655 2652 736 2676 supra
751 2648 780 2667 ,ν’
793 2644 847 2668 238.

245 2756 357 2795 246.
381 2768 525 2794 Statutum
538 2765 693 2801 facultatis
708 2766 813 2792 artium
830 2765 866 2792 de
881 2766 963 2793 modo
978 2765 1100 2793 docendi
1115 2769 1142 2792 et
1157 2765 1275 2802 regendi
1289 2766 1318 2792 in
1334 2765 1455 2801 artibus,
1473 2765 1565 2802 deque
1580 2765 1662 2792 libris
1678 2767 1728 2803 qui
1741 2766 1856 2802 legendi
1870 2771 1974 2794 essent.

1433 2851 1507 2882 1266,
1523 2851 1611 2878 Hae-‘ie‘
1623 2852 1662 2882 19,
1678 2851 1698 2887 [
1698 2852 1805 2879 Ρω-ῐοὶἡ
1805 2851 1831 2887 J

324 2921 440 2955 -Αιιιιο
471 2921 616 2955 Domini
643 2922 776 2956 MCCL
803 2928 942 2967 quarto.
965 2922 1137 2956 Noverint
1166 2921 1340 2963 universi,
1363 2921 1460 2967 quod
1488 2933 1556 2955 nos
1577 2933 1704 2955 omnes
1729 2928 1764 2955 et
1789 2922 1925 2967 singuli
1951 2922 2114 2968 magistri

244 2987 374 3021 artium
403 2987 449 3021 de
477 2988 660 3022 communi
688 2999 842 3022 assensu
874 2995 999 3022 nostro
1031 2987 1131 3022 nullo
1163 2988 1434 3022 contradicente
1465 2994 1613 3033 propter
1647 3000 1777 3022 novum
1809 2995 1845 3021 et
1874 2987 2115 3021 inestimabile
