2580 3528
498 407 562 440 462
1078 414 1396 438 CHARTULARIUM
1431 411 1621 435 nmans.
1658 410 1787 432 mnis.
2271 399 2371 442 [1266

499 490 663 524 sabbathi
694 490 876 530 instanti7,
906 490 994 522 hora
1023 489 1150 534 prima,
1183 489 1316 521 dictum
1346 486 1509 519 libellum
1539 484 1739 518 exhiberet.
1769 484 1859 518 Cum
1887 484 1967 530 ipse
1994 484 2155 518 monitus
2182 484 2220 517 in
2245 490 2369 518 nostra

499 557 681 603 presentia
703 556 796 590 dicta
822 556 880 589 die
901 556 1053 597 venerit,
1076 555 1193 588 noluit
1213 553 1397 594 exhihere,
1420 559 1455 585 ct
1476 552 1571 585 diem
1596 551 1700 592 hane,
1718 550 1806 584 hora
1826 563 2075 596 vesperarum,
2101 551 2370 597 assignavimus

498 623 604 657 dictis
626 623 788 669 partibus
809 623 851 655 ad
873 621 1157 668 procedendum,
1180 627 1219 653 ut
1234 621 1296 665 jus
1318 626 1428 652 esset.
1450 620 1578 651 Datum
1599 630 1693 650 anno
1715 624 1751 651 et
1771 617 1829 650 die
1850 617 2037 663 predictis.

588 691 676 722 Item
706 689 793 722 alias
822 689 859 721 in
889 688 954 721 hec
983 687 1092 721 verba
1120 699 1127 719 τ
1157 687 1245 719 Acta
1273 697 1391 718 coram
1423 684 1543 726 nobis,
1575 696 1669 717 anno
1700 684 1846 717 Domini
1882 684 2077 718 millesimo
2117 684 2369 718 ducentesimo

498 756 725 801 sexagesimo
751 762 866 797 sexto,
889 755 947 787 die
975 753 1151 794 sabbathi,
1179 759 1261 798 post
1286 751 1522 797 Epiphaniam
1549 751 1695 784 Domini
1707 752 1732 792 ⁷,
1761 750 1850 784 hora
1876 751 2003 796 prima,
2032 751 2218 797 assignato
2247 763 2366 785 coram

497 822 603 856 nobis
628 822 800 867 magistro
823 821 941 854 Odoni
968 821 1012 853 de
1034 820 1133 852 Bella
1153 819 1268 859 Valle,
1292 818 1439 860 clerico,
1462 818 1506 851 ad
1527 817 1773 851 exhibendum
1800 818 1992 863 quemdam
2017 818 2182 852 libellum
2208 818 2370 852 diffama-

496 889 641 929 torium,
671 895 709 921 ut
738 888 881 928 dicitur,
912 899 1018 932 quem
1040 886 1120 919 Odo
1141 886 1231 931 legit
1255 886 1292 918 in
1318 885 1466 930 publico
1488 897 1658 918 sermone
1684 884 1781 930 apud
1807 885 1938 918 fratres
1965 885 2217 918 Predicatores
2243 891 2369 919 contra

497 955 706 999 magistrum
739 954 979 988 Guillermum
1004 952 1158 998 Rigaudi
1188 952 1375 993 clericum,
1415 964 1522 997 quem
1559 951 1725 985 libellum
1756 951 1902 997 petebat
1930 952 2050 985 dictus
2079 951 2305 986 Guillermus
2335 958 2371 986 et

494 1020 609 1053 adhuc
635 1020 724 1065 petit
748 1020 817 1053 sibi
843 1020 879 1052 in
899 1019 1039 1064 judicio
1062 1018 1238 1059 exhiberi,
1261 1018 1368 1051 dictis
1391 1018 1449 1052 die
1471 1025 1507 1051 et
1526 1018 1626 1060 hora,
1650 1018 1748 1052 dicto
1769 1018 1944 1064 magistro
1970 1017 2174 1052 Guillermo
2195 1030 2370 1064 persona·

494 1087 574 1119 liter
608 1098 672 1131 per
701 1098 752 1127 se,
788 1092 822 1118 et
851 1091 1085 1130 procuratore
1115 1085 1202 1118 dicti
1232 1085 1397 1130 magistri
1430 1085 1572 1118 Odonis
1599 1085 1636 1118 in
1661 1086 1745 1130 jure
1775 1097 1895 1118 coram
1924 1084 2032 1118 nobis
2057 1085 2368 1130 comparentibus,

495 1153 698 1185 monuimus
734 1152 867 1184 dictum
896 1151 1109 1197 magistrum
1144 1151 1310 1184 Odonem
1346 1163 1411 1196 per
1444 1158 1731 1197 procuratorem,
1764 1158 1803 1185 ut
1834 1151 1941 1185 nobis
1972 1158 2008 1185 et
2037 1151 2133 1185 dicto
2164 1151 2368 1186 Guillermo

492 1219 625 1252 dictum
647 1218 810 1251 libellum
833 1217 1039 1259 exhiheret3
1062 1224 1276 1263 procurator
1301 1218 1388 1251 dicti
1410 1219 1575 1264 magistri
1596 1219 1751 1259 Odonis,
1777 1218 1877 1252 litem
1902 1219 2155 1260 contestando,
2178 1218 2370 1265 respondit

492 1286 588 1330 quod
615 1285 747 1318 dictum
774 1285 937 1318 libellum
964 1284 1136 1318 exhibere
1162 1297 1234 1318 non
1259 1291 1401 1330 poterat
1425 1270 1521 1318 idem
1547 1286 1721 1331 magister
1746 1286 1840 1326 Odo,
1862 1292 1902 1319 ut
1926 1293 2009 1331 pote
2037 1286 2120 1331 quia
2145 1298 2219 1319 non
2243 1285 2370 1320 habuit

492 1352 676 1397 predictus
701 1351 875 1397 magister
899 1351 979 1385 Odo
1006 1351 1209 1396 predictum
1233 1351 1414 1394 libellum,
1433 1364 1503 1385 -nec
1524 1351 1691 1386 habebat.
1713 1352 1856 1395 Quibus
1877 1353 1980 1394 actis,
2007 1364 2075 1386 nos
2099 1352 2368 1399 assignavimus

492 1419 598 1451 dictis
624 1418 786 1463 partibus
820 1419 914 1451 diem
947 1417 1111 1451 sabbathi
1142 1425 1225 1463 post
1257 1418 1392 1451 dictum
1423 1419 1568 1461 festum,
1604 1419 1693 1453 hora
1727 1431 1976 1465 vesperarum,
2017 1420 2061 1452 ad
2089 1419 2287 1464 jurandum
2322 1419 2368 1453 de

490 1485 693 1530 calumpnia
720 1497 830 1530 super
857 1485 998 1530 negatis
1026 1485 1120 1517 inter
1147 1491 1281 1530 partes,
1312 1492 1347 1518 et
1373 1485 1417 1518 ad
1445 1485 1717 1531 procedendum
1746 1486 1913 1527 ulterius,
1943 1492 2052 1531 prout
2078 1486 2123 1519 de
2145 1487 2229 1531 jure
2258 1486 2368 1520 fuerit

492 1552 774 1596 procedendum.
796 1552 924 1584 Actum
946 1563 1053 1592 anno,
1077 1551 1135 1584 die
1157 1558 1192 1584 et
1211 1551 1299 1585 hora
1320 1552 1508 1597 predictis.

584 1619 671 1651 Item
699 1618 786 1651 alias
814 1618 850 1650 iu
878 1617 944 1650 hec
969 1617 1079 1651 verba
1111 1630 1117 1650 :
1153 1618 1327 1651 Ossicialis
1352 1619 1453 1652 curie
1481 1619 1701 1653 Parisiensis
1727 1619 1933 1665 presbitero
1960 1620 2089 1653 Sancte
2115 1620 2303 1654 Genovefe
2327 1619 2365 1653 in

494 1691 614 1717 monte
646 1685 806 1718 Parisius
837 1684 988 1717 salutem
1015 1685 1052 1717 in
1077 1685 1246 1718 Domino.
1273 1686 1364 1729 Quia
1385 1686 1561 1732 magister
1582 1686 1662 1720 Odo
1684 1686 1728 1719 de
1750 1686 1850 1719 Bella
1870 1686 1988 1728 Valle,
2009 1686 2178 1728 clericus,
2201 1686 2245 1720 ad
2270 1686 2365 1720 diem

491 1751 653 1784 sabbathi
675 1758 755 1784 ante
777 1752 862 1793 (sic)
886 1751 1120 1796 Epiphaniam
1143 1752 1302 1795 Domini,
1325 1752 1396 1786 sibi
1416 1754 1634 1799 assignatam
1656 1766 1777 1787 coram
1802 1752 1910 1787 nohis
1931 1753 1968 1786 in
1989 1765 2097 1786 causa
2122 1766 2192 1799 que
2212 1753 2366 1787 vertitur

490 1830 608 1851 coram
631 1818 737 1851 nobis
765 1819 859 1851 inter
889 1819 1007 1863 ipsum
1035 1831 1079 1851 ex
1103 1831 1174 1852 una
1198 1826 1312 1864 parte,
1340 1826 1376 1853 et
1399 1821 1613 1866 magistrum
1641 1820 1884 1854 Guillermum
1912 1820 2080 1866 Rigaudi,
2106 1820 2293 1863 clericum,
2321 1832 2366 1854 ex

489 1885 610 1926 altera,
647 1898 719 1918 non
753 1885 966 1930 comparuit,
997 1885 1093 1918 dicto
1124 1886 1299 1932 magistro
1330 1887 1534 1921 Guillermo
1561 1894 1686 1921 contra
1717 1900 1812 1930 eum,
1835 1894 1944 1933 prout
1973 1887 2111 1930 debuit,
2139 1893 2363 1933 expectante,

489 1951 593 1984 vobis
618 1952 828 1985 mandamus
855 1952 1024 1997 quatinus
1046 1953 1179 1998 ipsum,
1202 1965 1309 1998 quem
1331 1954 1368 1987 in
1389 1954 1548 2000 scriptis,
1572 1966 1635 1988 sua
1662 1954 1831 2001 exigente
1857 1954 2094 1994 contumacia,
2117 1954 2365 1988 excommuni-

489 2030 623 2059 camus,
646 2019 990 2051 excommunicatum
1013 2031 1031 2052 a
1052 2019 1159 2053 nobis
1181 2019 1326 2065 publice
1348 2021 1536 2065 judicetis.
1559 2022 1688 2054 Datum
1713 2033 1808 2054 anno
1834 2021 1980 2054 Domini
2006 2021 2202 2055 millesimo
2228 2021 2365 2055 ducen-

490 2084 618 2117 tesimo
639 2086 864 2130 sexagesimo
886 2092 1000 2126 sexto,
1023 2086 1081 2119 die
1103 2086 1268 2120 sabbathi
1289 2088 1463 2133 predicta.

579 2152 666 2184 Item
697 2152 784 2185 alias
812 2152 848 2184 in
868 2151 933 2185 hec
954 2152 1064 2185 verba
1083 2165 1089 2185 :
1113 2153 1286 2187 Officialis
1307 2154 1408 2187 curie
1429 2155 1647 2188 Parisiensis
1664 2154 1847 2188 universis
1869 2154 2086 2200 presbiteris
2106 2155 2144 2188 in
2164 2155 2308 2189 civitate
2329 2161 2365 2189 et

489 2217 634 2262 dyocesi
665 2218 861 2251 Parisiensi
887 2219 1108 2260 constitutis,
1135 2220 1179 2252 ad
1205 2232 1298 2265 quos
1319 2228 1511 2266 presentes
1531 2221 1651 2254 littere
1678 2221 1925 2267 pervenerint,
1951 2221 2104 2254 salutem
2130 2221 2167 2254 in
2192 2221 2362 2256 Domino.

489 2282 579 2315 Cum
604 2294 671 2315 nos
697 2283 733 2315 in
759 2283 970 2328 magistrum
992 2283 1157 2316 Odonem
1180 2285 1224 2317 de
1246 2285 1346 2318 Bella
1365 2285 1469 2319 Valle
1495 2286 1887 2319 excommunicacionis
1913 2286 2128 2319 sententiam
2155 2286 2199 2319 ad
2226 2286 2365 2320 instan-

490 2348 569 2381 tiam
592 2349 755 2394 magistri
777 2350 969 2382 Guillermi
991 2349 1145 2395 Rigaudi
1167 2352 1606 2398 protulerimus,justicia
1628 2352 1939 2398 exigentemrobis
1960 2353 2172 2386 mandamus
2193 2353 2363 2398 quatinus

489 2414 605 2459 ipsum
631 2416 795 2448 Odouem
822 2416 978 2461 singulis
1006 2416 1136 2450 diebus
1163 2418 1357 2452 dominicis
1383 2426 1419 2452 et
1442 2419 1584 2454 festivis
1605 2420 1642 2452 in
1668 2420 1836 2453 ecclesiis
1862 2420 2014 2462 nostris,
2037 2419 2194 2465 publicis
2215 2420 2307 2454 locis
2327 2426 2364 2454 et

489 2480 641 2525 publicis
672 2483 915 2524 sermonibus,
948 2491 983 2517 et
1011 2486 1048 2517 in
1081 2485 1162 2518 aliis
1192 2485 1254 2518 ubi
1284 2486 1450 2519 videritis
1481 2487 1667 2532 expedire,
1699 2493 1734 2520 et
1763 2487 1808 2520 de
1839 2486 1973 2532 quibus
2003 2487 2147 2520 fueritis
2180 2487 2360 2532 requisiti,

489 2547 650 2580 candelis
675 2549 850 2590 accensis,
873 2552 1220 2585 excommunicatum
1242 2552 1388 2597 publice
1410 2553 1641 2587 denuncietis
1662 2553 1753 2587 alter
1772 2560 1934 2588 vestrum
1955 2553 2107 2587 alterum
2133 2565 2207 2587 non
2232 2565 2362 2599 expec-

490 2619 581 2653 tans,
600 2614 749 2647 citantes
771 2615 1029 2651 nichilominus
1050 2618 1195 2663 publice
1218 2619 1352 2652 dictum
1375 2620 1587 2665 magistrum
1610 2621 1647 2653 in
1669 2620 1836 2654 ecclesiis
1855 2620 1992 2653 nostris
2011 2626 2047 2653 et
2063 2620 2155 2653 locis
2172 2620 2360 2665 predictis,

491 2685 529 2711 ut
554 2679 611 2711 die
637 2681 759 2713 martis
781 2682 927 2715 instanti
941 2684 951 2700 ³
977 2696 1095 2717 coram
1117 2685 1225 2718 nobis
1246 2693 1452 2731 compareat
1472 2687 1717 2732 peremptorie
1738 2686 1775 2720 in
1796 2687 1893 2720 dicto
1918 2686 2074 2732 negocio
2098 2698 2360 2732 responsurus,

492 2744 560 2777 sub
588 2757 679 2790 pena
706 2746 982 2789 bannicationis,
1011 2758 1235 2795 exponentes
1265 2752 1382 2785 eidem
1414 2753 1573 2798 publice,
1605 2754 1703 2798 quod
1733 2753 1804 2787 nisi
1835 2753 1941 2786 dictis
1971 2753 2030 2786 die
2060 2759 2096 2786 et
2123 2752 2211 2786 hora
2240 2765 2360 2787 coram

492 2811 599 2843 nobis
626 2814 879 2857 comparuerit,
906 2827 973 2848 nos
1001 2823 1125 2850 contra
1151 2817 1270 2862 ipsum
1299 2819 1554 2863 procedemus,
1584 2826 1692 2865 prout
1716 2819 1925 2865 permiserit
1949 2818 2040 2852 ordo
2066 2826 2203 2853 noster.
2230 2821 2360 2854 Datum

492 2889 585 2910 anno
627 2878 771 2911 Domini
813 2880 1006 2914 millesimo
1048 2883 1299 2919 ducentesimo
1341 2886 1570 2931 sexagesimo
1612 2892 1728 2928 sexto,
1770 2886 1829 2919 die
1870 2885 2036 2919 sabbathi
2087 2892 2170 2931 post
2214 2886 2359 2921 octabas

494 2943 693 2988 Epiphanie
714 2945 857 2978 Domini
871 2947 893 2978 ⁹.
