2580 3528
273 398 371 439 1256]
609 406 656 428 AB
692 405 802 428 auno
835 404 915 427 mcc
948 403 1081 432 usone
1116 403 1164 425 At·
1199 402 1431 425 PlllLtPPUM
1466 402 1507 424 iv
1541 403 1630 425 aas.
1667 403 1804 425 rame.
2081 394 2146 427 327

271 530 384 574 284.
405 544 575 572 Alexander
592 545 638 572 JV
645 543 741 581 priori
755 547 783 570 et
795 542 939 578 fratr-ibus
958 541 1024 569 Ora.
1037 541 1144 568 praed.
1157 541 1252 567 Paris.
1271 529 1503 577 compositionem
1519 540 1593 566 inter
1609 540 1687 576 ipsos
1710 544 1737 566 et
1757 540 1911 574 magistros
1931 540 2024 566 Paris.
2044 541 2145 566 initam

357 594 507 630 significat
520 594 633 620 irritam
647 595 718 628 fore,
737 601 842 628 eosque
862 591 903 618 ad
916 590 1032 618 scholas
1051 589 1209 627 praecipue
1225 589 1402 624 theologicas
1418 593 1446 615 et
1459 588 1664 615 scholasticam
1679 589 1846 615 societatem
1862 597 1924 615 esse
1940 588 2143 615 admittendos.

1523 679 1572 704 125
1574 679 1598 708 6,
1614 678 1676 704 dulit·
1690 678 1708 708 1,
1720 677 1860 710 Animulas.

357 756 564 791 Alexander
589 756 785 802 episcopus
810 766 940 789 servus
965 766 1156 788 servorum
1182 743 1250 787 Dei
1275 753 1419 787 dilectis
1443 752 1530 786 filiis
1554 779 1575 786 ..
1599 752 1713 798 priori
1740 759 1776 785 et
1801 751 1974 785 fratribus
1996 751 2146 785 Ordinis

270 823 541 858 Predicatorum
567 822 765 856 Parisiens.
797 821 950 856 salutem
985 828 1021 855 et
1053 820 1289 867 apostolicam
1323 819 1632 853 benedictionem.
1659 818 1876 853 Vehementi
1907 818 2146 852 admiratione

270 890 450 932 ducimur,
472 896 508 924 et
531 890 638 924 etiam
665 901 739 923 non
766 888 947 922 immerito
972 886 1367 937 conturbamur,‘quod
1394 886 1480 919 licet
1504 886 1614 920 sedes
1638 885 1837 931 apostolica
1861 897 1927 919 vos
1954 897 2019 930 pro
2045 896 2146 918 sacre

270 956 462 1003 religionis
494 963 616 991 vestre
654 955 795 989 meritis
832 954 1094 1006 complectatur
1125 954 1255 987 affectu
1289 952 1537 987 benivolentie
1572 952 1759 998 specialis,
1795 964 1835 986 ac
1870 952 1969 986 viros
2004 958 2148 998 reputet

269 1023 459 1057 honestate
484 1022 594 1056 multa
618 1022 839 1068 conspicuos
865 1028 901 1055 et
924 1021 1186 1066 circumspecta
1214 1020 1436 1053 discretione
1461 1018 1660 1065 preclaros,
1682 1019 1726 1052 ad
1751 1018 1851 1052 illius
1878 1025 1995 1052 tamen
2021 1019 2148 1052 incon-

270 1089 365 1124 sulte
399 1077 642 1135 simplicitatis
675 1087 896 1134 prorupistis
930 1099 1137 1129 excessum,
1169 1093 1208 1120 ut
1240 1098 1321 1119 cum
1356 1085 1542 1132 magistris
1575 1091 1611 1119 et
1639 1084 1844 1119 scolaribus
1876 1084 2147 1118 Parisiensibus

270 1156 437 1190 effectum
465 1155 707 1190 ordinationis
734 1166 800 1200 pro
827 1145 1191 1188 communi'utilitate
1222 1152 1334 1186 studii
1363 1152 1582 1186 Parisiensis
1608 1164 1627 1185 a
1654 1151 1762 1185 nobis
1790 1151 1886 1185 edite
1921 1151 1966 1185 de
1995 1151 2144 1185 fratrum

270 1229 479 1256 nostrorum
508 1221 664 1256 consilio
692 1221 822 1254 dolose
851 1233 891 1254 ac
918 1220 1088 1265 nequiter
1115 1218 1352 1253 molientibus
1379 1219 1557 1269 impedire
1588 1230 1661 1251 non
1690 1217 1809 1251 solum
1845 1218 2146 1275 presumpseritis

266 1288 408 1335 absque
431 1275 663 1322 conniir'entia
688 1293 812 1321 nostra
838 1286 1075 1332 componere¹
1083 1312 1091 1328 ,
1113 1285 1179 1319 sed
1204 1285 1310 1318 etiam
1338 1285 1447 1318 nimis
1473 1268 1676 1330 improvide
1698 1284 1929 1330 postmodum
1939 1280 2145 1329 petivistis,

247 1333 320 1390 sut
327 1355 527 1390 sententias
552 1340 590 1403 [n
614 1354 751 1400 prefate
776 1353 1018 1386 ordinationis
1043 1352 1257 1386 temerarios
1283 1358 1580 1397 transgressores
1604 1351 1816 1384 auctoritate
1843 1357 1967 1385 nostra
1988 1350 2146 1396 prolatas

269 1428 434 1469 pretextu
454 1419 733 1467 compositionis
757 1419 968 1465 hujusmodi
993 1418 1154 1452 relaxare
1181 1418 1226 1452 de
1251 1417 1402 1464 speciali
1426 1418 1541 1463 gratia
1563 1417 1812 1465 dignaremur,
1834 1417 1919 1451 licet
1937 1418 2007 1463 ipsi
2028 1417 2145 1451 adhuc
2200 1461 2207 1466 p
2224 1456 2231 1465 Ι

268 1489 306 1522 ἰιι
333 1500 397 1522 sua
423 1486 648 1522 contumacia
675 1485 954 1532 dampnabiliter
983 1491 1232 1534 perseverent.
1256 1485 1348 1518 Sane
1378 1484 1450 1518 ni'si
1477 1496 1545 1517 nos
1573 1491 1723 1529 propter
1749 1496 1918 1517 enormes
1944 1490 1980 1517 et
2003 1491 2145 1518 atroces

267 1566 358 1602 quas
381 1553 554 1588 ferebatis
578 1553 732 1600 injurias
756 1553 801 1587 ad
825 1565 1048 1587 consensum
1073 1551 1353 1598 compositionis
1380 1551 1546 1596 ejusdem
1574 1551 1678 1596 quasi
1702 1550 1883 1584 violenter
1907 1551 2077 1584 inductos
2100 1551 2144 1584 de

267 1621 420 1668 quadam
448 1621 593 1667 pietatis
617 1619 863 1654 habundantia
889 1619 1138 1667 crederemus,
1160 1618 1282 1652 debite
1309 1618 1485 1652 severitas
1510 1617 1706 1663 discipline
1726 1629 1792 1651 vos
1813 1617 2024 1659 instrueret,
2047 1617 2146 1663 quod

267 1688 306 1723 in
324 1687 394 1722 hoc
414 1699 488 1722 non
507 1687 637 1722 leviter
657 1686 877 1733 deliquistis.
899 1687 1031 1720 Preces
1052 1685 1164 1732 igitur
1184 1697 1258 1719 non
1278 1684 1501 1731 improvidas
1522 1691 1558 1718 et
1577 1684 1761 1730 indignas,
1783 1695 1873 1730 quas
1894 1683 2002 1717 nobis
2023 1684 2060 1717 in
2080 1683 2146 1718 hac

268 1761 368 1802 parte
395 1754 586 1801 porrigere
614 1753 867 1804 attemffiastis,
903 1752 1112 1787 nullatenus
1142 1752 1375 1786 admittentes
1405 1751 1649 1797 obligationes
1667 1751 1722 1794 fide
1749 1763 1823 1784 non
1854 1751 2066 1796 recipiendo
2101 1751 2145 1784 ad

268 1821 388 1856 scolas
411 1820 471 1855 vel
497 1821 708 1855 societatem
736 1819 962 1868 scolasticam
983 1830 1050 1853 vos
1075 1831 1141 1853 seu
1162 1830 1414 1864 quoscumque
1435 1818 1526 1852 alios
1547 1817 1745 1864 religiosos
1765 1824 1827 1851 aut
1846 1817 2045 1859 seculares,
2061 1814 2145 1851 'sive

267 1887 357 1922 alias
383 1893 508 1922 contra
534 1887 707 1933 prefatam
734 1886 1000 1920 ordinationem
1028 1892 1188 1919 nostram
1213 1884 1235 1933 β
1262 1885 1370 1919 dictis
1397 1885 1582 1931 magistris
1610 1891 1646 1918 et
1672 1879 1881 1918 scolaribusl
1904 1891 2144 1930 attemptatas,

268 1954 376 1990 etiam
400 1954 432 1988 si
451 1955 659 2000 Juraniento
685 1952 744 1988 vel
771 1937 1000 1999 quacumque
1024 1952 1191 1986 firmitate
1217 1951 1285 1986 alia
1310 1951 1492 1994 roborate,
1519 1951 1667 1997 penitus
1691 1951 1889 1992 irritamus,
1916 1950 2144 1984 declarantes

268 2020 480 2055 auctoritate
516 2020 741 2067 presentium
767 2019 865 2066 quod
891 2031 958 2054 vos
988 2025 1025 2053 et
1051 2018 1112 2052 alii
1139 2018 1319 2064 religiosi,
1350 2018 1412 2064 qui
1438 2018 1483 2051 de
1509 2017 1730 2064 prelatorum
1758 2029 1908 2051 suorum
1934 2017 2079 2051 licentia
2107 2017 2144 2050 in

270 2086 392 2122 studio
421 2093 703 2129 commorantur,
730 2086 775 2120 ad
801 2085 920 2120 scolas
950 2086 1123 2132 precipue
1157 2085 1364 2132 theologice
1398 2084 1578 2118 facultatis
1608 2091 1644 2118 et
1672 2084 1898 2118 scolasticam
1935 2085 2144 2118 societatem

269 2153 387 2188 libere
406 2153 502 2187 sicut
520 2152 581 2187 alii
607 2152 793 2188 seculares
821 2153 935 2199 recipi
960 2152 1126 2194 valeatis,
1147 2152 1340 2198 presertim
1365 2163 1447 2185 cum
1473 2151 1516 2185 ad
1537 2151 1603 2185 hec
1629 2151 1798 2185 infideles
1826 2151 1896 2197 ipsi
1924 2163 1997 2184 non
2024 2151 2142 2184 solum

270 2219 400 2254 affectu
420 2202 599 2254 deTerent
616 2219 756 2254 admitti
776 2212 1064 2266 promptissimO,
1085 2218 1151 2253 sed
1172 2219 1278 2252 etiam
1299 2218 1424 2252 induci
1444 2217 1616 2264 precibus
1637 2224 1673 2251 et
1692 2217 1907 2251 muneribus
1928 2218 2084 2258 invitari,
2106 2224 2145 2251 ut

270 2285 323 2320 ibi
349 2285 472 2319 lumen
500 2285 587 2319 fidei
613 2292 651 2319 et
674 2297 815 2319 morum
842 2285 1074 2331 susciperent
1099 2284 1343 2330 disciplinam.
1372 2285 1451 2318 Dat.
1482 2284 1648 2330 Anagnie
1683 2283 1752 2317 kal.
1782 2283 1882 2325 Julii,
1914 2283 2146 2329 pontificatus

272 2352 388 2386 nostri
408 2363 503 2386 anno
523 2351 700 2386 secundo.

363 2448 420 2473 Duo
432 2448 574 2481 originalia
588 2448 615 2473 in
630 2448 706 2473 Arcti.
725 2451 780 2473 nat.
794 2448 878 2473 Parin.
893 2448 921 2473 1..
935 2449 990 2478 250,
1006 2452 1046 2472 n0·
1059 2449 1091 2472 9⁹
1105 2451 1131 2472 et.
1146 2448 1199 2472 100.
1217 2448 1327 2472 Restant
1341 2448 1386 2471 fila
1401 2447 1512 2471 cannah.
1529 2447 1558 2471 ln
1573 2447 1727 2471 membrana
1742 2455 1835 2471 aver-n
1850 2447 2006 2479 posterioris
2023 2447 2122 2479 legitur
2135 2455 2142 2472 z

271 2501 284 2518 c
298 2493 384 2518 Priori
397 2493 556 2526 provinciali
571 2494 683 2518 fratrum
697 2493 773 2518 Pred.
790 2492 816 2517 in
831 2493 943 2517 Franci·
957 2500 980 2517 n.
998 2506 1030 2511 —
1049 2492 1178 2518 Vidimus
1193 2500 1235 2516 un.
1252 2492 1323 2518 1256.
1338 2491 1365 2515 in
1385 2491 1462 2516 Arch.
1478 2492 1580 2524 depart..
1597 2492 1630 2516 de
1648 2491 1674 2515 la
1689 2491 1840 2521 cota-«fot,
1857 2492 1933 2516 rond·
1956 2492 2143 2522 Dominicainn,

269 2537 350 2563 lia-u
364 2539 419 2562 ⁹³0.
435 2538 499 2562 eod.
509 2537 599 2570 privil.
615 2537 679 2563 otd.
695 2537 757 2562 uin.
773 2537 910 2562 continens
926 2538 1003 2568 (saec.
1020 2536 1085 2567 xw)
1101 2540 1127 2561 et
1141 2537 1174 2561 nd
1189 2536 1253 2562 Ord.
1270 2536 1413 2561 Servorum
1427 2536 1525 2560 Mariae
1539 2536 1683 2568 pertinenu.
1700 2536 1824 2565 Bulaeus,
1841 2537 1887 2566 111,
1903 2537 1957 2561 ³07.

364 2622 387 2646 1.
403 2621 490 2654 Supra
506 2626 537 2646 n⁰
551 2622 607 2647 2⁶8.
