2580 3528
287 419 386 461 1245]
626 429 674 452 ΑΒ
707 429 814 451 ANNO
848 429 927 452 nco
960 429 1178 458 usonem)
1213 429 1443 451 Pnimrruu
1480 430 1518 452 iv
1555 430 1645 452 nso.
1682 431 1820 452 russo.
2098 422 2158 461 181

289 546 397 584 141.
421 555 603 582 Innocentius
618 555 663 582 IV
672 554 854 581 universitati
875 555 1078 590 magistrorum
1098 558 1127 582 et
1140 554 1317 581 scholarium
1336 554 1432 581 Paris.
1457 554 1588 581 concedit
1603 559 1633 581 ut
1651 555 1805 582 servientes
1825 556 1952 592 ipsorum
1968 564 2127 583 communes
2143 565 2161 582 a

372 603 496 639 singulis
510 603 677 630 nationibus
693 603 871 630 concorditer
885 603 968 630 electi
983 603 1086 630 iisdem
1101 603 1332 630 immunitatibus
1347 603 1452 640 quibus
1466 603 1614 630 scholares
1628 603 1787 639 gaudeant.

1538 693 1614 721 1245.
1630 694 1693 720 Hui!
1705 694 1743 725 13,
1759 695 1874 728 Lugduni.

372 790 610 824 Innocentius
643 789 841 835 episcopus
875 801 1005 823 servus
1038 778 1228 824 servorum
1259 791 1326 824 Dei
1357 791 1584 825 universitati
1613 791 1871 837 magistrorum
1900 798 1936 825 et
1967 791 2161 825 scolarium

281 857 542 891 Parisiensium
572 856 725 890 salutem
761 862 796 890 et
829 857 1065 902 apostolicam
1101 856 1408 891 benedictionem.
1448 858 1592 892 Vestris
1630 857 1961 903 supplicationibus
2000 857 2161 891 inclinati

280 923 505 969 presentium
530 922 743 956 auctoritate
767 922 1005 957 concedimus
1029 930 1069 957 ut
1093 924 1297 958 servientes
1321 924 1434 958 vestri
1458 935 1685 966 communes,
1707 925 1769 970 qui
1790 936 1856 970 pro
1878 924 2030 958 utilitate
2051 925 2163 958 totius

281 989 394 1023 studii
413 1001 432 1023 a
453 989 612 1035 singulis
631 988 842 1023 nationibus
861 990 1094 1024 concorditer
1114 990 1314 1036 eliguntur,
1336 990 1411 1024 illis
1431 990 1720 1025 immunitatibus
1740 991 1923 1037 gaudeant
1943 1003 2033 1037 quas
2057 991 2163 1026 vobis

280 1055 478 1102 apostolica
507 1056 617 1090 sedes
642 1055 808 1090 noscitur
832 1057 1095 1091 comessisse'.
1122 1057 1221 1091 Nulli
1242 1069 1346 1104 ergo,
1373 1063 1454 1103 etc„
1480 1064 1605 1091 nostre
1632 1058 1900 1100 concessionis,
1920 1063 1986 1093 etc.
2015 1058 2052 1092 Si
2079 1059 2162 1104 quis

279 1129 414 1164 autem,
434 1128 500 1158 etc.
523 1123 602 1156 Dat.
625 1122 796 1168 Lugduni
817 1123 854 1168 iij
877 1123 927 1156 id.
949 1124 1049 1165 Maii,
1069 1124 1303 1170 pontificatus
1323 1125 1440 1158 nostri
1460 1137 1556 1158 anno
1577 1124 1754 1158 secundo.

372 1221 435 1253 neg.
451 1221 510 1245 Vnt.
526 1221 615 1245 Innoc.
632 1221 666 1245 1v
679 1229 721 1245 sn.
739 1222 761 1250 2,
777 1229 819 1253 ep.
835 1221 890 1250 561,
907 1222 951 1245 sol.
969 1221 1040 1245 188¹».
1056 1222 1118 1247 eod.
1134 1222 1192 1246 Vnt.
1210 1223 1271 1254 neg.
1286 1223 1342 1251 406,
1359 1223 1405 1246 sol.
1416 1223 1455 1246 14.
1466 1222 1535 1246 Bibl.
1548 1222 1680 1254 Phillipps
1695 1222 1723 1246 in
1738 1222 1920 1252 Cheltenham,
1936 1231 1984 1247 ms.
1997 1223 2052 1252 876,
2065 1224 2109 1247 rol.
2122 1224 2161 1252 15,

278 1265 330 1289 sub
343 1265 394 1289 hnc
407 1265 515 1289 rubrica
531 1273 537 1289 :
554 1274 567 1288 s
582 1265 620 1290 De
632 1265 756 1290 libertate
770 1265 942 1290 servientium
957 1265 1135 1290 communium
1156 1266 1353 1295 Universitatis,
1369 1266 1415 1298 qui
1429 1266 1526 1291 debent
1540 1267 1657 1298 gaudere
1672 1267 1884 1291 immunitatibus
1901 1267 2043 1292 scolarium
2059 1275 2082 1293 s.
2097 1268 2160 1292 Cod.

278 1309 336 1334 Vnt.
352 1309 415 1342 Reg.
433 1309 504 1339 1283,
521 1309 566 1347 t'ol.
582 1309 636 1334 101.
652 1323 683 1328 —
698 1309 822 1339 Bulaeus,
839 1310 886 1339 111,
903 1311 956 1334 202.

372 1398 396 1422 1.
411 1398 475 1430 neg.
489 1398 548 1422 vat.
566 1406 578 1422 α
593 1397 738 1422 incurrisse
750 1406 773 1422 ι).

282 1510 391 1549 142.
414 1521 597 1548 Innocentius
613 1522 658 1548 IV
666 1521 816 1556 magistris
832 1525 860 1548 et
873 1521 1057 1548 scholaribus
1071 1521 1290 1548 Parisiensibus
1302 1521 1485 1558 privilegium
1499 1523 1558 1556 sori
1573 1522 1710 1548 concedit.

1530 1618 1606 1648 12⁴5.
1622 1618 1686 1644 Hali
1699 1619 1737 1648 15,
1753 1619 1873 1651 Lugduni.

366 1691 559 1725 Universis
593 1691 778 1737 magistris
813 1698 849 1725 et
883 1691 1087 1726 scolaribus
1122 1692 1407 1726 Parisiensibus.
1450 1694 1498 1726 Ut
1531 1705 1574 1726 eo
1609 1692 1763 1727 liberius
1798 1705 1925 1727 vacare
1959 1693 2158 1728 litterarum

276 1757 399 1791 studio
427 1757 590 1800 valeatis,
621 1770 694 1804 quo
728 1758 850 1792 minus
879 1759 1023 1793 fueritis
1057 1759 1220 1806 negotiis
1248 1759 1330 1794 aliis
1361 1760 1539 1806 occupati,
1570 1771 1639 1794 nos
1668 1760 1802 1794 vestris
1830 1760 2161 1806 supplicationibus

275 1830 480 1858 annuentes
499 1825 713 1858 auctoritate
738 1824 844 1859 vobis
871 1826 1097 1871 presentium
1123 1825 1374 1872 indulgemus,
1396 1833 1436 1860 ut
1455 1833 1554 1860 extra
1575 1826 1756 1860 civitatem
1780 1826 2023 1860 parisiensem
2050 1839 2162 1874 super

275 1890 533 1936 questionibus
561 1891 655 1941 intra
683 1903 760 1925 eam
789 1892 925 1926 exortis
952 1892 1046 1926 trahi
1074 1904 1139 1938 per
1164 1892 1304 1927 litteras
1329 1893 1550 1939 apostolicas
1570 1905 1643 1927 non
1665 1893 1831 1939 possitis,
1852 1893 1924 1927 nisi
1950 1905 2159 1939 expressam

276 1956 321 1990 de
346 1957 575 2004 indulgentia
603 1957 815 2004 hujusmodi
841 1959 996 1992 fecerint
1021 1959 1276 1993 mentionem¹.
1307 1959 1405 1993 Nulli
1433 1971 1537 2006 ergo,
1558 1965 1638 2001 etc„
1659 1966 1786 1993 nostre
1806 1960 2075 2003 concessionis,
2094 1966 2158 1995 etc.

276 2023 312 2058 Si
333 2023 417 2070 quis
437 2030 571 2067 autem,
592 2030 657 2060 etc.
679 2026 758 2059 Dat.
782 2025 952 2072 Lugduni
974 2025 1023 2059 id.
1046 2026 1145 2068 Maii,
1167 2038 1262 2060 anno
1284 2026 1460 2060 secundo.

369 2121 432 2154 neg.
444 2121 502 2146 Vnt.
514 2122 659 2147 innocentii
674 2123 708 2147 tv
722 2131 764 2147 en.
777 2124 800 2152 2,
817 2131 858 2155 ep.
875 2124 930 2153 580,
943 2124 987 2148 sol.
1004 2124 1051 2148 190
1058 2124 1078 2148 b.
1089 2138 1121 2142 —
1131 2124 1251 2156 Epistola
1266 2124 1400 2149 invenitur
1414 2125 1514 2149 inserta
1528 2125 1624 2149 litteris
1640 2126 1668 2149 Α.
1687 2125 1892 2149 Silvanectensis
1907 2125 2026 2158 episcopi
2041 2134 2084 2150 sn.
2100 2126 2162 2150 1252

274 2165 303 2190 in
317 2165 395 2190 Arch.
410 2169 466 2191 nst.
481 2166 568 2191 Parin.
583 2167 617 2191 Μ.
635 2168 692 2196 θδῦ,
708 2171 738 2191 n⁰
752 2168 767 2192 3
782 2167 861 2198 (infru
876 2172 906 2192 n⁰
921 2168 984 2201 1⁹9).
1002 2168 1119 2194 Recuen'l
1127 2170 1174 2195 des
1181 2169 1333 2201 privileyes
1348 2170 1381 2194 de
1392 2169 1572 2195 l'Universioe
1583 2170 1616 2194 de
1629 2170 1726 2199 Paris,
1742 2178 1768 2202 p.
1785 2171 1840 2198 264,
1856 2170 1902 2194 ubi
1917 2173 2005 2194 tumen
2019 2178 2160 2202 perperam

276 2218 288 2234 ι
299 2209 312 2234 1
328 2209 371 2234 die
385 2210 448 2234 unii
463 2218 476 2234 s
491 2210 627 2235 scribitur.

369 2294 391 2318 1.
408 2293 452 2318 Sic
465 2302 490 2318 v.
507 2302 533 2326 g.
551 2295 671 2319 Clemens
687 2295 729 2324 lv.
746 2296 776 2319 2³
790 2296 851 2320 Jun.
868 2297 930 2320 1287
945 2296 1040 2321 scribit
1054 2297 1080 2320 in
1095 2297 1211 2330 quadum
1225 2306 1307 2322 ceusu
1326 2298 1513 2322 archidiacono
1532 2298 1660 2322 melden-i
1675 2301 1701 2322 et
1715 2298 1785 2327 aliis,
1802 2302 1911 2322 evocent
1930 2301 1956 2322 et
1974 2298 2093 2327 audiunt,
2114 2299 2159 2330 qui

274 2338 328 2362 sint
341 2338 454 2362 voc-ndi
467 2341 494 2363 et
506 2339 631 2363 audiendi
648 2350 658 2361 ι
675 2347 727 2364 non
741 2339 863 2365 obst-ante
882 2341 1048 2373 indulgentia
1067 2342 1138 2366 sedis
1158 2345 1255 2374 apost.,
1276 2351 1329 2374 qus
1348 2342 1496 2366 scolaribus
1516 2342 1644 2367 Purisien.
1661 2342 1759 2367 dicitur
1776 2350 1835 2366 esse
1854 2350 2018 2371 concessum,
2034 2345 2064 2366 ut
2082 2345 2155 2367 extra

273 2382 408 2407 civitatem
422 2382 598 2408 Psrisienssm
612 2383 683 2408 trahi
697 2391 750 2408 non
763 2384 869 2417 possint
882 2385 909 2409 in
923 2393 1032 2409 causum
1046 2394 1095 2418 per
1108 2386 1211 2410 litteras
1227 2390 1312 2419 apost.
1329 2395 1381 2411 non
1402 2386 1527 2411 facientes
1541 2387 1648 2418 plenem
1668 2390 1694 2411 ct
1712 2394 1866 2419 expressum
1888 2387 1922 2411 dc
1939 2387 2043 2411 indulto
2062 2386 2157 2419 hujus—

274 2427 345 2451 modi
360 2427 519 2452 mentionem
534 2435 556 2452 ».
573 2428 650 2452 Arch.
667 2431 720 2452 nst.
738 2428 822 2453 Paris.
839 2429 866 2453 1..
884 2430 939 2459 261,
955 2434 986 2453 n⁰
1000 2430 1054 2454 114.

278 2592 387 2631 143.
411 2603 592 2630 Innocentius
613 2605 657 2631 IV
674 2604 818 2631 universos
841 2605 995 2641 magistros
1011 2609 1038 2632 et
1054 2605 1203 2632 scholares
1222 2606 1405 2633 Parisii-uses
1422 2610 1525 2641 monet,
1549 2615 1584 2633 ne
1606 2607 1671 2643 quis
1690 2606 1806 2634 scholas
1821 2606 1944 2633 alterius
1964 2607 2076 2644 absque
2093 2608 2154 2644 ejus

362 2659 510 2687 consensu,
528 2660 620 2689 neque
635 2652 764 2690 hospitia
779 2653 935 2681 interdicta
950 2655 1082 2682 retineat.

1527 2705 1604 2736 12⁴⁵,
1618 2706 1681 2732 'ah'
1694 2706 1733 2736 16,
1749 2707 1866 2740 Lugduni.

363 2776 601 2810 Innocentius
622 2777 820 2824 episcopus
839 2790 970 2813 servus
990 2790 1180 2813 servorum
1203 2779 1269 2813 Dei
1291 2778 1435 2813 dilectis
1456 2779 1542 2813 filiis
1563 2780 1747 2814 universis
1773 2781 1960 2827 magistris
1984 2787 2020 2815 et
2038 2781 2152 2815 scola-

274 2840 377 2876 ribus
404 2842 675 2878 Parisiensibus
700 2844 853 2878 salutem
875 2851 912 2879 et
937 2845 1172 2891 apostolicam
1199 2845 1506 2880 benedictionem.
1535 2846 1771 2881 Universitati
1796 2854 1918 2882 vestre
1943 2847 2154 2882 auctoritate

274 2908 499 2954 presentium
519 2909 722 2945 districtius
741 2910 966 2954 inhibemus,
990 2924 1036 2946 ne
1055 2911 1189 2958 aliquis
1208 2919 1370 2947 vestrum
1397 2912 1547 2947 alterius
1568 2913 1687 2947 scolas
1708 2920 1769 2947 aut
1787 2913 1987 2960 hospitium
2013 2913 2151 2959 absque

274 2973 375 3009 illius
394 2987 579 3010 consensu
604 2976 661 3011 vel
682 2977 802 3012 scolas
821 2985 882 3012 aut
905 2978 1062 3025 hospitia
1083 2992 1101 3013 a
1123 2979 1308 3026 magistris
1332 2980 1389 3013 vel
1411 2979 1555 3014 officiali
1581 2980 1792 3022 Parisiensi,
1814 2980 1875 3025 qui
1903 2990 1968 3026 pro
1989 2986 2152 3026 tempore
