2580 3528
432 379 475 412 78
1011 388 1332 411 CHARTULAMUM
1366 389 1558 411 UNIVERS.
1595 389 1726 411 PAlus.
2211 379 2311 419 [1213

432 463 560 508 potuit,
592 463 666 496 sint
695 463 995 496 excommunicati
1026 469 1061 496 et
1089 462 1133 495 ab
1163 462 1333 496 omnibus
1364 463 1558 504 evitentur,
1589 469 1626 496 et
1653 463 1690 495 in
1721 462 1819 496 nulla
1848 475 1968 504 causa,
2004 463 2034 496 si
2070 462 2308 508 patrocinium

431 536 593 574 prestare
613 529 808 571 voluerint,
831 529 1055 562 audiantur'.

521 598 597 640 (III,
620 598 674 641 20)
695 596 936 630 Prohibemus
962 596 1080 637 etiam,
1104 609 1149 629 ne
1171 597 1265 641 quis,
1289 603 1480 642 postquam
1501 597 1612 630 intrat
1629 597 1827 630 claustrum
1849 608 1956 630 causa
1982 596 2186 642 religionis,
2209 601 2312 629 exeat

430 675 538 696 causa
559 663 715 696 exeundi
736 663 780 696 ad
806 663 937 703 scolas,
965 663 1030 695 sed
1056 662 1093 695 in
1118 662 1277 696 claustro
1303 663 1333 695 si
1359 663 1518 696 voluerit
1541 663 1715 696 addiscat.
1746 664 1790 696 Et
1809 663 1871 708 qui
1892 663 2000 696 modo
2021 669 2107 696 sunt
2126 662 2163 695 in
2184 662 2308 704 scolis,

431 730 524 763 intra
544 730 638 762 duos
660 741 805 762 menses
826 729 870 762 ad
891 729 1086 762 claustrum
1110 729 1271 762 redeant.

524 828 593 851 Bibl.
610 828 700 851 Arsen.
718 827 801 850 Paris.
819 836 867 851 ms.
885 829 938 855 769,
957 828 1000 851 sol.
1018 827 1084 855 11712,
1105 826 1151 850 ubi
1171 835 1201 849 ex
1221 834 1303 857 supra
1322 826 1465 857 publicatis
1481 827 1664 850 tantummodo
1679 827 1712 854 11,
1729 827 1767 855 19,
1784 830 1810 850 et
1823 827 1869 855 111,
1886 827 1924 850 20.
1941 840 1972 844 -
1987 826 2080 854 Mansi,
2096 827 2192 858 Ampl.
2210 826 2308 851 concil.

430 872 490 897 coll.
507 873 584 900 xxn,
601 873 659 900 845;
681 872 792 894 831-838.
808 885 839 888 —
856 872 908 894 Hoc
924 871 1069 895 Concilium
1086 879 1136 893 non
1154 879 1222 893 nnno
1239 870 1299 893 1212
1314 871 1359 893 sed
1375 879 1443 893 anno
1459 871 1521 894 1213
1540 871 1703 894 celebratum
1721 879 1779 894 esse
1794 870 1864 894 eruit
1877 871 1914 894 La
1928 871 2006 894 Porte
2019 871 2055 894 du
2070 870 2146 894 Theil
2160 870 2187 894 in
2203 870 2310 895 Notices

430 919 457 940 et
471 916 589 941 eoetraits
605 917 651 940 des
668 922 733 940 mss.
751 916 792 942 VI,
810 916 855 938 192
871 923 938 946 sqq.,
955 915 1001 938 ubi
1015 924 1041 946 p.
1064 915 1109 938 186
1128 914 1207 938 etiam
1226 915 1424 937 demonstratur
1444 914 1603 946 mag-istrum
1622 914 1766 939 Robertum
1786 915 1818 938 de
1837 914 1966 945 Courcon,
1986 918 2121 946 regentem
2136 914 2163 938 in
2177 914 2311 946 theologi·

431 960 550 988 Parisiis,
570 969 622 983 non
642 963 701 983 ante
724 960 749 982 11
775 959 896 983 Decemb.
919 960 977 982 1211
998 967 1081 991 neque
1101 962 1162 990 post
1187 959 1214 982 11
1234 960 1295 982 Jun.
1318 959 1379 982 1212
1399 959 1432 982 ad
1451 959 1632 983 cardinalatus
1651 959 1780 983 honorem
1803 962 1955 990 promotum
1973 967 2040 982 esse.
2057 959 2171 991 Legatus
2192 959 2218 982 S.
2239 958 2310 982 sedis

430 1004 517 1036 primo
533 1004 683 1027 nominatur
698 1004 768 1027 circa
783 1004 862 1026 finem
877 1004 974 1034 Aprilis
990 1003 1051 1026 anni
1072 1004 1140 1026 1213.
1163 1003 1200 1026 Ib.
1222 1012 1248 1034 p.
1271 1003 1324 1026 188.
1347 1004 1443 1026 Auctor
1462 1012 1488 1034 p.
1511 1004 1554 1026 181
1576 1011 1633 1035 sqq.
1651 1003 1730 1027 etium
1749 1006 1841 1026 contra
1861 1011 2027 1026 communem
2046 1003 2198 1035 opinionem
2212 1002 2311 1034 optime

430 1049 563 1080 probavit,
580 1049 723 1072 Robertum
738 1056 871 1079 nunquam
888 1048 970 1071 ruisse
985 1048 1173 1071 cancellarium
1188 1047 1373 1071 Parisiensem.

525 1134 546 1157 1.
564 1134 649 1157 Verba
673 1134 756 1157 reluta
777 1141 827 1156 non
848 1133 1018 1156 inveniuntur
1037 1132 1063 1155 in
1083 1133 1148 1156 netis
1169 1133 1279 1156 Concilii
1299 1133 1483 1156 Lnteruncnsis
1499 1133 1545 1161 III,
1562 1133 1608 1156 sed
1624 1133 1651 1156 in
1672 1133 1725 1156 illis
1741 1133 1852 1157 Concilii
1872 1133 2043 1157 Turonensis.
2059 1133 2124 1156 Vide
2139 1140 2221 1164 supra
2235 1135 2312 1164 parte

430 1178 527 1201 inti-od.
544 1182 574 1200 1ιο
589 1178 610 1201 1.
624 1179 670 1201 Ast
685 1178 747 1209 quia
762 1177 948 1200 exscribuntur
962 1177 988 1200 in
1004 1177 1154 1208 Appendice
1169 1177 1203 1200 ad
1218 1177 1316 1200 Concil.
1334 1178 1509 1201 Lateranense
1525 1177 1571 1205 III,
1588 1185 1656 1209 quae
1675 1178 1814 1209 Appendix
1824 1178 1880 1209 jam
1895 1181 2013 1209 tempore
2028 1177 2138 1201 Concilii
2153 1176 2311 1201 Parisiensi·

428 1223 558 1250 exstabat,
580 1225 670 1254 patres
694 1222 804 1246 Concilii
825 1222 1013 1253 opinabantur.
1035 1222 1143 1245 citatam
1163 1222 1325 1245 Decretulem
1345 1230 1403 1245 esse
1424 1225 1560 1253 sumptam
1580 1230 1611 1245 cx
1631 1222 1697 1245 actis
1717 1222 1828 1246 Concilii
1847 1222 2032 1246 Laterunensis
2052 1222 2098 1246 111.
2118 1222 2156 1245 Ex
2174 1221 2224 1245 hac
2244 1221 2312 1245 falsu

431 1267 614 1298 suppositione
633 1266 756 1297 provenit
775 1266 854 1289 ctiam
874 1266 964 1297 opinio
984 1266 1159 1298 quorumdam
1181 1266 1365 1294 recentiorum,
1382 1275 1406 1290 v.
1428 1275 1453 1298 g.
1471 1266 1597 1298 savigny,
1616 1266 1776 1291 Geschichte
1792 1268 1839 1291 des
1857 1266 1946 1292 Roem.
1967 1266 2068 1291 Rechts
2083 1266 2129 1293 111,
2146 1266 2200 1294 3614,
2216 1265 2311 1289 Decre-

429 1311 510 1334 talem
529 1311 709 1334 'turonensem
730 1310 870 1342 repetitam
891 1310 973 1334 fuisse
992 1319 1061 1334 anno
1083 1310 1144 1334 1180
1164 1311 1190 1340 (i.
1213 1319 1234 1334 e.
1250 1311 1336 1341 21179).
1352 1325 1384 1328 —
1398 1311 1421 1334 2.
1443 1311 1471 1334 In
1491 1311 1550 1334 edd.
1571 1310 1679 1334 additur
1695 1319 1700 1334 :
1719 1319 1731 1334 «
1747 1314 1777 1334 ut
1794 1310 2022 1342 jurisprudentiae
2041 1314 2067 1334 et
2084 1309 2230 1334 medicinae
2249 1310 2313 1333 dent

428 1363 538 1386 operam
560 1363 582 1383 ι),
603 1355 673 1386 quod
696 1363 747 1378 non
767 1355 853 1378 solum
874 1355 899 1378 in
919 1358 1064 1378 memorato
1079 1363 1127 1378 ms.
1151 1356 1228 1385 (saec.
1250 1355 1310 1378 XIII
1329 1355 1449 1385 ineunt),
1471 1356 1516 1378 sed
1536 1358 1562 1378 et
1580 1355 1607 1378 in
1627 1355 1692 1378 actis
1713 1355 1790 1378 Cone.
1812 1356 1909 1378 Turon.
1931 1355 2106 1378 desideratur.
2121 1368 2153 1372 —
2166 1355 2189 1378 3.
2207 1355 2236 1378 In
2250 1354 2310 1377 edd.

428 1407 568 1431 perperam
585 1408 597 1422 «
612 1399 786 1422 admittantur
801 1408 822 1422 ».

429 1554 508 1592 20.
532 1563 672 1589 Robertus
696 1562 858 1588 cardinalis
882 1562 996 1597 legatus
1018 1563 1195 1599 praescribit
1218 1562 1331 1589 modum
1356 1562 1470 1597 legendi
1495 1563 1524 1588 in
1548 1562 1661 1588 artibus
1685 1566 1714 1588 et
1738 1562 1767 1588 in
1795 1562 1949 1597 theologia,
1981 1562 2093 1588 indicat
2121 1571 2192 1598 quos
2222 1560 2311 1588 libros

519 1612 651 1647 magistri
666 1612 772 1637 artium
788 1621 843 1637 non
859 1611 984 1638 debeant
998 1612 1100 1647 legere,
1119 1612 1236 1638 ordinat
1250 1611 1438 1648 disciplinam
1453 1611 1629 1638 scholarium
1645 1615 1672 1638 et
1685 1611 1861 1646 generaliter
1875 1615 1983 1638 statum
2003 1611 2211 1638 Universilatis.

1547 1715 1617 1744 1215,
1632 1722 1722 1741 menne
1736 1714 1856 1747 Augusto,
1871 1714 1891 1749 [
1891 1715 1998 1741 Parisiis
1998 1714 2025 1749 J.

520 1805 559 1836 R.
592 1815 721 1837 servus
754 1804 874 1836 crucis
908 1803 1044 1837 Christi
1075 1803 1195 1837 divina
1226 1803 1460 1836 miseratione
1487 1803 1583 1836 tituli
1614 1803 1734 1836 Sancti
1767 1802 1939 1848 Stephani
1972 1803 2009 1835 in
2048 1802 2151 1836 Celio
2188 1803 2312 1836 Monte

431 1870 621 1915 presbyter
647 1870 842 1903 cardinalis
869 1870 1069 1915 apostolice
1096 1870 1197 1903 sedis
1224 1870 1379 1916 legatuS,
1412 1870 1596 1903 universis
1625 1870 1810 1915 magistris
1838 1876 1874 1902 et
1899 1869 2103 1902 scolaribus
2131 1869 2312 1902 Parisien-

431 1937 535 1969 sibus
555 1937 707 1970 salutem
731 1937 767 1969 in
790 1937 945 1970 Domino
967 1937 1237 1982 sempiternam.
1261 1937 1437 1970 Noverint
1456 1936 1634 1978 universi,
1661 1936 1759 1981 quod
1780 1948 1860 1969 cum
1882 1935 2020 1968 domini
2042 1947 2132 1980 pape
2154 1934 2312 1980 speciale

431 2003 688 2036 habuissemus
718 2004 937 2044 mandatum,
971 2010 1009 2036 ut
1038 2004 1145 2036 statui
1176 2003 1435 2036 Parisiensium
1467 2003 1661 2036 scolarium
1690 2002 1727 2035 in
1755 2002 1886 2035 melius
1914 2001 2145 2034 reformando
2171 2001 2313 2046 impen-

431 2070 602 2102 deremus
636 2082 782 2114 operam
819 2070 1012 2109 efficacem,
1050 2082 1116 2103 nos
1152 2070 1196 2102 de
1231 2069 1412 2103 bonorum
1446 2070 1607 2103 virorum
1646 2068 1802 2102 consilio
1841 2067 2020 2101 scolarum
2061 2067 2312 2113 tranquillitati

430 2136 596 2169 volentes
617 2136 653 2168 in
675 2143 861 2181 posterum
883 2137 1089 2181 providere,
1113 2136 1362 2170 ordinavimus
1383 2143 1419 2169 et
1438 2136 1630 2169 statuimus
1651 2135 1688 2168 in
1709 2134 1805 2168 hunc
1826 2134 1972 2167 modum
1997 2146 2004 2167 ε

520 2202 650 2235 Nullus
677 2203 774 2248 legat
800 2204 960 2237 Parisius
988 2204 1032 2236 de
1057 2203 1196 2236 artibus
1223 2203 1310 2236 citra
1335 2203 1549 2237 vicesimum
1578 2202 1734 2247 primum
1760 2202 1865 2235 etatis
1891 2213 1956 2235 sue
1982 2213 2129 2243 annum,
2156 2208 2193 2234 et
2215 2200 2314 2246 quod

432 2281 496 2303 sex
524 2270 629 2303 annis
655 2270 811 2303 audierit
842 2270 886 2303 de
913 2270 1051 2304 artibus
1076 2270 1120 2304 ad
1145 2270 1279 2311 minus,
1312 2277 1504 2315 antequam
1530 2269 1574 2302 ad
1599 2269 1796 2314 legendum
1823 2269 1981 2310 accedat,
2009 2275 2046 2301 et
2069 2268 2168 2313 quod
2192 2274 2315 2313 prote-

434 2343 550 2369 stetur
584 2348 623 2369 se
658 2336 836 2370 lecturum
873 2337 1017 2370 duobus
1052 2337 1157 2370 annis
1191 2337 1235 2370 ad
1270 2337 1404 2378 minus,
1431 2336 1502 2369 nisi
1533 2335 1760 2369 rationabilis
1793 2347 1900 2368 causa
1930 2334 2180 2376 intervenerit,
2207 2345 2313 2380 quam

435 2403 580 2447 publice
610 2403 667 2436 vel
698 2415 817 2436 coram
853 2403 1162 2437 examinatoribus
1192 2403 1342 2437 debebit
1374 2403 1543 2448 probare,
1579 2409 1615 2436 et
1648 2402 1746 2447 quod
1781 2414 1855 2435 non
1889 2402 1936 2435 sit
1969 2413 2161 2447 respersus
2195 2401 2314 2446 aliqua

435 2468 593 2510 infamia,
629 2476 664 2502 et
697 2470 795 2514 quod
830 2482 909 2502 cum
941 2470 1066 2515 legere
1101 2470 1337 2515 disposuerit,
1371 2470 1596 2502 examinetur
1630 2468 1786 2514 quilibet
1814 2468 2014 2502 secundum
2044 2468 2207 2509 sormam,
2243 2478 2315 2512 que

435 2535 641 2568 continetur
669 2536 706 2568 in
731 2536 866 2580 scripto
893 2536 1030 2569 domini
1057 2538 1093 2569 P.
1121 2537 1339 2570 Parisiensis
1365 2536 1543 2581 episcopi,
1569 2535 1632 2569 ubi
1656 2535 1864 2569 continetur
1890 2546 1957 2580 pax
1983 2534 2192 2567 confirmata
2219 2533 2315 2566 inter

437 2601 691 2633 cancellarium
722 2609 758 2634 et
786 2602 946 2635 scolares
981 2615 999 2635 a
1028 2603 1217 2647 judicibus
1248 2603 1426 2648 delegatis
1456 2615 1474 2636 a
1504 2602 1652 2635 domino
1688 2614 1791 2647 papa,
1826 2601 1967 2634 scilicet
1997 2600 2041 2633 ab
2076 2600 2249 2645 episcopo
2280 2606 2316 2633 et

439 2667 576 2700 decano
602 2667 861 2709 Trecensibus⁷
889 2675 923 2701 et
943 2680 962 2701 a
983 2670 1020 2701 P.
1043 2669 1216 2714 episcopo
1238 2676 1274 2701 et
1296 2671 1327 2702 J.
1355 2669 1571 2702 cancellario
1593 2668 1769 2701 Parisien.
1791 2666 1986 2712 approbata
2010 2673 2046 2699 et
2070 2666 2312 2699 confirmata&

440 2735 485 2766 Et
513 2733 610 2778 quod
641 2733 765 2778 legant
792 2733 907 2767 libros
936 2734 1145 2768 Aristotelis
1176 2734 1220 2767 de
1250 2735 1438 2767 dialectica
1468 2741 1537 2767 tam
1569 2734 1614 2767 de
1642 2734 1757 2767 veteri
1786 2745 1891 2778 quam
1927 2733 1972 2766 de
2006 2744 2098 2766 nova
2132 2733 2169 2765 in
2203 2732 2315 2765 scolis

440 2799 623 2833 ordinarie
644 2806 680 2832 et
700 2811 772 2832 non
793 2800 837 2832 ad
857 2812 1017 2833 cursum.
1041 2802 1179 2845 Legant
1199 2801 1304 2833 etiam
1327 2801 1364 2833 in
1385 2800 1497 2834 scolis
1518 2800 1702 2833 ordinarie
1723 2800 1817 2832 duos
1837 2799 2061 2832 Priscianos¹
2084 2798 2142 2832 vel
2163 2798 2315 2832 alterum

440 2866 484 2899 ad
504 2866 637 2899 minus.
664 2867 744 2899 Non
770 2866 893 2911 legant
917 2867 954 2899 in
974 2867 1115 2900 festivis
1140 2866 1271 2899 diebus
1297 2867 1368 2900 nisi
1390 2866 1631 2911 philosophos
1652 2872 1688 2899 et
1708 2865 1921 2907 rhetoricas,
1943 2872 1976 2899 et
1998 2865 2259 2910 quadruvialia,
2281 2872 2317 2898 et

439 2933 733 2974 barbarismum,
762 2939 797 2966 et
822 2933 984 2974 ethicam,
1012 2933 1043 2966 si
1068 2933 1197 2978 placet,
1228 2939 1264 2966 et
1290 2939 1457 2978 quartum
1490 2933 1727 2978 topichorum.
1760 2934 1840 2965 Non
1870 2932 2037 2978 legantur
2064 2931 2148 2965 libri
2175 2932 2317 2966 Aristo-
