2580 3528
513 398 578 431 506
1090 404 1408 427 CHARTULARIL'M
1443 402 1633 424 rmvsns.
1677 401 1806 423 rmus.
2287 393 2388 436 [1274

514 481 715 515 secundum
737 480 917 525 judicium
945 479 1034 513 socii
1062 479 1123 523 qui
1151 477 1308 518 adducit,
1339 484 1422 509 tunc
1451 476 1567 521 possit
1595 475 1718 508 socius
1745 475 1932 520 predictus
1960 487 2084 509 secum
2111 488 2254 510 vocare.
2271 489 2383 510 unum

514 547 651 581 socium
678 547 735 580 vel
761 547 867 587 duos,
894 553 934 579 ut
958 545 1092 590 hospiti
1120 544 1250 577 saciant
1275 543 1448 575 solacium
1477 548 1511 574 et
1536 541 1727 583 honorem,
1754 542 1816 587 qui
1842 542 2011 576 similiter
2035 542 2192 576 habeant
2216 543 2261 576 de
2286 555 2385 577 com-

513 614 612 646 muni
634 613 704 646 sibi
726 613 865 646 debitas
888 612 1093 657 porciones,
1117 622 1261 654 semper
1283 616 1399 641 tamen
1421 608 1501 641 sine
1522 608 1679 653 dampno
1700 609 1982 643 communitatis.

603 681 689 712 Item
722 679 843 712 nullus
873 690 1017 711 morans
1047 677 1083 709 in
1113 676 1196 710 villa
1226 675 1391 708 comedat
1420 675 1518 707 intus
1548 674 1619 707 nisi
1650 675 1686 707 in
1717 674 1809 717 aula,
1841 682 1877 709 et
1905 676 1935 710 si
1966 676 2004 709 in
2034 688 2174 710 camera
2203 689 2247 710 ex
2276 688 2383 710 causa

513 746 725 787 comederit,
746 758 863 778 coram
885 745 998 777 latore
1020 743 1128 776 rotuli
1149 742 1307 775 fideliter
1328 753 1366 774 se
1388 748 1549 774 excuset.

602 814 688 845 Item
716 812 746 845 si
771 811 905 844 suerint
930 817 1002 843 tres
1028 809 1176 841 minuti¹
1204 808 1262 841 vel
1290 808 1494 853 pauciores,
1522 814 1677 853 possunt
1702 808 1836 842 habere
1862 821 1975 842 unum
2001 810 2141 843 socium
2167 822 2240 843 non
2265 810 2384 844 minu-

512 886 598 912 tum.
623 879 658 911 Si
679 878 811 911 fuerint
832 877 956 922 plures
978 888 1081 921 quam
1109 882 1182 908 tres
1209 882 1244 907 et
1268 875 1388 908 minus
1416 887 1521 919 quam
1548 882 1642 916 octo,
1664 875 1757 909 duos
1782 883 1939 921 possunt
1957 876 2092 910 hahere
2114 889 2188 910 non
2209 877 2381 911 minutos.

512 945 547 978 Si
573 951 689 977 autem
717 951 797 976 octo
824 943 881 976 vel
908 943 1063 987 amplius
1091 942 1165 975 sint
1191 942 1334 982 minuti,
1362 948 1436 974 tres
1464 948 1549 974 tune
1577 941 1733 975 habeant
1759 955 1833 976 non
1860 943 2035 985 minutos,
2063 944 2126 989 qui
2153 956 2227 977 non
2253 944 2382 978 minuti

511 1023 594 1044 suas
614 1010 769 1043 habeant
789 1009 994 1055 porciones.
1019 1009 1054 1042 Si
1076 1015 1193 1041 autem
1216 1008 1340 1053 plures
1360 1009 1496 1041 suerint
1516 1021 1589 1041 non
1610 1009 1753 1052 minuti,
1776 1022 1882 1055 quam
1903 1011 2104 1044 secundum
2128 1011 2226 1056 quod
2247 1011 2381 1045 dictum

510 1083 576 1118 est,
599 1076 709 1109 nichil
730 1076 885 1108 habeant
905 1076 949 1108 de
970 1075 1165 1108 communi.

597 1144 684 1175 Item
706 1143 833 1175 minuti
855 1142 885 1175 si
906 1142 1020 1175 velint
1040 1142 1183 1187 possint
1203 1142 1240 1174 in
1267 1154 1407 1175 camera
1427 1142 1621 1176 comedere
1649 1155 1714 1189 per
1735 1150 1809 1177 tres
1829 1144 1923 1186 dies,
1952 1156 2034 1177 nam
2060 1144 2261 1178 secundum
2283 1144 2381 1190 quod

508 1209 640 1242 dicitur
660 1210 752 1242 Gen.
775 1210 930 1242 XXXIII
955 1220 961 1241 z
986 1223 1001 1239 (t
1025 1208 1083 1241 die
1105 1209 1211 1241 tertio
1232 1209 1379 1254 gravior
1400 1216 1456 1242 est
1475 1209 1640 1243 vulneris
1661 1210 1767 1243 dolor
1789 1224 1819 1243 ».

596 1277 684 1308 Item
713 1275 824 1308 sociis
850 1274 1127 1308 comedentibus
1148 1275 1185 1308 in
1213 1276 1366 1309 cameris
1394 1275 1614 1322 colligantur
1639 1277 1841 1322 fragmenta
1866 1289 1911 1310 ne
1937 1285 2099 1323 pereant,
2127 1284 2163 1311 et
2181 1277 2381 1312 reddantur

506 1342 764 1387 dispensatori,
786 1342 847 1386 qui
868 1348 1021 1387 reponet
1040 1342 1078 1374 in
1098 1342 1281 1374 communi
1302 1342 1481 1376 beneficio
1503 1355 1702 1389 pauperum
1723 1344 1952 1378 clericorum.

596 1410 684 1441 Item
704 1415 918 1441 moneantur
939 1409 1029 1441 socii
1055 1420 1073 1441 a
1098 1408 1212 1441 latore
1233 1409 1357 1451 rotuli,
1385 1416 1425 1442 ut
1449 1410 1684 1444 comedentes
1705 1411 1743 1444 in
1763 1411 1917 1445 cameris
1938 1411 2087 1457 pacifice
2108 1423 2148 1445 se
2168 1411 2325 1446 habeant
2345 1418 2381 1446 et

505 1482 653 1508 caveant
677 1488 695 1508 a
722 1475 878 1508 clamore
903 1475 1027 1517 nimio,
1057 1488 1102 1508 ne
1130 1482 1362 1509 transeuntes
1390 1488 1455 1522 per
1482 1477 1618 1510 curiam
1647 1477 1706 1511 vel
1734 1490 1799 1524 per
1824 1478 1918 1512 viam
1947 1478 2250 1521 scandalizentur,
2278 1485 2314 1512 et
2333 1490 2378 1513 ne

505 1542 596 1574 socii
617 1542 653 1574 in
674 1541 826 1575 cameris
847 1542 976 1575 vicinis
997 1542 1187 1575 studentes
1207 1555 1226 1575 a
1248 1543 1325 1576 suis
1346 1543 1478 1577 studiis
1499 1544 1755 1590 impediantur.

594 1610 681 1641 Item
712 1609 945 1642 comedentes
975 1609 1012 1642 in
1046 1609 1199 1642 cameris
1234 1610 1450 1655 provideant
1477 1610 1548 1644 sibi
1578 1611 1623 1644 de
1658 1611 1769 1645 rebus
1803 1612 1874 1646 sibi
1908 1613 2128 1646 necessariis
2163 1612 2379 1659 tempestive

504 1676 704 1708 secundum
731 1676 828 1721 quod
852 1682 1033 1721 poterunt,
1064 1683 1102 1709 ut
1129 1677 1323 1710 servicium
1345 1679 1614 1712 communitatis
1643 1679 1791 1712 minime
1817 1679 2063 1725 perturbetur.
2094 1680 2131 1714 Si
2155 1692 2243 1714 vero
2267 1679 2378 1726 hujus

504 1743 626 1775 statuti
646 1742 756 1787 aliqui
777 1743 912 1776 suerint
931 1742 1121 1786 abusores,
1144 1744 1206 1789 qui
1226 1752 1440 1778 assuescant
1459 1746 1652 1779 comedere
1673 1746 1710 1779 in
1736 1747 1889 1780 cameris
1916 1747 1995 1780 sine
2019 1759 2140 1790 causa,
2161 1753 2379 1781 moneantur

503 1821 522 1841 a
542 1808 654 1842 latore
675 1809 784 1842 rotuli
805 1816 844 1842 ut
864 1810 1060 1852 desistant3
1090 1811 1188 1855 quod
1217 1811 1247 1844 si
1272 1812 1391 1845 facere
1417 1812 1603 1846 noluerint
1628 1813 1870 1847 denuncietur
1894 1814 2081 1859 magistro.
2110 1814 2147 1848 Si
2167 1821 2287 1848 autem
2307 1813 2377 1848 alie

504 1887 611 1908 cause
633 1877 833 1917 evenerint,
855 1883 1003 1922 propter
1031 1889 1120 1922 quas
1146 1878 1263 1923 possit
1290 1878 1422 1924 aliquis
1443 1879 1480 1912 in
1501 1892 1640 1913 camera
1661 1880 1868 1923 comedere,
1890 1881 1927 1914 in
1948 1880 2097 1914 arbitrio
2119 1880 2245 1914 latoris
2265 1880 2376 1914 rotuli

505 1949 540 1975 et
559 1949 831 1987 procuratorum
854 1943 1092 1988 relinquatur,
1115 1944 1232 1978 donec
1253 1945 1357 1978 aliter
1377 1946 1487 1979 fuerit
1507 1947 1725 1980 ordinatum.

593 2010 681 2041 Item
708 2009 861 2043 infirmis
889 2022 962 2043 non
988 2017 1044 2043 est
1069 2010 1128 2043 lex
1154 2012 1283 2056 posita.
1313 2012 1349 2045 Si
1376 2025 1463 2046 vero
1489 2014 1685 2059 contigerit
1711 2014 1869 2059 aliquem
1897 2021 2047 2060 propter
2072 2014 2317 2048 infirmitatem
2337 2014 2376 2048 in

504 2087 643 2125 camera
664 2076 867 2118 comedere,
890 2077 1008 2122 possit
1028 2076 1162 2110 habere
1184 2090 1296 2111 unum
1317 2079 1457 2112 socium
1479 2091 1603 2113 secum
1629 2081 1660 2114 si
1685 2081 1855 2123 voluerit,
1882 2081 1944 2126 qui
1965 2081 1999 2114 ei
2018 2081 2125 2114 faciat
2145 2081 2320 2115 solacium
2340 2087 2377 2115 et

498 2142 682 2186 juvamen,
705 2143 765 2187 qui
786 2143 897 2176 eciam
925 2143 1055 2177 habeat
1081 2143 1153 2176 sibi
1180 2144 1337 2178 debitam
1366 2146 1590 2191 porcionem.
1619 2148 1697 2191 Que
1722 2154 1841 2181 autem
1863 2148 1911 2181 sit
1935 2148 2059 2193 porcio
2081 2148 2191 2181 unius
2212 2148 2316 2190 socii,
2338 2148 2376 2182 In

504 2207 767 2253 dispensatoris
788 2209 936 2243 arbitrio
958 2210 1195 2255 relinquatur.
1220 2211 1256 2244 Si
1277 2223 1363 2245 vero
1385 2213 1508 2246 socius
1529 2214 1671 2247 venerit
1692 2214 1791 2247 tarde
1808 2214 1845 2247 in
1861 2226 1971 2260 parvo
1994 2215 2161 2260 prandio,
2183 2215 2214 2248 si
2233 2214 2376 2248 venerit

504 2274 548 2307 de
578 2275 688 2308 scolis
717 2276 774 2309 vel
805 2276 848 2309 de
879 2288 1047 2309 sermone
1077 2277 1135 2310 vel
1170 2278 1214 2310 de
1245 2279 1410 2323 negociis
1440 2281 1722 2323 communitatis,
1752 2281 1881 2315 habeat
1907 2281 2135 2327 integraliter
2162 2281 2374 2327 porcionem

504 2352 623 2383 suain·⁷
647 2342 677 2374 si
697 2354 783 2376 vero
805 2343 849 2375 de
870 2343 1035 2388 negociis
1056 2344 1228 2389 propriis,
1250 2344 1380 2378 habeat
1399 2358 1540 2391 panem.

594 2409 681 2440 Item
709 2409 740 2441 si
767 2409 897 2454 aliquis
924 2410 1047 2443 socius
1073 2411 1274 2445 comederit
1299 2412 1337 2444 in
1364 2412 1475 2446 bursa
1499 2426 1520 2447 v
1546 2413 1677 2447 diebus
1702 2415 1760 2448 vel
1785 2415 2033 2460 paucioribus,
2065 2415 2134 2448 erit
2159 2414 2315 2460 hospes;
2341 2413 2374 2447 si

504 2486 589 2507 vero
611 2475 775 2507 comedat
794 2475 830 2508 in
850 2475 947 2517 villa,
970 2489 1042 2509 non
1064 2477 1184 2510 minus
1205 2478 1321 2512 solvat
1341 2491 1447 2524 quam
1469 2480 1499 2513 si
1519 2481 1743 2515 comedisset
1762 2482 1799 2514 in
1820 2482 1940 2515 domo.

594 2542 682 2573 Item
704 2548 1020 2587 quantumcunque
1046 2543 1177 2588 aliquis
1205 2545 1328 2578 socius
1353 2546 1518 2580 comedat
1541 2547 1579 2580 in
1603 2547 1700 2590 villa,
1722 2548 1818 2582 dicat
1843 2548 1911 2582 hoc
1935 2548 1993 2583 vel
2013 2560 2088 2582 non
2108 2548 2203 2582 dicat
2221 2547 2369 2590 familie,

506 2605 621 2638 solvat
640 2613 748 2638 totam
769 2607 914 2640 bursam
934 2609 1104 2642 videlicet
1123 2617 1159 2643 et
1179 2623 1366 2654 excessus,
1388 2619 1423 2646 et
1442 2613 1510 2646 hoc
1532 2621 1570 2647 ut
1588 2615 1679 2648 socii
1696 2622 1885 2648 arceantur
1904 2627 1923 2648 a
1942 2615 2125 2660 frequenti
2146 2614 2370 2648 comestione

505 2671 543 2703 in
562 2671 657 2704 villa.

595 2739 682 2770 Item
705 2750 830 2771 omnes
856 2738 1011 2773 habeant
1037 2743 1318 2786 supertunicalia
1338 2745 1473 2789 clausa,
1500 2759 1566 2781 nec
1592 2748 1747 2782 habeant
1771 2749 1968 2782 forraturas
1990 2749 2034 2782 de
2055 2748 2154 2782 vario
2175 2747 2234 2782 vel
2254 2748 2370 2793 grisio

505 2803 563 2837 vel
584 2804 628 2836 de
650 2804 802 2837 cendato
823 2804 936 2837 rubeo
958 2806 1034 2839 sive
1057 2807 1161 2841 viridi
1183 2809 1219 2842 in
1241 2813 1501 2856 supertunicali
1521 2814 1579 2847 vel
1600 2815 1762 2860 capuciO.

594 2870 680 2903 Item
705 2870 828 2903 ffllllUS
855 2870 982 2904 habeat
1008 2873 1186 2908 sotulares
1207 2877 1263 2909 vel
1289 2885 1409 2912 vestes
1435 2880 1628 2924 notabiles,
1654 2894 1719 2927 per
1739 2882 1837 2927 quod
1858 2882 1976 2927 possit
1994 2881 2116 2928 aliquo
2137 2882 2245 2916 modo
2267 2894 2371 2916 scan-

505 2937 624 2970 dalum
646 2937 825 2982 generari.

628 2995 667 3018 64.
