2580 3528
253 431 351 473 1256]
591 441 638 463 ΑΒ
671 441 778 463 ,iuno
811 440 890 463 mcc
924 439 1058 468 usone
1094 439 1142 461 An
1178 439 1407 461 rumorum
1442 439 1483 461 1v
1517 439 1605 462 nnc..
1644 440 1779 462 rame.
2058 433 2124 466 319

251 515 350 561 quod
378 497 542 560 tempore
567 514 666 560 pacis
691 525 875 559 nunquam
900 513 1040 559 largius
1069 513 1256 558 provisum
1281 513 1350 546 fuit
1373 513 1410 545 in
1437 513 1657 546 necessariis
1687 513 1884 547 Parisicnsi
1914 516 2123 556 conventui,

250 581 346 616 sicut
364 581 498 615 dicitur
515 581 631 614 fuisse
650 581 782 614 sactum
803 586 967 626 tempore
985 579 1231 613 tribulationis
1252 579 1330 613 sive
1351 579 1620 625 persecutionis
1641 579 1885 625 supradicte³;
1905 581 1987 625 quia
2004 587 2124 614 tantus

249 647 318 682 fuit
340 659 543 682 concursus
567 647 786 681 secularium
811 646 856 680 ad
881 658 1072 680 sermones
1097 652 1134 680 et
1156 645 1329 692 generale
1358 645 1556 691 capitulum
1581 658 1698 691 nuper
1724 645 1858 679 ibidem
1887 646 2122 689 celebratum,

248 720 345 748 tanta
368 713 528 748 visitatio
553 725 671 760 nuper
695 714 916 747 Francorum
942 713 1055 758 regis,
1082 712 1318 758 prelatorum,
1340 712 1545 758 principum
1568 719 1604 746 et
1622 719 1871 758 magnatorum
1900 725 2125 747 recomman-

249 780 411 814 dantium
433 791 472 814 se
492 780 623 814 devote
644 779 872 814 orationibus
891 780 1055 821 fratrum,
1077 779 1175 825 quod
1197 791 1381 825 nunquam
1402 779 1501 812 aliud
1521 779 1716 825 capitulum
1744 791 1824 813 cum
1853 786 1946 813 tanta
1966 779 2125 825 solemp-

249 847 360 881 nitate
382 847 541 881 vidimus
565 846 756 880 celebrari.
784 846 856 880 Sed
883 853 918 880 et
942 845 1098 892 reliquie
1122 845 1217 880 beati
1243 846 1340 879 Petri
1365 846 1546 892 Martyris,
1569 853 1740 892 presente
1766 858 1853 892 rege
1879 859 1959 880 cum
1985 846 2125 880 archie-

249 914 411 960 piscopis
439 920 476 947 et
508 913 692 959 episcopis
726 913 864 955 multis,
893 912 1122 959 principibus
1152 919 1187 946 et
1215 913 1341 959 populi
1376 913 1608 946 multitudine
1642 913 1803 959 copiosa,
1835 920 1957 958 preter
1986 925 2123 947 morem

249 980 491 1014 Parisiensem
513 992 594 1014 cum
615 986 711 1014 tanta
731 986 816 1014 tune
836 980 1012 1025 temporis
1034 986 1178 1026 recepte
1200 986 1286 1013 sunt
1305 979 1500 1013 devotione
1526 986 1562 1013 et
1584 980 1801 1021 reverentia,
1823 979 1921 1025 quod
1941 980 2001 1014 vix
2020 986 2124 1014 antea

249 1047 350 1080 credi
379 1046 571 1093 potuisset.
601 1046 659 1080 Sic
688 1058 762 1080 non
792 1045 1022 1080 obliviscitur
1051 1047 1156 1080 Pater
1180 1045 1513 1079 misericordiarum
1539 1046 1617 1080 suis
1643 1053 1726 1092 post
1750 1053 1999 1092 tempestatem
2027 1054 2125 1080 tran-

249 1112 402 1159 quillum
422 1113 554 1154 facere,
577 1119 613 1146 et
631 1112 919 1147 consolationem
941 1112 1123 1146 adducere
1144 1119 1227 1158 post
1247 1112 1430 1146 dolorem‘
1437 1139 1502 1146 .....
1519 1114 1595 1146 Vos
1623 1119 1755 1154 autem,
1774 1113 1904 1147 fratres
1929 1113 2123 1155 carissimi,

249 1180 311 1226 qui
335 1191 402 1214 vos
427 1179 471 1213 ad
496 1179 758 1213 transeundum
784 1179 828 1213 ad
854 1186 1042 1213 extraneas
1068 1179 1235 1213 nationes
1257 1186 1292 1212 et
1311 1179 1354 1213 ad
1375 1179 1582 1225 linguarum
1608 1179 1767 1213 studium
1795 1179 2027 1213 subeundum
2052 1187 2122 1214 tam

249 1246 379 1281 devote
412 1246 616 1280 voluntarie
650 1245 848 1287 obtulistis,
885 1258 1039 1291 quorum
1072 1245 1115 1279 ad
1150 1257 1303 1291 presens
1337 1245 1519 1279 desideria
1552 1257 1625 1279 non
1658 1246 1868 1292 implentur,
1900 1258 1990 1292 rogo
2025 1247 2123 1292 quod

249 1313 427 1359 patienter
455 1304 590 1347 feratis.
612 1314 724 1346 Tanta
751 1312 847 1346 enim
876 1311 1070 1345 multitudo
1100 1312 1168 1346 suit
1194 1324 1233 1345 se
1260 1312 1489 1345 offerentium
1519 1312 1563 1345 ad
1592 1312 1795 1358 predictum
1825 1313 1936 1358 quod,
1965 1313 2051 1347 licet
2079 1314 2123 1347 ad

247 1378 317 1413 hoc
343 1379 418 1413 sint
443 1379 567 1425 plures
594 1379 784 1424 assumpti,
811 1390 940 1412 omnes
967 1387 1086 1412 tamen
1112 1378 1261 1412 instanti
1287 1379 1505 1412 necessitate
1535 1379 1734 1412 necessarii
1762 1391 1835 1412 non
1862 1379 2020 1413 fuerunt.
2046 1381 2124 1414 Vos

247 1444 360 1492 igitur
388 1457 454 1492 per
482 1445 614 1479 honam
642 1457 728 1491 erga
756 1446 871 1479 Deum
897 1444 1118 1479 voluntatem
1148 1444 1398 1478 indubitanter
1429 1444 1581 1478 multum
1613 1445 1781 1478 meritum
1811 1446 2032 1491 acquisistis.
2065 1447 2123 1480 Me

246 1523 392 1546 servum
418 1518 579 1547 vestrum
610 1511 734 1546 multis
763 1518 913 1558 propter
936 1523 1003 1546 vos
1030 1511 1235 1557 expositum
1268 1511 1455 1557 periculis,
1487 1511 1659 1557 precibus
1688 1512 1821 1545 vestris
1851 1513 2120 1546 recommendo.

247 1579 376 1614 Sciatis
399 1578 512 1625 igitur
531 1590 640 1612 cccxx
659 1579 789 1612 fratres
814 1577 882 1611 hoc
908 1590 1002 1612 anno
1028 1578 1207 1624 migrasse
1228 1578 1272 1611 ad
1293 1578 1502 1621 Dominum,
1524 1590 1679 1624 quorum
1701 1585 1787 1612 sunt
1806 1578 1928 1612 obitus
1948 1591 2066 1624 nuper
2085 1580 2122 1613 in

245 1644 403 1691 capitulo
423 1645 598 1691 preterito
619 1645 770 1679 recitati.
789 1645 841 1678 Ex
861 1643 996 1691 quibus
1017 1644 1089 1678 duo
1109 1657 1128 1678 a
1148 1645 1301 1691 paganis
1322 1651 1408 1678 sunt
1427 1657 1494 1691 pro
1509 1644 1651 1690 justitia
1670 1645 1869 1686 interfecti3
1892 1645 1964 1679 duo
1985 1658 2003 1679 a
2025 1646 2122 1679 Sara-

245 1711 348 1746 cenis
372 1711 564 1758 decapitati
593 1717 679 1745 sunt
704 1711 743 1744 in
772 1718 867 1745 terra
895 1717 1030 1753 sancta,
1061 1723 1216 1757 quorum
1247 1723 1315 1745 nos
1345 1711 1573 1745 orationibus
1603 1711 1719 1757 magis
1749 1723 1854 1757 quam
1885 1712 1956 1758 ipsi
1986 1713 2123 1746 nostris

245 1778 397 1812 forsitan
435 1777 657 1824 indigemus.
693 1779 792 1812 Bene
830 1777 958 1812 valete.
995 1779 1123 1812 Datum
1156 1778 1318 1812 Parisius
1350 1790 1445 1811 anno
1474 1778 1619 1812 Domini
1649 1779 1701 1811 M⁰
1713 1778 1772 1812 CC
1785 1779 1861 1812 LVI
1889 1779 1926 1812 in
1953 1779 2122 1825 Capitulo

246 1844 423 1892 generali.

342 1943 390 1967 Hs.
411 1943 486 1967 Rom.
501 1942 584 1975 Cepp.
606 1943 722 1975 general.
739 1942 803 1967 Ord.
819 1943 912 1967 Pracd.
934 1943 967 1966 nd
988 1942 1051 1967 Ord.
1072 1942 1215 1974 pertinens.
1233 1943 1313 1967 Deest
1330 1943 1356 1966 in
1374 1943 1560 1975 compilatione
1575 1943 1658 1975 Capp.
1678 1944 1794 1975 general.
1811 1952 1826 1967 u
1841 1943 1976 1967 Bernordo
1995 1943 2124 1967 Guidonis

247 1988 325 2012 tactu.

340 2071 363 2096 1.
378 2071 443 2096 Vide
457 2071 597 2104 epistolem
612 2080 655 2096 nn.
671 2072 733 2096 1255
746 2072 818 2104 apud
833 2072 957 2100 Man-tene,
977 2071 1056 2097 Thes.
1070 2077 1135 2096 nov.
1150 2073 1256 2100 anecd.¹
1274 2071 1315 2100 lv,
1332 2072 1401 2096 1706.
1413 2085 1444 2090 -
1459 2073 1481 2096 2.
1499 2071 1627 2104 Deceptus
1643 2075 1691 2096 est.
1708 2072 1772 2096 Vide
1786 2072 1856 2096 infru
1871 2077 1900 2096 n⁰
1917 2073 1970 2096 311.
1983 2087 2013 2091 —-
2023 2074 2047 2097 3.
2059 2073 2124 2097 Con-

247 2106 359 2139 trerl'um
373 2115 467 2140 scribit
479 2116 572 2141 luith.
585 2115 681 2145 Parim,
693 2116 766 2142 Hm.
779 2116 860 2147 mai„
876 2116 918 2140 ed.
931 2116 1028 2145 Lusi-d,
1042 2116 1072 2145 V,
1087 2117 1142 2145 59⁹,
1159 2115 1368 2140 Mendicnntibus
1383 2116 1490 2140 omnino
1505 2116 1621 2140 offensus
1637 2124 1643 2140 :
1661 2125 1673 2140 «
1689 2116 1869 2141 Subsunnnvit
1883 2118 2008 2150 populus,
2024 2117 2122 2142 elemo-

246 2167 327 2192 synas
340 2162 480 2184 consume
494 2160 684 2190 subtsahendo,
695 2168 792 2185 vocans
807 2169 852 2185 eos
866 2160 1029 2193 hypocritas,
1040 2159 1190 2184 antichristi
1205 2168 1372 2185 successores
1388 2160 1482 2191 (nuntii
1490 2161 1517 2194 Ρ),
1527 2161 1810 2193 pseudopredicutores
1822 2169 1844 2190 υ,
1859 2165 1910 2188 etc.
1922 2175 1953 2180 —
1962 2163 1985 2186 4.
1998 2162 2123 2194 Sequitur

247 2203 340 2228 notitia
354 2203 387 2228 de
401 2203 478 2228 libris
490 2204 624 2237 liturgicis
638 2204 756 2230 Ordinis.

246 2368 359 2407 280.
381 2378 550 2406 Alexander
564 2380 608 2406 ιν
618 2379 647 2406 in
661 2378 767 2406 litteris
781 2379 823 2406 ad
836 2379 1029 2415 Reginatdum
1044 2381 1209 2417 episcopum
1223 2381 1419 2407 Parieiensem
1434 2379 1554 2407 directis
1569 2380 1801 2416 compositionem
1817 2380 1891 2406 inter
1904 2382 2013 2415 fratres
2028 2381 2119 2407 Prae-

333 2426 479 2454 dicatam
499 2430 527 2454 et
546 2427 700 2463 magistron
717 2428 901 2456 parisiense·
920 2428 1022 2455 initam
1042 2428 1187 2466 reprobat,
1207 2428 1386 2456 Guiuelmum
1406 2428 1443 2455 de
1463 2430 1491 2455 S.
1512 2429 1625 2462 Amore,
1646 2427 1771 2455 Odonem
1790 2428 1827 2455 de
1841 2430 1949 2464 υκαι-ο,
1968 2428 2119 2456 Nt'colaum

334 2475 371 2503 de
395 2477 488 2503 Bau-ro
507 2485 596 2514 super
615 2476 730 2512 Albam,
757 2476 1008 2514 Christianumque
1027 2481 1166 2514 tanquam
1186 2478 1385 2504 contumaciae
1402 2478 1534 2512 fautores
1555 2476 1686 2503 omnibus
1708 2477 1900 2512 dignitatibus
1923 2482 1950 2505 et
1972 2477 2119 2514 beneficiis

334 2519 539 2548 occteniastieis
560 2521 667 2558 privat,
692 2530 762 2558 quos
784 2521 820 2548 de
842 2530 928 2557 regno
948 2522 1090 2548 Franciae
1111 2521 1243 2557 amoveri,
1268 2525 1434 2557 ceter-oeque
1454 2521 1607 2556 magistros
1627 2522 1658 2547 ni
1672 2525 1801 2558 pareant
1821 2525 1850 2549 et
1870 2522 1956 2549 dictis
1974 2522 2118 2557 fratribus

334 2569 460 2606 ipsorum
475 2570 617 2596 coneoreio
632 2569 815 2603 interdicant,
833 2570 1075 2598 excommunicari
1083 2570 1175 2607 jubet.

1469 2619 1546 2650 1266,
1560 2619 1631 2646 danii
1643 2620 1682 2650 17,
1697 2619 1832 2653 Anacutas.

334 2691 540 2727 Alexander
572 2693 769 2740 episcopus
802 2705 933 2728 servus
967 2705 1156 2728 servorum
1193 2693 1259 2727 Dei
1292 2692 1493 2727 venerabili
1526 2693 1626 2728 fratri
1659 2720 1680 2727 ..
1711 2694 1886 2741 episcopo
1920 2695 2117 2731 Parisiensi

245 2757 397 2792 salutem
418 2764 454 2792 et
477 2758 711 2805 apostolicam
738 2759 1045 2794 benedictionem.
1064 2755 1224 2805 lCunctis
1250 2759 1487 2806 processibus
1512 2766 1548 2794 et
1567 2760 1861 2795 ordinationibus
1881 2761 1939 2795 vel
1959 2762 2117 2804 statutis,

244 2834 316 2870 que
335 2823 470 2858 malitie
490 2831 577 2859 sunt
595 2825 701 2872 plena
726 2825 872 2860 tribulis
899 2833 935 2860 et
958 2826 1088 2861 ordine
1113 2826 1271 2860 carentia
1292 2826 1457 2868 rationis,
1483 2826 1542 2860 vel
1562 2838 1634 2873 que
1653 2826 1853 2873 apostolice
1874 2828 1975 2861 sedis
1994 2835 2118 2863 aucto-

245 2889 340 2925 ritati
360 2890 539 2938 derogent
557 2898 594 2926 et
611 2891 747 2927 multos
766 2892 903 2928 Christi
924 2892 1054 2927 fideles
1074 2893 1273 2928 enormiter
1298 2893 1554 2935 scandalizant,
1580 2905 1619 2928 ac
1645 2893 1682 2927 in
1707 2893 1830 2928 divine
1857 2893 1951 2940 legis
1972 2901 2115 2929 vertunt

239 2956 484 3002 ‘prejudicium
514 2963 551 2992 et
575 2958 727 2993 evidens
753 2959 942 2994 continent
969 2959 1170 3006 periculum
1198 2960 1412 3002 animarum,
1441 2966 1608 3006 prompto
1635 2960 1766 3006 spiritu
1793 2959 1971 2994 debemus
1995 2960 2116 2995 obsis-
