2580 3528
467 381 532 413 484
1041 382 1359 407 CHARTULARIUM
1396 379 1583 402 UNIVERS.
1621 378 1752 400 pinnis.
2237 366 2336 406 [1270

467 505 580 542 430.
604 513 761 539 Ludovicus
778 513 825 546 IX,
844 520 895 538 rex·
912 513 1090 544 Francorum,
1109 509 1148 534 nd
1164 507 1362 544 praepositum
1382 505 1576 531 Par-islensem
1592 503 1626 529 de
1642 502 1835 537 scholaribus,
1854 503 1903 538 qui
1918 501 2061 528 mercedes
2077 501 2266 538 hospitiorum
2281 509 2337 527 non

555 562 759 599 persolverunt.

1661 601 1826 631 1226-1270,
1842 601 1911 633 apud
1922 600 2052 627 Aenos-ias.

559 685 765 718 Ludovicus
800 684 864 716 Dei
895 682 1007 728 gratia
1038 682 1255 713 Francorum
1288 690 1349 711 rex
1379 677 1565 722 preposito
1596 675 1793 709 Parisiensi
1828 675 1993 709 salutem.
2029 674 2243 707 Mandamus
2274 673 2339 707 tibi

471 753 639 797 quatinus
661 751 819 784 scolares
841 749 1064 782 Parisienses
1086 758 1159 779 non
1180 745 1359 789 astringas
1381 756 1447 777 nec
1469 743 1612 789 plegios
1634 743 1845 776 eorumdem
1866 742 1910 775 ad
1932 741 2128 775 solvendas
2150 740 2339 774 mercedes

469 818 714 864 hospiciorum
738 828 807 861 que
829 815 989 848 nundum
1012 813 1213 858 appreciata
1233 812 1390 844 suerunt.
1415 810 1485 844 Sed
1507 810 1538 843 si
1558 810 1652 842 bona
1674 809 1850 843 securitas
1872 809 1916 841 de
1941 807 2188 853 predictorum
2213 807 2340 853 hospi-

469 886 604 918 ciorum
641 882 869 916 mercedibus
902 893 974 913 non
1013 880 1058 912 sit
1093 880 1183 920 data,
1225 878 1355 911 bonam
1400 889 1511 922 super
1558 876 1629 910 hiis
1676 876 1907 910 securitatem
1947 874 2115 920 recipiaS,
2158 880 2194 907 et
2238 874 2340 920 ipsos

470 951 628 984 scolares
654 956 689 982 et
714 960 837 981 eorum
863 947 1005 992 plegios
1032 957 1142 991 super
1168 945 1238 978 hiis
1260 945 1376 977 donec
1405 944 1567 977 Parisius
1595 943 1804 976 venerimus
1831 943 1869 975 in
1898 953 1985 988 pace
2013 940 2183 974 dimittas.
2211 940 2341 975 Actum

469 1017 563 1062 apud
584 1017 744 1048 Asneres
765 1026 858 1047 anno
880 1013 1023 1046 Domini
1045 1012 1239 1045 millesimo
1261 1011 1335 1045 CC⁰
1346 1012 1484 1044 XXIIII
1499 1011 1522 1052 ¹,
1545 1022 1671 1044 mense
1692 1010 1840 1043 Marcio.

562 1113 688 1138 chartul.
703 1112 803 1142 facult.
819 1112 925 1135 Decret.
943 1111 969 1134 in
985 1110 1052 1134 Bibl.
1070 1111 1159 1133 Arsen.
1178 1110 1272 1138 Paris„
1289 1118 1338 1133 ms.
1355 1109 1425 1138 1121,
1443 1109 1487 1133 fol.
1504 1109 1558 1132 182.

560 1198 581 1220 1.
601 1197 643 1220 Sic
658 1197 684 1219 in
699 1205 758 1223 ms„
774 1196 819 1219 ubi
834 1196 897 1219 haec
912 1195 1003 1218 charta
1019 1195 1129 1218 alterum
1143 1199 1172 1217 n⁰
1186 1195 1233 1217 429
1247 1194 1353 1222 editam,
1370 1201 1436 1226 quae
1451 1194 1478 1217 in
1495 1201 1543 1216 ms.
1558 1196 1619 1225 post
1633 1193 1805 1225 privilegium
1820 1193 1946 1217 Ludovici
1962 1194 1996 1217 IX
2011 1202 2054 1217 an.
2071 1194 2132 1217 1229
2151 1195 2243 1226 (supra
2255 1198 2284 1217 11⁰
2298 1195 2340 1225 66)

465 1243 551 1265 locum
566 1245 643 1269 tenet,
659 1241 762 1271 excipit.
780 1241 856 1263 Falsa
869 1239 995 1270 temporis
1011 1242 1072 1262 nota
1087 1238 1147 1261 huic
1162 1239 1317 1261 documento
1333 1238 1456 1270 apposita
1471 1241 1519 1261 est.
1536 1238 1582 1261 Vel
1596 1237 1650 1269 legi
1666 1238 1743 1261 debet
1758 1237 1954 1266 MCCXXVIIII,
1975 1238 2013 1261 ita
2034 1241 2064 1261 ut
2083 1238 2116 1261 ad
2136 1238 2260 1262 Martium
2280 1238 2342 1262 12³0

467 1286 621 1309 ascribenda
637 1285 671 1308 sit
684 1287 735 1315 (an.
752 1286 812 1308 1230
827 1284 974 1308 Ludovicus
990 1292 1041 1307 non
1057 1283 1137 1307 semel
1153 1284 1223 1315 apud
1243 1283 1365 1307 Asnerias
1382 1283 1544 1311 morabatur,
1565 1285 1594 1306 ut
1614 1282 1699 1314 liquet
1717 1291 1731 1306 e
1753 1282 1818 1307 Rec.
1836 1284 1884 1307 des
1902 1283 2060 1308 Historiens
2074 1284 2120 1308 des
2137 1283 2252 1312 Gaulas,
2274 1283 2341 1312 XXI,

466 1330 530 1360 409),
547 1331 587 1353 vel
610 1330 642 1353 ad
660 1338 741 1353 annos
761 1329 929 1361 posterioreS,
951 1330 1016 1352 sorte
1035 1329 1067 1351 ad
1087 1328 1157 1351 idem
1172 1328 1276 1351 circiter
1290 1331 1394 1359 tempus
1415 1336 1445 1350 ac
1464 1327 1556 1351 charta
1575 1327 1745 1358 praecedens.
1768 1328 1851 1359 Aegre
1871 1327 1999 1351 concedas
2017 1336 2075 1351 eam
2095 1335 2110 1351 a
2129 1327 2261 1352 Ludovico
2281 1328 2341 1352 vm

467 1383 611 1398 emanasse.

467 1545 602 1582 4303.
629 1555 836 1580 Testamentum
856 1552 990 1579 Ludovici
1005 1554 1052 1588 IX,
1071 1554 1146 1588 regis
1166 1554 1349 1587 Francorum,
1368 1553 1397 1579 in
1421 1561 1476 1589 quo
1497 1552 1671 1588 quibusdam
1692 1553 1875 1579 monasteriis
1892 1552 2090 1587 religiosorum
2111 1556 2138 1579 et
2158 1551 2340 1580 scholaribus

557 1603 681 1629 Parisiis
697 1602 900 1629 exsistentibus
913 1602 1052 1638 providet.

1590 1652 1666 1681 1270,
1680 1659 1769 1678 mense
1781 1651 1925 1681 Februario,
1942 1651 2055 1678 Parisiis.

559 1729 600 1760 In
625 1727 770 1760 nomine
791 1733 913 1760 sancte
934 1733 970 1760 et
988 1726 1176 1760 individue
1197 1727 1397 1769 Trinitatis,
1419 1738 1535 1760 amen.
1559 1726 1767 1760 Ludovicus
1788 1727 1854 1759 Dei
1877 1727 1991 1772 gratia
2018 1728 2240 1760 Francorum
2265 1738 2340 1760 rex.

469 1795 599 1827 Notum
624 1794 774 1827 facimus
795 1794 893 1839 quod
913 1805 980 1827 nos
1002 1806 1066 1839 per
1086 1794 1153 1827 Dei
1173 1794 1324 1840 gratiam
1346 1794 1423 1827 sani
1445 1801 1481 1827 et
1500 1793 1704 1827 incolumes
1725 1800 1980 1827 testamentum
2006 1800 2171 1827 nostrum
2197 1794 2343 1827 ordina-

469 1861 587 1895 vimus
625 1861 662 1893 in
701 1861 795 1893 hunc
835 1861 994 1893 modum.
1030 1861 1208 1895 Volumus
1248 1861 1394 1906 quidem
1429 1868 1465 1894 et
1502 1861 1725 1906 precipimus
1764 1860 1862 1906 quod
1901 1861 2020 1894 omnia
2061 1860 2181 1893 debita
2220 1867 2343 1894 nostra

472 1927 669 1967 solvantur,
698 1934 732 1960 et
759 1927 856 1972 quod
884 1927 1003 1960 omnia
1028 1928 1211 1960 forisfacta
1236 1934 1360 1961 nostra
1388 1927 1642 1969 emendentur,
1670 1934 1706 1960 et
1731 1927 1818 1960 fiant
1846 1927 2097 1960 restitutiones
2125 1933 2250 1960 nostre
2278 1939 2344 1972 per

473 2001 683 2027 executores
703 1994 811 2038 hujus
833 1995 1036 2027 testamenti
1057 1995 1210 2027 inferius
1232 1995 1436 2028 nominatos
1458 2006 1522 2040 per
1543 2006 1582 2027 se
1602 1994 1660 2028 vel
1681 2006 1746 2039 per
1766 1994 1871 2035 alios,
1894 1994 2097 2027 secundum
2123 1994 2221 2040 quod
2241 1994 2343 2027 vide-

472 2061 545 2093 rint
578 2061 760 2106 expedire.
797 2061 937 2104 Quibus
972 2061 1003 2094 si
1036 2062 1113 2094 visa
1147 2062 1282 2094 suerint
1311 2061 1429 2106 aliqua
1459 2061 1569 2094 dubia
1597 2060 1655 2094 vel
1685 2060 1853 2102 obscura,
1886 2061 2014 2094 damus
2044 2061 2098 2094 eis
2127 2067 2342 2106 potestatem

474 2127 663 2160 ordinandi
685 2134 720 2160 et
738 2128 892 2160 faciendi
912 2140 1024 2172 super
1044 2127 1128 2170 hiis,
1150 2135 1258 2173 prout
1278 2128 1439 2173 inspecta
1461 2127 1576 2161 salute
1596 2128 1714 2160 anime
1734 2134 1858 2160 nostre
1879 2127 2038 2161 viderint
2057 2127 2275 2160 faciendum.

562 2195 739 2239 Legamus
773 2201 889 2227 aulem
924 2195 1111 2227 carissime
1147 2195 1250 2227 uxori
1285 2201 1409 2227 nostre
1439 2194 1632 2240 Margarite
1662 2194 1789 2240 regine
1820 2201 1974 2239 quatuor
2009 2194 2120 2227 millia
2155 2194 2342 2228 librarum.

473 2260 625 2293 Abbatie
665 2267 788 2293 nostre
828 2261 972 2306 Regalis
1007 2261 1142 2294 Montis
1176 2268 1364 2294 sexcentas
1403 2261 1527 2294 libras.
1563 2261 1693 2294 Libros
1727 2273 1813 2295 vero
1853 2268 2013 2302 nostros,
2050 2273 2142 2306 quos
2181 2267 2344 2306 tempore

476 2327 649 2360 decessus
670 2327 784 2360 nostri
806 2328 841 2359 in
864 2328 1010 2360 Francia
1031 2327 1258 2370 habebimus,
1282 2335 1402 2373 preter
1423 2328 1506 2361 illos
1528 2328 1589 2373 qui
1610 2328 1653 2361 ad
1674 2340 1780 2361 usum
1802 2328 1940 2373 capelle
1961 2328 2156 2373 pertinent,
2178 2327 2344 2373 legamus

475 2393 645 2426 fratribus
686 2394 978 2427 Predicatoribus
1019 2401 1054 2427 et
1092 2394 1264 2427 fratribus
1306 2395 1510 2428 Minoribus
1550 2395 1723 2435 Parisius,
1763 2394 1904 2428 abbatie
1947 2394 2094 2440 Regalis
2134 2394 2269 2427 Montis
2310 2400 2346 2427 et

476 2459 646 2492 fratribus
675 2460 966 2493 Predicatoribus
992 2461 1207 2506 Compendii
1235 2462 1435 2494 secundum
1462 2462 1718 2495 discretionem
1747 2469 1781 2494 et
1807 2461 2079 2494 ordinacionem
2110 2467 2343 2494 executorum

479 2532 684 2558 nostrorum
715 2526 850 2558 eisdem
883 2527 986 2571 equis
1020 2527 1256 2572 porcionibus
1288 2528 1519 2570 dividendos,
1547 2535 1669 2574 preter
1698 2528 1782 2562 illos
1811 2528 1939 2570 libros,
1973 2540 2065 2573 quos
2095 2528 2181 2561 dicti
2214 2528 2343 2561 fratres

479 2591 727 2624 Predicatores
748 2592 961 2637 Compendii
977 2594 1050 2638 jam
1071 2594 1245 2627 habent...
1269 2596 1356 2628 Item
1379 2595 1543 2641 legamus
1564 2596 1687 2628 domui
1708 2596 1855 2628 fratrum
1878 2595 2061 2628 Minoruin
2083 2594 2343 2627 Parisiensium

481 2657 782 2701 quadringentas¹
806 2658 928 2691 libras.
951 2659 1043 2692 Aliis
1063 2667 1179 2693 autem
1202 2661 1371 2694 domibus
1391 2663 1539 2695 fratrum
1562 2663 1742 2695 Minorum
1764 2663 1801 2695 in
1823 2674 1937 2707 regno
1963 2661 2112 2694 Francie
2137 2660 2345 2693 constitutis

481 2735 545 2768 per
570 2723 761 2756 consilium
789 2731 823 2756 et
847 2725 1115 2758 ordinacionem
1143 2728 1297 2760 ministri
1325 2729 1558 2773 provincialis
1585 2730 1746 2770 Francie,
1774 2740 1917 2761 necnon
1943 2727 2108 2773 gardiani
2135 2733 2170 2760 et
2196 2726 2345 2760 lectoris

481 2789 653 2830 Parisius,
682 2790 741 2834 qui
770 2802 833 2834 pro
862 2797 1022 2835 tempore
1049 2793 1195 2835 suerint,
1222 2794 1279 2827 vel
1308 2794 1461 2827 duorum
1490 2807 1533 2828 ex
1563 2796 1666 2841 ipsis,
1693 2802 1881 2828 sexcentas
1909 2793 2034 2827 libras.
2063 2794 2152 2826 Item
2179 2793 2344 2838 legamus

482 2855 605 2888 domui
638 2856 785 2888 fratrum
816 2856 1083 2890 Predicatorum
1119 2859 1377 2893 Parisiensium
1412 2862 1696 2907 quadringentas
1731 2861 1855 2895 libras.
1891 2860 1986 2894 Aliis
2021 2866 2139 2893 autem
2174 2859 2344 2893 domibus

482 2923 629 2955 fratrum
655 2922 922 2955 Predicatorum
949 2923 985 2955 in
1011 2935 1124 2968 regno
1150 2926 1298 2959 Francie
1320 2928 1526 2961 constitutis
1548 2940 1612 2974 per
1636 2928 1905 2961 ordinacionem
1934 2934 1967 2960 et
1993 2926 2184 2960 consilium
2212 2926 2346 2971 prioris
