2580 3528
481 370 548 402 344
823 398 826 401 .
1066 380 1384 402 CHARTULARHJM
1419 380 1611 403 univimus.
1649 381 1778 403 ranis.
2259 371 2358 412 [1256

481 453 609 486 sedula
638 453 744 487 vobis
773 453 908 487 ibidem
940 453 1103 487 subsidia
1134 454 1178 487 de
1206 454 1284 487 suis
1312 454 1542 487 facultatibus
1571 454 1860 496 subministrant,
1890 454 2147 488 subtrahentes
2174 454 2357 488 interdum

481 519 565 561 sibi,
588 527 627 553 ut
647 520 792 566 plenius
813 521 957 566 possint
974 521 1108 554 vestris
1129 520 1409 554 necessitatibus
1431 520 1641 562 subvenire,
1663 521 1761 566 quod
1782 521 1872 554 inibi
1894 528 2061 567 tanquam
2083 521 2121 554 in
2141 521 2358 555 odoramen-

481 593 599 620 torum
629 586 835 620 delectabili
866 587 1033 632 paradiso
1064 599 1143 620 cum
1173 587 1341 620 aviditate
1371 587 1537 632 legentes
1565 587 1778 620 reficiamini
1800 588 1940 633 jugiter
1967 587 2141 622 suavibus
2169 595 2204 621 et
2230 588 2357 622 electis
2405 627 2409 631 ,

479 653 598 698 epulis
630 653 843 695 litterarum,
875 653 1108 699 proficientes
1138 653 1271 686 cotidie
1297 652 1470 686 bonitatis
1499 660 1694 698 augmento
1727 660 1762 686 et
1793 661 2002 687 crescentes
2028 654 2065 687 in
2089 655 2189 688 viros
2215 667 2355 688 morum

477 719 667 753 honestate
701 721 925 765 compositos
960 726 995 752 et
1029 720 1261 752 scientiarum
1297 719 1507 764 cognitione
1543 720 1739 764 perfectos,
1780 726 1818 753 ut
1852 720 1995 754 tandem
2030 721 2133 754 labor
2165 728 2288 755 vester
2322 728 2358 755 et

478 787 638 819 studium
669 787 712 819 ad
741 786 883 819 laudem
915 786 979 818 Dei
1009 793 1244 830 vestrumque
1271 785 1448 818 honorem
1479 792 1514 818 et
1543 785 1774 818 commodum
1804 793 1839 819 et
1866 787 2154 832 propinquorum
2182 788 2355 834 gaudium

477 853 670 886 elucescat,
708 853 778 886 Sed
813 859 898 885 sunt
932 852 1090 897 quidam,
1126 852 1187 897 qui
1221 864 1287 885 vos
1322 852 1358 884 in
1387 852 1444 884 his
1479 852 1620 885 frivolis
1651 852 1907 886 occasionibus
1941 853 2147 888 adinventis
2176 855 2355 900 impedire

476 926 654 952 conantur
680 926 914 963 vestrumque
942 918 1159 951 laudabilem
1188 918 1225 950 in
1247 918 1358 950 studii
1381 918 1639 951 exercitatione
1665 930 1879 964 processum
1901 919 2129 953 immissione
2155 921 2299 954 dissidii
2320 928 2356 955 et

476 985 636 1018 scandali
657 986 898 1018 concitatione
921 984 1080 1026 turbare,
1103 985 1197 1017 sicut
1217 984 1288 1018 hiis
1310 984 1441 1017 diebus
1463 984 1575 1030 aliqui
1595 985 1726 1030 spiritu
1748 985 1985 1031 malignitatis
2005 986 2155 1032 impulsi
2175 987 2353 1031 feceruut,

475 1052 536 1097 qui
563 1058 694 1084 statum
723 1058 882 1084 vestrum
912 1051 1094 1096 integrum
1125 1057 1160 1083 et
1189 1050 1425 1095 tranquillum
1455 1051 1560 1084 novis
1590 1051 1795 1096 procuratis
1825 1052 2070 1086 divisionibus
2104 1053 2352 1097 immutarunt,

473 1118 696 1151 adducentes
725 1118 762 1150 in
791 1129 858 1150 vos
887 1117 1143 1150 commotionis
1175 1117 1357 1150 turbinem
1388 1124 1424 1150 et
1452 1118 1652 1151 inserentes
1687 1118 1872 1152 discordie
1906 1125 2170 1165 tempestatem,
2205 1120 2353 1155 crebras

471 1185 637 1217 faciendo
665 1184 960 1225 convocationes,
990 1196 1096 1229 prava
1124 1183 1378 1217 conventicula
1406 1184 1624 1226 ordinandO,
1656 1191 1690 1218 et
1719 1197 1785 1219 vos
1815 1186 1859 1218 ad
1890 1185 1956 1219 hec
1987 1185 2123 1231 iniquis
2149 1193 2184 1220 et
2210 1187 2352 1222 callidis

473 1250 777 1296 suggestionibus
804 1250 1062 1296 pertrahendo,
1091 1251 1138 1283 ita
1166 1251 1264 1296 quod
1289 1263 1370 1284 cum
1398 1250 1561 1284 debeatis
1587 1251 1623 1284 in
1651 1251 1797 1285 silentio
1824 1259 1860 1285 et
1885 1252 2006 1298 quiete
2032 1253 2222 1287 imminere
2247 1254 2352 1288 libris

470 1325 506 1351 et
530 1318 677 1350 lectioni
703 1329 843 1358 vacare,
870 1317 1062 1362 oportebat
1086 1329 1152 1351 vos
1179 1324 1329 1363 propter
1354 1318 1421 1351 ista
1448 1318 1569 1351 studio
1597 1318 1807 1352 intermisso
1833 1318 2055 1353 clamoribus
2076 1327 2112 1353 et
2137 1320 2351 1366 strepitibus

470 1385 665 1426 interesse,
696 1397 735 1418 ac
766 1397 831 1430 pro
861 1384 964 1417 vanis
995 1391 1031 1417 et
1060 1385 1275 1430 incongruis
1305 1384 1516 1418 tractatibus
1550 1385 1729 1418 inutiliter
1758 1386 1915 1431 evagari.
1953 1387 1990 1419 Si
2024 1398 2113 1432 ergo
2147 1387 2247 1421 viros
2280 1394 2351 1421 tam

472 1452 685 1497 pestilentes
707 1451 937 1497 corripimus,
967 1451 997 1484 si
1021 1451 1268 1484 ecclesiastica
1294 1451 1522 1485 districtione
1547 1452 1671 1485 talium
1699 1453 1936 1486 temeritatem
1963 1461 2141 1495 arcemus,
2169 1454 2199 1487 si
2220 1453 2350 1488 horum

473 1518 628 1564 maligna
662 1518 846 1551 molimina
881 1518 1080 1563 apostolica
1116 1525 1294 1563 potestate
1329 1518 1567 1560 conterimus,
1599 1519 1728 1564 impias
1758 1519 2013 1565 colligationes
2044 1520 2282 1554 dissolvimus
2315 1526 2352 1555 et

471 1585 625 1630 reproba
647 1585 798 1618 consilia
821 1585 1056 1630 dissipamus,
1080 1585 1238 1618 orditas³
1259 1585 1395 1618 malitie
1417 1597 1482 1618 sue
1503 1585 1688 1618 machinas
1709 1586 1998 1631 confringentes,
2020 1598 2064 1619 ne
2084 1586 2200 1620 libere
2220 1587 2352 1622 feriant

471 1659 506 1684 et
536 1658 797 1697 preconceptas
827 1651 984 1684 inserant
1013 1652 1175 1685 lesiones
1199 1663 1205 1684 :
1229 1652 1273 1685 de
1302 1651 1371 1685 hoc
1400 1651 1637 1685 vehementer
1666 1652 1827 1697 gaudere
1858 1652 2014 1694 debetis,
2045 1660 2080 1686 et
2108 1660 2275 1699 tanquam
2304 1654 2350 1688 de

469 1718 591 1763 magni
625 1718 794 1751 beneficii
829 1718 926 1751 dono
961 1718 1202 1751 communiter
1237 1718 1410 1760 exultare,
1448 1718 1530 1763 quia
1562 1718 1769 1752 resistendo
1798 1718 1917 1752 taliter
1946 1719 2017 1752 hiis
2046 1720 2243 1765 perversis,
2280 1720 2349 1755 etsi

469 1784 604 1817 bonum
634 1785 806 1830 generale
836 1785 991 1830 agimus,
1022 1791 1183 1819 vestrum
1215 1791 1334 1818 tamen
1365 1785 1568 1830 profectum
1599 1785 1806 1830 specialiter
1836 1797 2086 1831 procuramus.
2123 1788 2237 1820 Porro
2266 1798 2348 1821 cum

469 1851 591 1884 dilecti
619 1851 684 1884 filii
714 1852 843 1885 fratres
873 1852 1126 1885 Predicatores
1157 1858 1192 1885 et
1220 1852 1383 1885 Minores
1413 1851 1575 1885 Parisius
1604 1863 1705 1885 sacre
1734 1852 1913 1898 scripture
1941 1853 2063 1886 studio
2090 1853 2218 1886 sedule
2245 1853 2349 1887 inhe-

469 1918 583 1951 rendo
613 1918 683 1951 sibi
713 1925 748 1951 et
777 1919 857 1952 aliis
888 1919 1038 1952 multum
1070 1918 1274 1964 proficiant,
1304 1919 1463 1964 insignia
1492 1918 1586 1952 lucis
1617 1931 1726 1964 opera
1755 1919 1799 1952 de
1826 1931 1891 1952 sua
1918 1919 2283 1965 instanti=vigilantia
2313 1926 2349 1955 et

468 1985 637 2017 instantia
663 1985 763 2030 vigili
794 1986 1036 2030 proferentes,
1063 1991 1213 2030 propter
1239 1985 1337 2030 quod
1363 1997 1406 2018 ex
1431 1985 1522 2030 ipsis
1544 1985 1750 2018 Parisiense
1773 1985 1932 2018 studium
1954 1985 2091 2031 grande
2112 1993 2346 2032 augmentum

468 2051 597 2096 recipit
623 2057 665 2084 ⁴et
695 2052 864 2084 eximium
895 2058 1015 2085 vestra
1046 2052 1274 2085 Universitas
1305 2058 1556 2085 ornamentum
1570 2051 1594 2093 ⁶,
1625 2051 1812 2085 turbamur
1841 2052 2146 2097 quamplurimum
2177 2059 2212 2086 et
2239 2052 2346 2087 vobis

467 2118 572 2150 etiam
601 2118 711 2151 debet
736 2130 809 2151 non
838 2119 1018 2152 modicum
1049 2118 1259 2163 displicere,
1286 2130 1367 2151 cum
1395 2118 1507 2163 aliqui
1533 2118 1590 2151 sui
1619 2117 1730 2151 emuli
1758 2125 1888 2151 statum
1917 2119 2081 2164 ipsorum
2110 2118 2283 2152 humilem
2311 2125 2347 2153 et

467 2184 627 2229 quietum
655 2184 867 2219 subvertere
896 2185 1108 2226 moliuntur,
1136 2191 1171 2218 et
1195 2196 1260 2218 vos
1285 2185 1463 2218 adversus
1490 2177 1615 2218 eorum
1644 2185 1888 2218 innocentiam
1917 2197 2159 2227 commovere,
2189 2196 2344 2231 quorum

468 2252 629 2295 profecto
652 2251 753 2284 multi
775 2252 922 2285 suerunt
942 2264 985 2285 ex
1006 2251 1111 2285 vobis
1139 2258 1174 2284 et
1199 2251 1242 2284 de
1268 2258 1390 2285 vestro
1412 2251 1612 2293 consortio,
1636 2251 1698 2296 qui
1718 2251 1763 2284 ad
1783 2251 1952 2296 regulare
1973 2251 2170 2297 collegium
2192 2251 2346 2285 transie-

468 2324 562 2357 runt,
600 2330 827 2363 quorumque
862 2318 1144 2351 necessitatibus
1180 2318 1224 2350 de
1258 2324 1379 2351 vestre
1419 2317 1578 2353 caritatis
1612 2317 1826 2351 elemosinis
1865 2325 1900 2351 et
1938 2317 2116 2351 subsidiis
2155 2318 2346 2363 potissime

467 2384 696 2425 subvenitur,
725 2392 758 2417 et
787 2385 848 2429 qui
877 2397 942 2430 pro
967 2385 1073 2418 vobis
1101 2385 1257 2418 divinam
1285 2384 1513 2417 clementiam
1535 2384 1664 2418 devota
1690 2391 1726 2418 et
1750 2384 1896 2418 assidua
1922 2384 2187 2430 supplicatione
2213 2385 2346 2430 depos-

467 2457 564 2483 cunt.
597 2451 701 2483 Unde
733 2451 815 2496 quia
845 2451 1106 2491 intelleximus,
1138 2451 1236 2496 quod
1266 2450 1377 2496 aliqui
1407 2457 1533 2484 contra
1563 2450 1711 2484 eosdem
1742 2451 1871 2484 fratres
1901 2457 2074 2496 quantum
2103 2451 2148 2484 ad
2181 2450 2345 2495 predica·

469 2516 602 2549 tionem
639 2523 674 2550 et
706 2518 980 2551 confessionum
1015 2518 1248 2559 audientiam,
1288 2517 1557 2551 mendicitatem
1597 2517 1775 2563 ipsorum>
1802 2524 1838 2550 et
1876 2517 1996 2562 quoad
2036 2516 2104 2550 alia
2141 2517 2178 2550 in
2218 2516 2343 2559 scolis,

469 2583 792 2627 predicationibus,
828 2591 863 2617 et
896 2584 982 2617 alibi
1017 2584 1162 2630 linguas
1198 2584 1358 2617 relaxare
1393 2584 1608 2629 maliloquas
1643 2590 1958 2629 presumpserunt,
1999 2595 2072 2616 non
2111 2583 2212 2628 ipsos
2250 2583 2343 2616 forte

470 2649 627 2693 propriis
649 2650 884 2694 exprimendo
902 2651 1104 2693 vocabulis,
1127 2651 1191 2684 sed
1211 2657 1334 2696 aperte
1353 2650 1570 2696 quibusdam
1593 2649 1981 2683 circumlocutionibus
2001 2649 2110 2682 certis
2131 2649 2340 2683 innuendo:

470 2726 537 2746 nos
566 2715 805 2757 attendentes,
841 2717 938 2761 quod
974 2717 1059 2750 dicti
1089 2718 1219 2750 fratres
1249 2717 1362 2750 sacris
1393 2716 1585 2762 scripturis
1616 2723 1650 2749 et
1684 2715 1787 2749 verbi
1817 2715 1883 2749 Dei
1918 2715 2039 2748 studio
2073 2727 2112 2748 ac
2142 2715 2341 2748 animarum

470 2781 693 2825 profectibus
721 2793 863 2814 necnon
892 2782 1025 2816 divinis
1053 2783 1182 2817 officiis
1213 2790 1248 2816 et
1274 2782 1501 2816 orationibus
1528 2783 1706 2815 instanter
1733 2788 1769 2815 et
1792 2782 2019 2815 incessanter
2046 2781 2246 2819 intendant,
2275 2793 2342 2815 nec

469 2852 614 2891 torpent
638 2847 725 2889 otio,
752 2848 817 2880 sed
843 2860 953 2893 opere
981 2849 1117 2894 optimo
1143 2850 1288 2895 seipsos
1313 2849 1523 2891 exercitant,
1550 2861 1631 2882 cum
1659 2848 1835 2894 sapientia
1861 2858 1954 2894 opus
1981 2847 2110 2882 existat
2134 2847 2340 2890 maximum,

470 2924 535 2945 nec
558 2913 630 2946 sint
650 2913 765 2958 pluris
787 2915 847 2959 qui
869 2922 1065 2959 operantur
1086 2916 1258 2957 exterius,
1282 2927 1387 2961 quam
1409 2916 1470 2960 qui
1492 2915 1651 2948 studium
1673 2914 1931 2960 cognoscende
1953 2914 2150 2948 divinitatis
2172 2920 2341 2948 exercent
