2580 3528
439 362 503 395 174
1016 370 1338 392 CHARTULARIUM
1377 370 1566 392 umvnns.
1603 370 1732 393 ranis.
2217 359 2316 400 [1244

435 445 651 490 objurgatur
681 444 807 477 dicens
831 456 838 477 z
862 445 981 488 Quare
1012 456 1077 477 vos
1108 443 1406 489 transgredimini
1437 443 1643 476 mandatum
1671 444 1737 476 Dei
1765 449 1800 477 et
1828 443 1970 477 irritum
1999 443 2138 477 fecistis
2168 449 2318 488 propter.

438 511 651 545 traditiones
671 517 824 551 vestras,
846 510 1034 544 hominum
1056 510 1240 544 doctrinas
1262 517 1298 543 et
1317 510 1481 543 mandata
1503 509 1720 543 docentes¹?
1740 511 1780 542 In
1800 509 2011 555 hujusmodi
2031 522 2186 555 namque
2207 509 2317 543 tradi-

437 578 610 619 tionibus,
640 590 710 623 que
741 577 955 611 Thalamuth
986 577 1154 610 hebraice
1183 583 1452 622 nuncupantur,
1484 583 1519 609 et
1544 588 1698 622 magnus
1724 575 1818 609 liber
1847 583 1904 610 est
1928 577 2024 622 apud
2049 589 2114 610 eos
2135 576 2317 610 excedens

437 651 571 679 textum
594 644 707 677 biblie
728 645 765 677 in
786 645 1017 685 immensum,
1041 644 1077 676 in
1099 656 1171 689 quo
1193 650 1279 676 sunt
1303 642 1530 689 blasphemie
1556 643 1593 675 in
1613 644 1728 676 Deum
1751 649 1787 676 et
1806 642 1991 677 Christum
2013 644 2093 688 ejus
2115 655 2155 676 ac
2176 643 2314 676 beatam

435 712 625 758 Virginem
662 712 863 752 manifeste,
901 710 1126 744 intricabiles
1160 710 1294 751 fabule,
1326 709 1525 744 abusiones
1560 722 1714 743 erronee
1746 722 1786 743 ac
1823 709 1975 744 stultitie
2010 710 2183 751 inaudite,
2220 709 2317 743 filios

436 791 525 812 suos
546 779 680 812 docent
699 791 739 812 ac
761 779 938 818 nutriunt,
961 784 996 810 et
1016 790 1034 810 a
1055 778 1150 822 legis
1171 784 1207 810 et
1227 777 1485 822 prophetarum
1508 777 1672 810 doctrina
1694 777 1853 810 reddunt
1872 777 1975 822 ipsos
1995 777 2141 822 penitus
2162 777 2316 818 alienos,

437 850 606 880 verentes
632 858 677 878 ne
702 846 867 885 veritate,
894 857 965 889 que
991 845 1028 877 in
1050 844 1188 877 eisdem
1215 844 1298 889 lege
1321 856 1360 877 ac
1387 843 1576 889 prophetis
1597 850 1665 885 est,
1686 843 1884 885 intellecta,
1911 849 2035 889 aperte
2056 844 2101 876 de
2126 843 2317 889 unigenito

438 913 504 946 Dei
540 913 615 946 filio
650 919 805 945 venturo
842 912 877 944 in
912 923 1056 944 carnem
1099 911 1346 944 testimonium
1386 910 1620 956 perhibente,
1660 916 1919 943 convertantur
1955 910 1999 943 ad
2037 910 2167 952 fidem,
2207 916 2243 943 et
2273 910 2317 943 ad

437 980 705 1025 redemptorem
727 991 833 1012 suum
860 978 1046 1011 humiliter
1071 985 1310 1011 revertantur.
1335 979 1378 1011 Et
1403 977 1460 1011 his
1481 990 1554 1010 non
1575 978 1737 1010 contenti
1762 977 1898 1010 faciunt
1918 977 2134 1011 christianas
2160 977 2317 1010 filiorum

437 1059 585 1080 suorum
615 1046 776 1079 nutrices
806 1046 843 1078 in
873 1045 1129 1078 contumeliam
1160 1044 1244 1077 fidei
1274 1044 1485 1085 christiane,
1516 1056 1597 1077 cum
1626 1043 1760 1089 quibus
1786 1044 1905 1089 turpia
1935 1043 2046 1077 multa
2075 1043 2317 1077 committunt.

436 1115 588 1159 Propter
608 1125 679 1158 que
700 1112 872 1145 fidelibus
894 1118 949 1145 est
969 1112 1182 1153 verendum,
1206 1123 1250 1144 ne
1272 1111 1430 1144 divinam
1456 1111 1745 1156 indignationem
1775 1111 1974 1152 incurrant,
1997 1110 2082 1143 dum
2104 1122 2168 1143 eos
2189 1121 2320 1155 perpe-

438 1188 532 1214 trare
561 1180 744 1225 patientur
774 1179 927 1224 indigne
955 1191 1025 1223 que
1056 1178 1140 1211 fidei
1168 1185 1292 1211 nostre
1323 1178 1576 1211 confusionem
1608 1178 1797 1210 inducunt.
1827 1179 1870 1210 Et
1890 1177 1975 1210 licet
2000 1177 2156 1210 dilectus
2180 1176 2278 1210 filius
2295 1200 2320 1210 .,

438 1247 678 1280 cancellarius
706 1246 944 1279 Parisiensis¹
972 1252 1007 1278 et
1032 1245 1202 1278 doctores
1228 1251 1400 1290 regentes
1427 1245 1587 1278 Parisius
1608 1244 1646 1277 in
1671 1256 1771 1278 sacra
1793 1244 1923 1290 pagina
1949 1244 1994 1277 de
2015 1244 2181 1277 mandato
2202 1243 2320 1277 felicis

439 1314 704 1347 recordationis
734 1314 795 1347 G.³
825 1325 915 1358 pape
938 1312 1214 1358 predecessoris
1245 1312 1359 1345 nostri
1392 1319 1460 1345 tam
1489 1312 1691 1357 predictum
1721 1311 1910 1344 abusionis
1938 1310 2071 1344 librum
2098 1323 2204 1356 quam
2229 1310 2321 1344 alios

438 1381 613 1426 quosdam
649 1393 730 1413 cum
766 1379 936 1413 omnibus
971 1379 1088 1425 glosis
1123 1380 1200 1412 suis
1234 1379 1416 1424 perlectos
1450 1379 1487 1412 in
1522 1385 1621 1424 parte
1656 1390 1695 1411 ac
1725 1378 1948 1411 examinatos
1982 1378 2026 1411 ad
2060 1377 2316 1411 confusionem

441 1448 592 1494 perfidie
616 1448 817 1481 Judeorum
845 1446 991 1492 publice
1012 1459 1131 1479 eoram
1154 1446 1253 1479 clero
1275 1453 1311 1479 et
1331 1445 1466 1491 populo
1489 1445 1659 1478 incendio
1681 1445 1978 1486 concremarint‘,
2001 1451 2109 1490 prout
2128 1445 2165 1477 in
2190 1443 2322 1478 litteris

440 1528 565 1549 eorum
596 1515 849 1560 perspeximus
877 1514 1072 1554 contineri,
1100 1513 1234 1558 quibus
1256 1520 1293 1546 tu
1322 1519 1489 1558 tanquam
1519 1512 1720 1545 catholicus
1747 1524 1809 1544 rex
1837 1518 1872 1545 et
1898 1512 2069 1557 princeps
2096 1511 2323 1544 christianis-

441 1582 556 1615 simus
577 1581 789 1626 impendisti
811 1592 923 1625 super
943 1580 1011 1612 hoc
1032 1579 1202 1612 auxilium
1231 1591 1434 1624 congruum
1457 1585 1492 1612 et
1512 1580 1683 1620 savorem,
1706 1590 1772 1624 pro
1793 1590 1865 1623 quo
1892 1577 2050 1623 regalem
2072 1577 2323 1610 excellentiam

440 1649 564 1694 dignis
599 1648 636 1681 in
670 1648 826 1681 Domino
862 1647 1032 1680 laudibus
1067 1647 1364 1679 commendamus
1394 1659 1433 1679 ac
1466 1646 1722 1691 prosequimur
1756 1644 1961 1678 actionibus
1995 1645 2217 1690 gratiarum:
2241 1644 2324 1689 quia

441 1723 559 1749 tamen
590 1715 751 1748 nondum
782 1714 982 1747 Judeorum
1015 1714 1176 1759 ipsorum
1209 1713 1337 1746 abusio
1369 1713 1517 1758 profana
1549 1712 1698 1758 quievit,
1730 1724 1796 1745 nec
1827 1711 1944 1745 adhuc
1971 1711 2072 1744 dedit
2101 1711 2153 1745 eis
2183 1711 2323 1744 vexatio

440 1782 680 1824 intellectum,
711 1781 967 1814 celsitudinem
1004 1781 1140 1826 regiam
1171 1787 1305 1813 attente
1337 1792 1520 1825 rogamus,
1551 1791 1742 1812 monemus
1772 1785 1807 1812 et
1837 1778 2072 1812 obsecramus
2102 1778 2138 1811 in
2168 1779 2324 1811 Domino

440 1852 527 1883 Jesu
554 1849 715 1890 Christo,
746 1849 918 1893 quatinus
948 1859 1123 1880 excessus
1148 1847 1358 1892 hujusmodi
1385 1846 1621 1882 detestabiles
1643 1853 1678 1879 et
1702 1858 1872 1879 enormes
1897 1845 2114 1879 commissos
2140 1845 2176 1878 in
2197 1851 2325 1878 contu-

443 1917 584 1949 meliam
608 1916 794 1950 Creatoris
820 1922 853 1947 et
876 1915 912 1947 in
934 1915 1101 1959 injuriam
1131 1914 1291 1947 nominis
1317 1913 1517 1954 christiani,
1546 1919 1654 1958 prout
1673 1913 1731 1958 pie
1754 1912 1921 1958 incepisti
1943 1911 2174 1945 laudabiliter
2199 1923 2326 1956 prose-

444 1984 591 2028 quendo
620 1983 756 2015 faciens
785 1982 905 2015 debita
932 1982 1126 2014 severitate
1152 1981 1315 2026 percelli,
1340 1988 1408 2013 tam
1435 1980 1620 2026 predictos
1646 1979 1863 2022 abusionum
1890 1979 2005 2012 libros
2026 1978 2241 2024 reprobatos
2261 1990 2326 2024 per

445 2051 615 2083 doctores
646 2049 808 2090 eosdem,
842 2061 946 2094 quam
978 2048 1200 2093 generaliter
1231 2060 1358 2080 omnes
1388 2059 1469 2080 cum
1500 2046 1617 2092 glosis
1647 2046 1736 2087 suis,
1765 2046 1826 2091 qui
1852 2058 1917 2091 per
1942 2046 2042 2091 ipsos
2073 2045 2263 2079 examinati
2292 2051 2328 2078 et

447 2116 629 2163 reprobati
659 2116 808 2157 fuerint,
832 2115 981 2148 mandes
1013 2127 1077 2160 per
1107 2121 1220 2148 totum
1253 2126 1404 2159 regnum
1438 2121 1552 2155 tuum,
1575 2113 1796 2158 ubicumque
1827 2113 2006 2158 repperiri
2036 2119 2219 2158 poterunt,
2241 2112 2327 2158 igne

445 2184 631 2224 cremari5,
660 2182 812 2215 firmiter
838 2181 1052 2223 inhibendo,
1076 2194 1120 2214 ne
1146 2182 1316 2214 decetero
1340 2181 1500 2214 nutrices
1527 2192 1592 2213 seu
1621 2180 1824 2214 servientes
1845 2179 2001 2213 habeant
2028 2178 2260 2221 christianos,
2281 2190 2327 2212 ne

447 2251 511 2284 filii
546 2250 662 2283 libere
698 2249 783 2282 filiis
817 2248 1038 2282 famulentur
1071 2248 1215 2289 ancille,
1253 2255 1309 2281 set
1342 2254 1509 2292 tanquam
1546 2247 1642 2280 servi
1678 2246 1861 2292 reprobati
1895 2259 1913 2279 a
1948 2246 2116 2288 Domino,
2152 2246 2189 2278 in
2223 2246 2328 2291 cujus

448 2324 600 2350 mortem
623 2317 791 2361 nequiter
812 2315 1080 2361 conspirarunt,
1103 2315 1229 2348 saltem
1253 2327 1318 2360 per
1339 2315 1505 2348 effectum
1528 2314 1651 2359 operis
1672 2325 1799 2347 servos
1820 2325 1859 2347 se
1881 2319 2148 2358 recognoscant
2167 2312 2327 2354 illorum,

448 2396 541 2429 quos
570 2383 707 2418 Christi
734 2395 832 2416 mors
860 2389 895 2415 et
922 2383 1012 2415 istos
1040 2381 1178 2415 liberos
1204 2388 1240 2415 et
1264 2381 1347 2414 illos
1375 2381 1565 2414 constituit
1592 2393 1673 2414 esse
1702 2392 1842 2422 servos,
1870 2387 1910 2413 ut
1929 2379 2083 2425 proinde
2109 2379 2329 2413 sinceritatis

450 2458 509 2484 tue
539 2451 655 2491 zelum
687 2450 873 2495 possimus
902 2450 938 2482 in
966 2449 1122 2482 Domino
1151 2449 1274 2494 dignis
1296 2448 1466 2481 laudibus
1492 2447 1760 2481 commendare.
1791 2448 1869 2480 Dat.
1899 2447 2064 2480 Laterani
2084 2446 2131 2491 vij
2157 2446 2206 2479 id.
2229 2446 2327 2488 Maii,

451 2517 682 2562 pontificatus
704 2517 820 2549 nostri
842 2529 937 2549 anno
960 2516 1107 2561 primo⁰.

546 2596 607 2626 fleg.
625 2595 682 2618 Vnt.
700 2594 844 2617 Innocentii
861 2595 893 2617 IV
908 2602 950 2617 an.
969 2594 990 2622 1,
1008 2602 1048 2625 ep.
1066 2594 1120 2622 681,
1138 2594 1182 2617 fol.
1201 2593 1271 2617 105b.
1287 2607 1319 2611 -
1334 2593 1458 2621 Bulaeus,
1475 2593 1520 2621 ΙΙΙ,
1538 2593 1591 2616 191.

547 2659 568 2682 1.
585 2659 649 2690 Reg.
666 2667 670 2682 z
690 2667 701 2682 <t
718 2658 834 2681 dicentes
851 2667 872 2681 ».
895 2658 996 2686 Mutth.,
1019 2659 1056 2686 15,
1073 2660 1088 2681 9
1104 2666 1109 2681 τ
1127 2658 1248 2681 docentes
1269 2657 1402 2681 doctrinas
1419 2661 1444 2681 et
1460 2657 1585 2680 mandata
1604 2656 1750 2680 hominum.
1767 2656 1807 2680 Cf.
1828 2656 1907 2683 Marc,
1929 2656 1951 2683 7,
1974 2656 1996 2678 7.
2015 2669 2046 2672 —
2066 2655 2088 2678 2.
2110 2654 2166 2678 Odo
2186 2654 2217 2678 de
2237 2654 2330 2678 Castro

452 2703 593 2734 Radulphi.
610 2703 646 2727 De
662 2703 712 2726 isto
728 2704 796 2726 sacto
813 2711 894 2734 supra
910 2705 1054 2725 memorato
1071 2702 1129 2725 vide
1145 2702 1214 2725 infra
1229 2706 1258 2724 ῐι0
1274 2703 1328 2725 173.
1339 2703 1401 2724 -3.
1419 2701 1541 2732 Gregorii
1557 2702 1598 2724 IX.
1610 2702 1673 2724 -4.
1686 2701 1759 2724 Anno
1775 2700 1844 2723 1242.
1855 2714 1886 2717 -
1896 2701 1917 2723 5.
1931 2699 2091 2723 Ludovicum
2107 2699 2235 2722 voluntati
2245 2707 2331 2730 papae

452 2742 650 2779 obtemperasse
665 2747 748 2779 liquet
762 2755 792 2770 ex
810 2747 998 2771 Ordonnance
1010 2753 1087 2777 pour
1101 2747 1129 2770 la
1145 2746 1329 2776 re's‘ormation
1344 2748 1390 2770 des
1405 2752 1510 2770 moeurs
1525 2745 1587 2768 nuni
1603 2746 1672 2773 1254,
1689 2745 1734 2767 uhi
1750 2746 1817 2775 (cap.
1834 2745 1872 2774 32)
1889 2744 1986 2775 legitur
2003 2751 2008 2766 ε
2022 2752 2034 2766 «
2050 2743 2171 2766 Ceterum
2185 2743 2331 2766 ordinatio-

454 2800 512 2815 nem
526 2794 633 2823 factam
649 2792 681 2816 in
692 2795 864 2822 perpetuum
879 2791 911 2814 dc
926 2791 1017 2814 Judeis
1033 2790 1170 2813 observari
1189 2790 1308 2814 districte
1328 2790 1499 2821 precipimus,
1516 2798 1565 2821 que
1580 2789 1642 2812 talis
1658 2792 1698 2812 est
1714 2797 1719 2812 z
1736 2788 1812 2812 Judei
1833 2791 1936 2812 cessent
1950 2788 1983 2811 ab
1999 2787 2087 2811 usuris
2103 2790 2129 2811 et
2147 2787 2331 2819 blasphemiis,

453 2832 597 2868 sortilegiis
613 2840 639 2860 et
652 2836 841 2863 caracteribus,
857 2838 881 2859 ct
897 2838 951 2858 tam
966 2835 1090 2858 Talmuth
1106 2843 1184 2866 quam
1200 2835 1245 2858 alii
1260 2834 1331 2862 libri,
1349 2835 1374 2857 in
1391 2834 1486 2866 quibus
1503 2834 1672 2857 inveniuntur
1684 2832 1858 2864 blasphemie,
1871 2832 2068 2860 comburantur,
2081 2835 2107 2855 et
2121 2832 2207 2860 Judei,
2224 2832 2268 2863 qui
2283 2832 2332 2855 hoc

454 2889 560 2905 servare
580 2881 720 2909 noluerint,
741 2881 914 2912 expellantur,
936 2883 961 2903 ct
980 2883 1192 2911 transgressores
1212 2879 1330 2910 legitime
1358 2879 1502 2910 puniantur
1523 2888 1544 2902 ».
1573 2877 1690 2903 Recueil
1715 2877 1835 2909 ye'ne'ral
1856 2879 1903 2902 des
1924 2877 2076 2902 anciennes
2094 2877 2144 2901 lois
2163 2876 2332 2907 fransat'ses,

455 2926 474 2954 Ι,
491 2926 537 2949 272
551 2934 592 2957 eq.
607 2925 647 2949 Cf.
665 2925 774 2957 insuper
790 2925 854 2949 Rec.
870 2926 917 2949 des
931 2925 996 2949 hist.
1006 2925 1053 2948 des
1067 2923 1180 2951 Gaules,
1196 2923 1247 2951 XX,
1265 2924 1308 2951 3¹1;
1328 2923 1418 2951 XXIII,
1436 2923 1488 2946 1611.
1506 2936 1536 2940 -
1551 2924 1573 2946 6.
1591 2922 1679 2946 Mitior
1693 2925 1734 2945 est
1749 2922 1801 2945 alin
1817 2921 1928 2953 epistola
1940 2921 2009 2944 infra
2024 2925 2054 2944 n⁰
2068 2921 2112 2944 172
2127 2921 2205 2944 edita.
