2580 3528
458 389 522 421 246
1038 391 1223 417 cimai-111
1229 392 1355 414 Αιιιυιιι
1393 388 1749 413 UNIVERS.‘PA1HS.
1849 388 1879 404 7ῑ-
1899 387 1906 398 ’-
1981 387 1989 406 ἰ
2227 379 2328 420 [1253

457 483 644 511 summam,
675 482 741 503 nos
772 477 804 502 et
835 481 915 501 mon
920 475 1089 501 1ster1um
1120 465 1331 501 Clarcv1llis
1359 465 1465 497 dictis
1496 463 1622 514 viointi
1655 461 1842 495 monachis
1873 462 1993 495 Sancti
2021 462 2197 496 Bernardi
2226 469 2328 515 tene-

455 528 576 585 bimur
604 527 807 582 providere
835 535 1012 568 Volumus
1041 533 1218 578 siqnidem
1250 530 1448 563 liberaliter
1473 536 1506 562 et
1532 528 1785 562 concessimus
1808 528 1908 583 quod
1929 528 1960 562 si
1986 532 2176 588 numerum
2197 528 2329 586 viginti

458 604 713 637 monachorum
746 600 1140 647 predictotnm·1liquo
1173 605 1333 642 tempore
1364 595 1517 628 diminui
1548 594 1758 639 contigerit,
1789 601 1825 627 et
1854 579 1974 632 dictus
2008 607 2146 635 comes
2152 579 2239 635 vel·
2247 597 2327 642 ejus

456 670 612 703 heredes
648 681 712 714 per
746 680 785 701 se
819 667 875 700 vel
910 666 1016 699 dium
1052 665 1147 710 1p11d
1182 665 1348 696 Sanctum
1390 661 1616 694 Ber-nardum
1650 672 1770 693 coram
1809 660 1965 694 testibus
2004 661 2202 695 monachos
2240 662 2327 696 dicti

456 736 664 788 monasterii
693 735 750 767 vel
780 734 920 778 aliquos
951 731 1122 764 officiales
1153 731 1315 774 ips01um
1346 728 1535 760 mnufesto
1566 727 1777 760 monuerint
1805 733 1844 760 ut
1873 727 2008 761 dictum
2039 727 2234 762 numerum'
2262 741 2328 775 per

456 809 615 836 nostram
645 800 885 846 provisionem
915 799 1137 842 reintegrare
1165 801 1373 840 procurent,
1401 801 1437 826 et
1461 805 1529 826 nos
1556 794 1648 826 infr-a
1674 793 1911 839 quadraginta
1940 794 2033 836 dies,
2061 785 2328 856 computandos

455 882 472 902 ι
507 869 565 901 die
601 866 809 900 monitionis
845 862 1125 909 pie(lictc,l1oc
1165 861 1391 894 noluerimus
1430 859 1630 905 adimplere
1669 872 1788 905 neque
1828 860 2147 906 compleverimus,
2187 862 2269 907 ipsi
2292 851 2328 896 et

454 935 608 967 heredes
638 933 692 965 sui
724 932 829 966 bona,
861 942 930 975 qno,
960 929 1134 962 habemus
1165 927 1326 960 Parisius
1356 927 1391 958 in
1421 927 1685 971 cujuscumque
1715 926 1891 969 dominio,
1923 933 1959 960 et
1985 927 2071 960 alibi
2101 928 2137 960 in
2164 928 2327 963 dominio

453 1012 519 1032 suo
541 1011 605 1032 seu
628 1004 802 1043 potestate
828 1009 904 1035 sua,
937 1003 971 1028 et
996 994 1203 1040 specialiter
1229 993 1409 1038 predictas
1435 999 1580 1026 centum
1607 999 1643 1026 et
1666 1000 1822 1038 quatuor
1845 993 1958 1027 libras
1983 994 2080 1027 dicto
2106 985 2328 1030 monaster-id

453 1066 621 1110 superius
642 1064 855 1108 assignataS,
880 1062 1007 1094 saisire
1029 1061 1142 1093 libere
1169 1059 1302 1104 poterit
1326 1071 1365 1092 ac
1392 1065 1529 1100 tencre,
1558 1071 1624 1092 nec
1651 1060 1844 1092 recredere
1865 1071 1930 1093 seu
1952 1059 2108 1093 liberare
2129 1060 2326 1103 tenebitur,

452 1132 567 1164 donec
598 1131 715 1162 (lictus
746 1140 919 1161 numerus
950 1127 1075 1171 viginti
1109 1125 1367 1159 monachorum
1398 1125 1493 1171 apud
1524 1126 1694 1158 Sanctum
1731 1126 1955 1159 Bernardum
1986 1127 2148 1160 Parisius
2182 1119 2330 1173 integre

452 1198 499 1230 sit
527 1196 740 1241 completus.
774 1195 809 1228 Si
839 1206 924 1227 vero
954 1193 1075 1238 aliquo
1107 1199 1269 1237 tempore
1299 1192 1531 1237 contingeret
1560 1192 1658 1237 quod
1688 1192 1732 1225 ad
1761 1199 1892 1226 tantam
1920 1193 2199 1236 desolationem,
2228 1193 2331 1239 quod

453 1263 556 1304 absit,
578 1269 676 1295 esset
695 1262 876 1294 redactum
901 1259 1158 1292 monasterium
1182 1258 1444 1304 supradictum,
1467 1259 1565 1303 quod
1586 1258 1722 1292 ibidem
1745 1259 1869 1292 nullus
1891 1266 2094 1293 moraretur
2112 1253 2326 1302 monachus,

453 1343 495 1362 ex
521 1337 604 1362 tunc
630 1329 724 1361 dicte
752 1334 895 1360 centum
924 1333 959 1359 et
988 1332 1142 1370 quatuor
1167 1325 1260 1357 libre
1291 1325 1548 1370 parisiensium
1577 1325 1621 1358 ad
1648 1325 1767 1370 ipsum
1797 1326 1966 1359 comitem
1995 1332 2030 1359 et
2057 1325 2214 1360 heredes
2239 1337 2327 1360 suos

453 1396 566 1429 libere
587 1401 814 1428 revertentur
838 1394 880 1426 ad
907 1393 1125 1426 voluntatem
1153 1403 1267 1432 suam,
1295 1392 1375 1424 sine
1402 1391 1657 1424 reclamatione
1683 1391 1802 1436 aliqua
1827 1391 2041 1426 Clarevallis
2066 1392 2328 1428 monachorum

452 1475 517 1496 seu
548 1461 791 1507 quorumlibet
822 1460 1049 1492 subditorum
1079 1459 1217 1491 eisdem
1251 1458 1396 1503 penitus
1426 1458 1639 1491 faciendam.
1670 1460 1825 1503 Insuper
1852 1471 1960 1492 omne
1984 1460 2047 1504 jus
2074 1466 2110 1492 et
2133 1459 2325 1497 actionem,

451 1537 521 1574 que
556 1535 678 1561 contra
713 1528 828 1572 ipsum
866 1533 898 1558 ct
933 1525 1088 1558 heredes
1119 1537 1206 1558 suos
1245 1525 1437 1558 occasione
1477 1524 1573 1557 bone
1612 1525 1786 1558 memorie
1821 1526 1903 1566 R.²,
1939 1525 2083 1558 comitis
2112 1525 2328 1567 Tholosani,

455 1594 727 1640 predecessoris
759 1594 827 1634 sui,
865 1605 927 1625 sou
964 1605 1007 1624 ex
1042 1604 1197 1637 persona
1239 1591 1356 1636 ipsius
1391 1591 1627 1633 habebamus,
1668 1603 1733 1624 seu
1774 1598 1981 1636 poteramus
2020 1591 2168 1634 habere,
2207 1592 2329 1625 eidem>

453 1662 668 1694 remittimus
702 1667 737 1693 et
770 1672 834 1705 per
863 1658 1171 1704 acceptilationcm
1204 1657 1444 1703 sollempnem
1477 1658 1623 1703 penitus
1657 1657 1855 1691 liberamus
1890 1658 2058 1692 cundem.
2095 1659 2174 1701 Que
2208 1658 2331 1692 omnia-

453 1735 489 1761 et
518 1718 660 1772 sin-gula
691 1726 932 1772 promittimus
964 1725 1055 1757 bona
1091 1725 1162 1757 fide
1193 1731 1317 1757 tenere
1348 1723 1609 1758 inviolabiliter
1643 1731 1679 1757 et
1712 1736 1870 1767 servare,
1902 1731 1938 1758 et
1971 1737 2044 1758 non
2074 1725 2327 1759 contravenire

453 1806 517 1839 per
542 1805 608 1827 nos
633 1793 690 1826 vel
715 1793 806 1826 alios
832 1793 867 1825 in
894 1794 1065 1832 futurum,
1096 1791 1353 1824 renunciantes
1381 1791 1590 1836 specialiter
1614 1798 1650 1824 et
1677 1802 1849 1837 expresse
1878 1791 2057 1824 beneficio
2083 1791 2327 1825 restitutionis

452 1861 487 1892 iu
523 1845 717 1905 integrum,
753 1866 915 1904 pretextu
946 1860 1210 1903 cujuscumque
1241 1858 1483 1903 deceptionis,
1514 1858 1754 1902 quittationis,
1791 1869 1856 1891 seu
1886 1857 2128 1899 liberationis,
2163 1865 2199 1891 et
2227 1852 2326 1891 omni

452 1927 642 1972 privilegio
677 1938 852 1959 concesso
889 1938 952 1958 scu
989 1924 1181 1965 beneficio,
1216 1924 1273 1957 vel
1304 1924 1415 1957 eciam
1447 1924 1685 1957 concedendo
1716 1936 1734 1957 a
1763 1925 1848 1969 jure
1877 1924 1935 1957 vel
1964 1923 2126 1965 homine,
2162 1935 2227 1970 per
2254 1920 2326 1970 que

453 1993 593 2038 possint
625 1993 773 2037 infringi
807 1993 843 2024 in
880 1999 952 2025 toto
987 1992 1044 2024 vel
1080 1992 1115 2024 in
1151 1998 1249 2036 parte
1286 1991 1457 2036 superius
1492 1997 1668 2023 enarrata.
1710 1991 1837 2024 Dictus
1871 2002 1959 2024 vero
1997 1990 2168 2024 dominus
2202 2002 2326 2024 comes

449 2059 606 2104 benigne
631 2059 808 2104 promisit,
837 2071 900 2103 pro
928 2071 966 2090 se
993 2065 1029 2091 et
1056 2057 1254 2090 heredibus
1280 2057 1371 2098 suis,
1398 2057 1496 2102 quod
1522 2057 1636 2090 dictas
1661 2063 1808 2090 centum
1835 2063 1871 2090 et
1893 2063 2049 2102 quatuor
2075 2057 2188 2090 libras
2215 2057 2326 2091 annui

450 2126 613 2159 redditus
639 2126 675 2158 in
699 2126 852 2158 termino
878 2126 920 2158 ad
947 2125 1163 2158 solvendum
1190 2130 1379 2169 prenotato
1406 2130 1506 2157 certo
1528 2123 1657 2156 nuntio
1679 2130 1806 2156 nostro
1833 2135 1898 2156 seu
1927 2124 2154 2168 procuratori
2179 2136 2198 2157 a
2218 2123 2326 2157 nobis

451 2193 634 2237 deputato,
661 2193 706 2225 ita
732 2192 838 2237 plene
866 2199 901 2224 ct
925 2192 1091 2236 expedite
1118 2190 1278 2236 persolvi
1299 2187 1444 2232 sacient,
1472 2190 1570 2235 quod
1597 2202 1662 2235 pro
1689 2190 1870 2223 dictorum
1891 2190 2123 2225 denariorum
2145 2190 2288 2224 defectu
2307 2202 2326 2224 a

453 2259 660 2304 provisione
696 2259 872 2292 dictorum
908 2259 1036 2303 viginti
1067 2257 1327 2291 monachorum
1363 2269 1590 2303 nequaquam
1626 2257 1897 2302 prepediemur,
1934 2264 1969 2290 et
2003 2257 2200 2303 recipietur
2233 2254 2330 2291 dicta*

453 2310 602 2370 pecunia
637 2326 730 2371 apud
764 2325 974 2370 Ruppellum
1015 2325 1197 2358 annuatim
1232 2336 1250 2357 a
1286 2324 1472 2369 preposito
1503 2324 1668 2369 ejusdem
1704 2323 1803 2365 ville,
1839 2324 1901 2369 qui
1931 2336 1996 2369 pro
2027 2330 2188 2369 tempore
2217 2323 2328 2358 suerit

452 2392 643 2436 deputatus
674 2391 821 2432 ibidem,
852 2391 909 2424 vel
940 2393 1019 2436 ejus
1050 2391 1251 2424 mandato³.
1288 2390 1527 2423 Promisimus
1562 2390 1744 2435 siquidem
1780 2401 1848 2423 nos
1882 2397 2142 2435 procuraturos
2175 2401 2327 2426 conces-¹

454 2457 592 2491 sionem
620 2458 829 2503 predictam,
859 2465 898 2490 ut
925 2458 1094 2503 superius
1122 2458 1257 2490 dictum
1285 2464 1352 2499 est,
1380 2469 1399 2490 a
1425 2469 1566 2490 summo
1587 2456 1759 2502 pontifice
1780 2456 1987 2490 confirmari
2013 2463 2050 2490 et
2073 2457 2221 2490 domino
2246 2456 2328 2502 reg-i

456 2521 603 2556 Francie
639 2524 842 2569 supplicare
877 2531 913 2556 ut
949 2524 1119 2557 omnibus
1154 2524 1328 2569 predictis
1358 2524 1582 2565 consenciat,
1612 2524 1846 2568 favoremque
1875 2522 2026 2569 prebeat
2058 2522 2258 2556 liberaliter
2291 2529 2328 2556 et

454 2581 656 2622 assensum.
690 2592 729 2622 In
759 2591 863 2634 cujus
898 2591 949 2623 rei
984 2591 1096 2623 robur
1126 2597 1342 2636 perpetuum
1372 2597 1407 2623 et
1436 2590 1684 2623 testimonium
1723 2589 1855 2623 litteris
1894 2588 2128 2635 presentibus
2161 2588 2324 2635 sigillum

458 2662 619 2688 nostrum
646 2656 891 2700 apposuimus.
918 2657 1045 2689 Actum
1074 2669 1168 2689 anno
1197 2657 1341 2689 Domini
1367 2656 1562 2689 millesimo
1589 2656 1841 2689 ducentesimo
1867 2655 2171 2700 quinquagesimo
2196 2654 2329 2697 tercio,-

456 2720 515 2753 die
537 2721 759 2754 inventionis
781 2729 901 2754 sancte
922 2723 1064 2764 Crucis,
1086 2735 1212 2756 mense
1234 2725 1350 2768 Mayo.

549 2805 610 2828 Tria
634 2805 774 2836 originalia
797 2805 822 2828 in
839 2806 914 2829 Arch.
949 2810 1002 2831 nat.
1026 2807 1108 2830 Paris.
1133 2808 1157 2831 J.
1181 2808 1235 2836 310,
1261 2807 1294 2830 n‘¹
1318 2808 1347 2830 31
1368 2810 1394 2830 et.
1417 2808 1455 2830 32.
1477 2807 1501 2831 J.
1521 2807 1576 2835 1161,
1604 2811 1633 2829 n⁰
1654 2807 1692 2830 16.
1713 2806 1837 2837 Sigillum
1856 2813 1961 2830 cereum
1979 2805 2073 2829 viridis
2097 2805 2194 2829 coloris
2220 2805 2325 2829 abbatis

457 2845 607 2880 Stephani}
622 2849 760 2872 clarevall.
778 2849 873 2880 ubique
888 2850 939 2873 filis
955 2850 1030 2874 serie.
1047 2851 1121 2874 rubei
1136 2854 1162 2874 et.
1177 2851 1269 2875 viridis
1285 2851 1381 2877 coloris
1397 2851 1564 2883 appenditur.
1582 2864 1614 2869 -—
1627 2851 1756 2881 Layettes
1767 2851 1809 2876 du
1820 2850 1911 2878 trdtor
1924 2850 1972 2875 d&
1984 2849 2103 2879 charles,
2121 2853 2150 2873 11⁰
2164 2850 2235 2874 4053.

505 2931 508 2933 ·
527 2932 529 2934 -
550 2920 571 2942 1¹.
588 2919 635 2943 Cf„
647 2928 727 2951 supra
742 2924 780 2942 1ιο*
795 2920 839 2943 146
854 2923 879 2943 et
891 2921 944 2944 ΜΒ.
960 2935 990 2938 —-
1005 2922 1026 2945 ⁶2.
1048 2922 1215 2946 autmundus.
1233 2936 1263 2941 -—·
1276 2924 1299 2946 3.
1319 2922 1406 2954 Supra
1421 2926 1450 2945 η’
1464 2923 1519 2945 220.
