2580 3528
220 403 319 445 1266]
562 413 611 436 AB
643 413 750 435 Anno
783 412 862 435 uec
894 413 1028 442 usque
1059 405 1112 436 'An
1147 413 1378 436 Plitml'PUM
1414 415 1455 437 ιν
1488 416 1577 438 nnc..
1614 417 1752 439 ruANc.
2029 411 2093 443 451

299 488 444 534 Quinto
476 493 751 533 proposuerunt
783 486 882 532 quod
917 487 1062 532 quidam
1093 487 1138 520 de
1169 488 1320 521 nacione
1350 488 1598 530 Picardorum,
1629 490 1724 523 inter
1753 502 1846 536 quos
1876 492 2095 538 principales

217 554 415 588 extiterunt
439 553 605 599 magistri
631 553 793 600 Sygerus
818 560 855 587 et
879 554 1014 600 Symon
1039 553 1084 587 de
1111 553 1280 596 Brabant,
1304 561 1475 600 presente
1505 562 1541 588 et
1565 562 1679 589 ratum
1702 555 1858 590 habente
1884 558 1961 603 ipsa
1983 559 2096 592 Picar-

216 619 346 654 dorum
374 620 526 654 nacione
551 620 752 666 quosdam⁸
777 620 941 654 nacionis
971 620 1166 666 magistros
1196 620 1396 662 Gallicane,
1419 633 1464 654 ne
1490 622 1527 654 in
1550 622 1688 668 vigiliis
1719 623 1900 668 quondam
1931 625 2093 669 magistri

217 685 412 722 Guillermi
440 687 772 730 Autisiodorensis,
803 688 944 722 ratione
973 699 1126 733 quarum
1156 688 1320 734 magistri
1350 689 1462 722 totius
1492 689 1750 723 Universitatis
1783 698 2029 724 convenerant
2058 692 2094 725 in

216 753 372 788 ecclesia
409 754 559 788 fratrum
595 754 866 788 Predicatorum
907 754 1080 796 ParisiuS,
1122 755 1217 788 sicut
1254 754 1315 788 alii
1353 755 1521 801 legerent
1556 762 1592 789 et
1625 763 1812 790 cantarent
1847 757 2024 803 impedire
2060 765 2096 791 et

216 827 366 867 propter
401 820 470 854 hoc
508 820 625 854 libros
664 821 709 855 de
743 821 888 855 illorum
924 820 1092 854 manibus
1127 820 1269 855 trahere
1303 828 1607 868 attemptaverunt
1642 829 1678 856 et
1712 823 1749 856 in
1786 835 1911 857 eorum
1951 824 2093 870 aliquos

214 887 374 922 clericali
401 887 534 922 milicie
557 889 749 934 ascriptos,
774 888 910 922 ibidem
936 899 1064 922 manus
1090 888 1294 934 injecerunt
1319 895 1454 922 temere
1476 889 1655 923 violentas
1680 891 1717 923 in
1740 891 1904 936 ejusdem
1929 892 2092 925 nacionis

213 954 400 989 Gallicane
429 955 598 1001 injuriam
628 961 666 989 et
692 961 952 1001 contemptum.

305 1022 440 1056 Contra
465 1028 541 1056 tres
557 1022 664 1056 etiam
681 1022 868 1064 naciones,
894 1022 1128 1056 Picardorum
1155 1022 1338 1065 videlicet,
1363 1025 1653 1057 Normannorum
1684 1031 1720 1058 et
1740 1025 1990 1070 Anglicorum,
2010 1038 2093 1072 pro—

216 1095 421 1134 posuerunt
444 1089 516 1135 ipsi
539 1095 798 1135 procuratores
819 1089 984 1123 nacionis
1010 1089 1196 1124 Gallicane
1218 1090 1383 1123 dicentes
1408 1102 1473 1136 per
1493 1102 1554 1124 eas
1580 1091 1633 1124 illi
1658 1103 1732 1124 non
1754 1092 1920 1126 minimas
1941 1093 2092 1138 injurias

216 1155 384 1202 irrogari,
408 1156 536 1201 primo
564 1155 603 1189 in
632 1167 676 1189 eo
701 1156 800 1202 quod
826 1155 1065 1190 inhibuerunt
1090 1156 1253 1202 predicto
1277 1156 1434 1191 Johanni
1459 1157 1504 1190 de
1529 1157 1668 1191 Vlliaco
1694 1170 1740 1191 ne
1770 1159 1807 1191 in
1831 1159 1977 1193 natione
2003 1160 2093 1194 inci-

217 1228 320 1268 peret
353 1221 590 1256 Gallicorum.
629 1221 789 1257 Secundo
825 1234 936 1268 super
970 1235 1013 1256 eo
1050 1223 1150 1268 quod
1182 1223 1302 1269 ipsum
1338 1223 1423 1257 dum
1455 1225 1556 1269 juxta
1594 1236 1731 1258 morem
1769 1225 1837 1259 iret
1872 1238 1937 1271 per
1973 1226 2092 1261 scolas

215 1289 405 1323 admittere
427 1288 637 1322 noluerunt.
660 1289 791 1323 Tercio
811 1301 923 1335 super
943 1301 987 1322 eo
1008 1290 1107 1335 quod
1129 1296 1248 1323 rector
1267 1291 1426 1335 ipsarum
1450 1291 1557 1324 trium
1579 1292 1771 1325 nacionum
1792 1292 1934 1326 cuidam
1951 1292 2091 1327 bachel-

214 1355 305 1390 lario
334 1361 465 1401 sponte
493 1355 751 1389 determinanti
780 1356 818 1389 in
843 1356 995 1389 nacione
1021 1355 1245 1390 Gallicorum
1271 1356 1431 1390 inhibuit
1454 1356 1782 1391 uffdeterminaret
1807 1359 1843 1392 in
1869 1371 1922 1401 ea,
1950 1367 1985 1393 et
2010 1372 2091 1406 pre-

212 1422 311 1468 cepit
342 1421 462 1456 eidem
499 1422 598 1468 quod
634 1422 679 1456 ad
716 1422 905 1456 nacionem
941 1422 1132 1456 accederet
1165 1423 1412 1456 Picardorum.
1450 1425 1591 1469 Quarto
1631 1425 1666 1457 in
1701 1437 1744 1458 co
1780 1426 1878 1470 quod
1913 1433 2090 1460 rectorem

212 1480 470 1524 Universitatis
498 1488 662 1523 indebite
687 1496 903 1523 creaverunt
927 1489 1079 1523 nacione
1105 1489 1290 1524 Gallicana
1316 1490 1580 1524 rationabiliter
1604 1491 1875 1525 contradicente
1905 1499 1940 1526 et
1963 1505 2091 1527 causas
2113 1508 2115 1510 ·

211 1556 436 1602 assignante,
467 1567 580 1602 quare
609 1556 647 1589 id
671 1556 751 1590 fieri
777 1568 851 1590 non
877 1555 1045 1590 debebat.
1078 1557 1213 1603 Quinto
1243 1569 1354 1603 super
1379 1569 1422 1590 eo
1448 1557 1547 1603 quod
1572 1557 1702 1591 nolunt
1726 1565 1765 1591 ut
1789 1558 1957 1592 bedellus
1983 1560 2091 1594 Galli-

211 1635 338 1658 corum
367 1623 519 1670 recipiat
552 1623 598 1657 de
633 1623 927 1658 obvencionibus
966 1624 1159 1657 nacionum
1185 1625 1287 1670 juxta
1316 1624 1478 1667 modum,
1509 1625 1571 1670 qui
1601 1631 1639 1658 ut
1669 1624 1804 1658 hiidem
1836 1634 2091 1671 procuratores

211 1696 383 1724 asserunt
416 1690 519 1724 visus
553 1697 610 1724 est
644 1689 820 1724 hactenus
859 1690 1060 1733 observari,
1096 1690 1268 1724 videlicet
1305 1697 1345 1724 ut
1379 1691 1458 1737 ipse
1495 1691 1664 1725 bedellus
1701 1692 1888 1726 Gallicane
1928 1694 2091 1728 nacionis

213 1756 388 1803 percipiat
411 1763 573 1802 quartam
599 1763 736 1803 partem
762 1757 799 1791 in
824 1756 1116 1791 obvencionibus
1142 1769 1208 1791 sue
1234 1758 1410 1800 nacionis,
1437 1765 1474 1792 et
1498 1758 1638 1792 tertiam
1662 1765 1798 1804 partem
1822 1759 2089 1794 obvencionum

210 1822 383 1866 aliarum3
410 1823 547 1857 bedelli
571 1835 660 1858 vero
686 1824 793 1858 trium
820 1824 970 1858 aliarum
997 1825 1190 1858 nacionum
1215 1824 1328 1858 nichil
1354 1825 1531 1870 recipiant
1555 1825 1599 1858 de
1625 1825 1917 1860 obvencionibus
1942 1840 2089 1861 suarum

210 1890 416 1933 nacionum,
448 1891 514 1924 sed
544 1891 686 1925 tertiam
716 1898 853 1937 partem
882 1891 1130 1926 tantummodo
1157 1891 1202 1925 de
1225 1891 1511 1926 obventionibus
1533 1891 1696 1926 aliarum.
1723 1894 1834 1927 Sexto
1858 1894 1893 1927 in
1919 1906 1962 1927 eo
1991 1895 2089 1940 quod

210 1957 413 2003 predictum
436 1957 621 1991 bedellum
644 1958 892 2001 Picardorum,
914 1958 977 2004 qui
999 1959 1095 1992 sicut
1116 1958 1250 1992 dieitur
1274 1958 1451 1992 adversus
1474 1959 1663 1992 nacionem
1685 1959 1906 1994 Gallicanam
1930 1962 2090 2007 graviter

209 2023 425 2070 deliquerat,
462 2031 588 2059 contra
617 2024 835 2059 laudabilem
865 2025 1170 2059 consuetudinem
1210 2037 1322 2071 super
1359 2025 1428 2059 hoc
1467 2026 1707 2060 introductam
1749 2027 1785 2060 in
1825 2040 1892 2061 suo
1932 2029 2088 2063 servicio

209 2101 419 2138 tenuerunt,
449 2107 562 2142 super
584 2095 654 2130 hoc
679 2097 928 2143 requisicione
953 2103 990 2131 et
1014 2096 1186 2143 precibus
1212 2097 1330 2143 ipsius
1359 2097 1524 2131 nacionis
1554 2097 1740 2132 Gallicane
1765 2099 2088 2145 contemptibiliter

209 2161 406 2196 obauditis.

297 2228 486 2263 Petierunt
513 2235 550 2263 et
578 2236 837 2276 procuratores
866 2230 1021 2276 predicti
1057 2243 1122 2276 per
1152 2242 1220 2264 nos
1254 2231 1497 2277 infrascriptis
1531 2231 1694 2265 articulis
1725 2233 1921 2278 provideri.
1957 2234 2087 2268 Primo

210 2307 255 2329 ne
293 2307 452 2342 unquam
491 2296 680 2330 nacionem
721 2296 944 2332 Gallicorum
984 2297 1066 2331 aliis
1109 2297 1227 2331 tribus
1270 2297 1487 2332 nacionibus
1530 2298 1837 2332 indissolubiliter
1881 2300 2081 2334 uniremus.

209 2361 392 2397 Secundo⁹
420 2362 519 2409 quod
549 2363 765 2409 simpliciter
794 2363 1048 2398 ordinaremus
1078 2376 1124 2397 ne
1154 2364 1249 2398 dicte
1275 2371 1350 2398 tres
1375 2365 1541 2398 nationes
1567 2365 1685 2411 aliqua
1715 2372 1845 2399 statuta
1871 2378 1942 2412 que
1968 2367 2081 2413 ipsam

211 2435 371 2475 tangant,
406 2430 525 2463 facere
554 2429 697 2464 valeant
725 2441 902 2476 expresso
931 2430 1049 2476 ipsius
1079 2431 1243 2464 nacionis
1268 2430 1454 2465 Gallicane
1485 2443 1558 2464 non
1588 2431 1853 2466 interveniente
1883 2445 2080 2468 consensu.

212 2495 342 2531 Tercio
371 2496 471 2543 quod
500 2496 716 2543 simpliciter
745 2496 999 2531 ordinaremus
1029 2509 1074 2530 ne
1104 2497 1182 2543 ipsa
1208 2497 1285 2531 sola
1311 2504 1384 2531 tres
1409 2498 1674 2532 examinatores
1699 2499 1818 2544 possit
1840 2498 1974 2534 habere
1999 2513 2080 2535 cum

206 2569 260 2597 tot
288 2563 362 2597 sint
390 2574 545 2597 numero
575 2564 613 2597 in
643 2575 683 2598 ea
714 2563 791 2598 sola
822 2575 993 2610 persone,
1025 2570 1114 2609 quot
1142 2564 1179 2598 in
1208 2564 1290 2598 aliis
1320 2564 1437 2598 tribus
1467 2565 1638 2599 existunt.
1671 2566 1812 2612 Quarto
1841 2567 1939 2612 quod
1970 2568 2082 2602 inter-

205 2629 301 2665 dicta
329 2642 403 2677 que
432 2630 518 2665 fecit
547 2630 592 2665 de
622 2630 840 2677 quibusdam
866 2629 980 2664 scolis
1005 2637 1042 2664 et
1065 2630 1236 2665 domibus
1263 2638 1426 2677 tempore
1456 2632 1639 2678 presentis
1668 2632 1853 2667 discordie
1878 2635 2080 2669 faceremus

204 2696 464 2732 inviolabiliter
486 2697 686 2732 observari.

292 2764 408 2798 Porro
438 2771 694 2811 procuratores
724 2765 887 2812 predicte
918 2766 1083 2799 nacionis
1112 2765 1345 2799 Picardorum
1376 2772 1501 2800 contra
1531 2767 1719 2800 nacionem
1746 2767 1968 2802 Gallicorum
1997 2782 2080 2815 pro-

204 2841 341 2877 ponere
370 2838 604 2874 curaverunt,
629 2832 728 2879 quod
751 2832 876 2866 eadem
907 2832 1092 2867 Gallicana
1124 2832 1226 2866 nacio
1257 2832 1351 2866 duos
1380 2832 1541 2867 scolares
1572 2833 1616 2867 de
1645 2833 1798 2876 Vlliaco,
1826 2835 1886 2880 qui
1914 2835 2080 2870 determi-

203 2904 377 2932 naverunt
401 2905 484 2944 post
508 2898 644 2933 dictum
669 2898 859 2933 arbitrium
885 2900 921 2933 in
952 2900 1104 2934 nacione
1133 2899 1356 2934 Gallicorum
1384 2899 1545 2934 Parisius
1568 2899 1613 2934 de
1638 2900 1861 2947 sophismate
1887 2909 1922 2935 et
1946 2903 2007 2948 qui
2034 2903 2078 2935 dc

199 2963 284 3009 Jure
312 2970 349 2998 et
376 2976 420 2999 ex
449 2965 563 3000 forma
588 2965 753 3012 ejusdem
779 2965 919 3000 arbitrii
945 2966 990 3000 de
1016 2967 1093 3013 ipsa
1119 2966 1351 3000 Picardorum
1378 2966 1530 3000 nacione
1556 2978 1639 3001 esse
1664 2967 1858 3011 debebant,
1885 2969 2078 3004 consorcio
