2580 3528
454 392 523 425 264
1035 398 1350 422 CHARTULMUUM
1385 396 1574 419 UNIVERS.
1612 395 1740 417 Panis.
2076 397 2080 399 >
2228 387 2328 428 [1254

458 476 611 521 predicti
638 487 710 508 non
732 475 874 520 possint
899 474 942 506 ab
970 474 1023 506 eis
1051 472 1259 506 canonicam
1290 471 1436 516 exigere
1465 470 1682 515 portionem,
1711 468 1893 501 interdum
1915 469 1995 514 ipsa
2015 476 2054 502 ut
2073 469 2234 503 creditur
2254 482 2327 503 non

458 543 536 576 sine
570 542 707 575 fraudis
741 547 907 574 comento
938 540 981 572 ad
1011 538 1186 572 fabricam
1217 545 1252 571 ct
1287 543 1501 582 perpetuum
1538 535 1701 569 divinum
1736 535 1872 568 cultum
1908 547 2054 569 suarum
2090 535 2326 570 ecclesiarum

457 609 615 654 relinqui
643 614 848 653 procurant.
877 608 1012 640 Verum
1040 618 1119 638 cum
1153 616 1216 649 per
1236 604 1302 636 hec
1330 610 1365 636 et
1389 603 1476 636 alias
1503 602 1547 635 ab
1575 602 1666 647 ipsis
1694 601 1881 647 religiosis
1906 603 2115 636 memoratis
2135 603 2272 637 decano
2293 611 2330 637 et

456 675 612 721 capitulo
643 681 678 707 et
711 674 858 719 prefatis
892 671 1095 705 rectoribus
1130 670 1351 715 multiplices
1386 670 1563 714 irrogatas
1599 668 1751 713 injurias
1785 668 1856 714 ipsi
1890 668 2153 703 mutilationem
2184 670 2221 703 in
2250 670 2328 703 suis

459 741 647 774 beneficiis
676 753 748 773 non
776 740 950 772 modicam
978 738 1168 783 patiantur,
1196 736 1263 768 suit
1290 735 1396 768 nobis
1425 747 1467 768 ex
1495 741 1594 780 parte
1622 735 1785 780 ipsorum
1813 734 1999 769 humiliter
2021 735 2262 782 supplicatum
2290 743 2331 770 ut

458 808 635 841 molestiis
657 814 691 839 et
716 806 859 851 injuriis
885 805 1076 838 terminum
1104 803 1339 848 dignaremur
1366 802 1554 846 imponere
1583 801 1816 846 supradictis.
1839 803 1914 835 Nos
1938 802 2072 848 itaque,
2095 803 2157 848 qui
2177 809 2329 836 cunctos

459 874 594 908 Christi
622 873 748 905 fideles
770 879 805 904 et
825 871 1014 916 presertim
1044 869 1223 914 regularis
1250 868 1391 901 ordinis
1416 869 1649 913 professores
1670 880 1713 901 eo
1733 868 1963 913 providentie
1987 869 2110 902 studio
2131 869 2329 915 gubernari

458 940 636 985 cupimus⁷
659 946 697 971 ut
716 939 752 970 in
774 938 827 970 eis
853 937 1020 970 curiosus
1047 936 1151 968 etiam
1179 941 1359 968 scrutator
1379 934 1491 967 nichil
1517 935 1677 968 inveniat
1697 941 1780 968 nota
1801 935 1967 980 dignum,
1989 935 2153 980 ipsorum
2179 935 2330 981 religio-

457 1018 578 1039 sorum
604 1006 708 1045 fame,
731 1003 1049 1049 parrochianorum
1077 1002 1196 1042 saluti,
1221 1008 1255 1034 et
1276 1001 1523 1046 predictorum
1549 1001 1677 1034 decani
1699 1008 1734 1034 et
1753 1001 1901 1046 capituli
1923 1008 1958 1034 et
1978 1009 2159 1035 rectorum
2187 1001 2330 1047 predic-

455 1079 567 1105 tarum
589 1071 823 1103 ecclesiarum
847 1069 1069 1114 profectibus
1090 1067 1285 1101 salubriter
1307 1068 1500 1113 providere
1521 1067 1702 1109 volentes,
1725 1068 1939 1101 discretioni
1964 1074 2024 1101 tue
2046 1080 2111 1113 per
2131 1068 2330 1114 apostolica

457 1138 587 1182 scripta
615 1137 836 1176 mandamus,
865 1136 1034 1180 quatinus
1064 1135 1222 1179 prefatos
1250 1134 1523 1179 parrochianos,
1550 1146 1595 1167 ne
1622 1134 1842 1180 contemptis
1870 1134 2044 1180 predictis
2070 1134 2239 1168 ecclesiis
2264 1147 2330 1181 pro

456 1204 589 1237 divinis
614 1203 805 1236 audiendis
831 1202 960 1234 officiis
980 1208 1016 1234 et
1040 1201 1261 1246 recipiendis
1288 1200 1515 1246 temporibus
1540 1201 1715 1247 congruis
1741 1200 2000 1234 ecclesiasticis
2026 1201 2261 1234 sacramentis
2285 1201 2330 1234 ad

456 1270 590 1303 alienas
620 1269 792 1302 accedant
821 1268 1009 1308 ecclesias,
1041 1279 1185 1300 necnon
1215 1274 1251 1300 et
1278 1268 1381 1312 ipsos
1411 1267 1609 1313 religiosos
1639 1269 1892 1313 cujuscunque
1923 1268 1997 1301 sint
2025 1267 2179 1309 ordinis,
2213 1279 2258 1300 ne
2292 1267 2331 1300 in

455 1337 606 1370 aliorum
635 1336 875 1381 prejudicium
901 1334 1161 1379 parrochianos
1190 1334 1348 1379 prefatos
1374 1334 1418 1367 ad
1436 1334 1655 1379 'hujusmodi
1682 1334 1799 1367 officia
1819 1346 1885 1367 seu
1906 1341 2129 1367 sacramenta
2155 1333 2332 1380 recipiant

455 1416 520 1436 nec
539 1403 791 1436 confessiones
812 1402 958 1452 audiant
982 1401 1197 1442 eorundem,
1213 1401 1284 1434 nisi
1306 1401 1416 1446 petita
1436 1401 1538 1446 prius
1556 1408 1591 1434 et
1607 1401 1754 1434 obtenta
1774 1401 1920 1434 licentia
1936 1413 1954 1434 a
1971 1400 2160 1434 sacerdote
2181 1401 2330 1446 proprio

451 1471 550 1515 juxta
576 1476 705 1502 statuta
731 1469 886 1503 Concilii
914 1468 1128 1513 generalis’,
1161 1480 1227 1501 nec
1256 1468 1362 1501 etiam
1393 1468 1465 1501 nisi
1495 1468 1590 1513 apud
1621 1479 1685 1501 eos
1715 1479 1758 1501 ex
1789 1468 1983 1501 devotione
2011 1467 2122 1501 animi
2149 1467 2331 1513 elegerint

456 1536 637 1577 tumulari,
660 1537 760 1581 ipsos
788 1536 831 1568 ad
859 1535 1081 1580 sepulturam
1111 1534 1312 1574 admittant,
1343 1534 1391 1568 ita
1420 1541 1552 1576 tamen,
1584 1534 1682 1580 quod
1714 1541 1797 1567 tunc
1824 1534 1951 1567 eedem
1979 1534 2135 1567 ecclesie
2162 1534 2329 1579 portione

454 1603 626 1636 canonica
660 1615 732 1635 non
766 1602 991 1642 fraudentur,
1026 1601 1239 1634 auctoritate
1274 1607 1398 1634 nostra
1433 1613 1498 1646 per
1532 1608 1566 1634 te
1592 1601 1650 1634 vel
1679 1613 1744 1646 per
1772 1600 2086 1637 aliumattentius
2116 1612 2265 1634 moneas
2295 1607 2331 1633 et

455 1670 605 1702 inducas
640 1669 740 1714 ipsos
774 1669 817 1701 ad
852 1669 901 1709 id,
938 1675 973 1701 et
1005 1674 1041 1701 ut
1076 1668 1247 1701 decetero
1281 1667 1325 1701 ab
1359 1667 1570 1712 hujusmodi
1605 1667 1851 1713 predictorum
1883 1667 2010 1700 decani
2044 1673 2080 1700 et
2112 1666 2260 1712 capituli
2295 1673 2332 1700 et

455 1736 648 1769 earundem
681 1735 915 1768 ecclesiarum
947 1741 1128 1768 rectorum
1160 1734 1340 1768 molestiis
1370 1741 1405 1767 et
1434 1734 1579 1779 injuriis
1609 1734 1758 1767 omnino
1790 1734 2007 1776 abstineant,
2039 1746 2104 1779 per
2137 1745 2329 1767 censuram

454 1803 734 1836 ecclesiasticam
756 1802 997 1847 appellatione
1025 1808 1162 1835 remota
1190 1802 1312 1847 previa
1340 1801 1479 1834 ratione
1506 1801 1745 1847 compellens.
1773 1802 1853 1834 Non
1878 1800 2045 1834 obstante
2069 1800 2189 1846 aliqua
2209 1799 2330 1834 indul-

454 1870 574 1915 gentia
609 1869 793 1915 religiosis
833 1869 923 1914 ipsis
958 1868 1015 1902 vel
1054 1868 1134 1901 aliis
1174 1868 1243 1901 sub
1283 1880 1499 1913 quacunque
1537 1867 1733 1901 verborum
1772 1868 1886 1900 forma
1924 1867 1968 1900 ab
2003 1866 2202 1912 apostolica
2241 1866 2330 1900 sede

454 1948 640 1977 concessa,
665 1948 728 1981 per
755 1948 860 1980 quam
888 1948 962 1968 non
989 1947 1197 1981 expressam
1230 1934 1464 1980 presentibus
1493 1935 1537 1967 de
1561 1934 1674 1968 verbo
1703 1934 1748 1968 ad
1773 1934 1924 1968 verbum
1954 1934 2132 1979 premissa
2159 1933 2330 1978 impediri

454 2003 595 2036 valeant
612 2002 670 2035 vel
691 2002 841 2035 differri.
864 2003 941 2035 Dat.
965 2002 1099 2035 Assisii
1119 2003 1152 2046 vj
1175 2002 1223 2035 id.
1247 2001 1345 2043 Maii,
1368 2001 1599 2046 pontificatus
1620 2001 1737 2034 nostri
1757 2013 1852 2034 anno
1873 2000 2080 2034 undecimo.

547 2100 681 2131 Originale
702 2100 727 2123 in
748 2100 823 2123 Areh.
844 2103 896 2123 nat.
914 2100 998 2123 Paris.
1016 2100 1042 2123 L.
1060 2100 1114 2127 248,
1131 2103 1160 2122 n⁰
1176 2100 1229 2122 255.
1253 2099 1330 2122 Bulla
1349 2099 1430 2122 deest.
1450 2112 1483 2117 ·—-
1501 2098 1630 2127 Colliette,
1653 2097 1803 2123 Me'moires
1822 2099 1854 2122 de
1875 2098 1902 2122 la
1922 2099 2058 2128 province
2076 2099 2117 2122 du
2138 2098 2328 2128 Vm·ma‘ndot's.

453 2145 485 2173 11,
506 2145 560 2167 688.
577 2158 607 2161 —
627 2145 655 2167 ln
674 2144 742 2168 Bibl.
763 2144 901 2167 Basilieusi
921 2144 977 2167 cod.
999 2144 1027 2167 B.
1052 2144 1080 2167 X.
1103 2144 1141 2172 14,
1166 2143 1209 2167 fol.
1231 2144 1269 2172 54,
1291 2143 1461 2167 inveniuntur
1475 2143 1579 2167 litterae
1598 2142 1717 2174 ejusdem
1736 2142 1834 2166 tenoris
1850 2146 1875 2166 et
1890 2142 2016 2174 temporis
2038 2142 2152 2166 directae
2171 2143 2206 2166 ad
2226 2142 2331 2174 episco-

453 2197 516 2220 pum
538 2189 710 2212 Morinensem
729 2189 813 2220 quoad
832 2188 1023 2220 querimoniam
1045 2188 1200 2220 praepositi,
1223 2187 1316 2211 decani
1342 2191 1368 2211 et
1391 2187 1502 2219 capituli
1524 2187 1649 2211 ecclesiae
1672 2187 1698 2210 S.
1722 2187 1828 2210 Martini
1847 2187 1942 2218 Ypren.
1959 2187 2015 2210 ord.
2040 2187 2066 2210 S.
2083 2186 2236 2218 Augustini;
2258 2187 2329 2219 apud

452 2233 556 2261 Baluze,
575 2233 703 2258 Concilia
718 2233 827 2257 Galliae
842 2233 976 2261 Narbon..
994 2234 1071 2264 App„
1088 2241 1114 2264 p.
1132 2233 1186 2260 156,
1202 2232 1317 2255 directae
1333 2235 1395 2255 sunt.
1413 2232 1446 2255 ad
1466 2231 1698 2263 archiepiscopum
1713 2231 1911 2255 Narbonensem
1926 2231 1953 2254 in
1968 2231 2083 2262 gratiam
2098 2231 2203 2255 abbatis
2214 2234 2240 2255 et
2254 2231 2330 2263 capi-

451 2278 499 2301 tuli
510 2278 652 2301 saecularis
668 2278 793 2300 ecclesiae
809 2278 834 2301 S.
852 2277 926 2301 Pauli
942 2277 1067 2305 Narbon.,
1084 2277 1173 2308 ibique
1189 2280 1250 2300 sunt
1265 2277 1333 2300 aliae
1346 2276 1477 2300 indicatae
1492 2277 1526 2300 ad
1542 2276 1653 2300 eundem
1668 2276 1899 2308 archiepiscopum
1914 2276 2001 2308 quoad
2015 2276 2131 2307 priorem
2143 2276 2168 2299 S.
2185 2275 2284 2300 Mariae
2299 2276 2331 2300 de

452 2322 539 2353 Burgo
554 2322 668 2345 Narbon.
686 2322 741 2345 ord.
759 2323 784 2345 S.
802 2322 943 2349 Benedicti,
960 2325 985 2345 et
1004 2322 1075 2353 apud
1096 2321 1225 2349 Potthast,
1242 2321 1274 2344 1ιῦΙ
1292 2321 1369 2344 15356
1388 2324 1414 2344 et
1434 2322 1519 2349 15:359,
1536 2321 1569 2344 ad
1584 2321 1666 2352 episc.
1688 2320 1907 2352 Herbipolensem
1922 2323 1948 2344 et
1962 2320 2198 2344 Constantiensem.
2215 2333 2246 2359 Τ-
2261 2320 2331 2344 Istae

451 2371 476 2390 et
493 2367 592 2390 similes
610 2367 736 2398 epistolae
755 2366 952 2398 praeparabant
971 2366 1030 2389 illas
1057 2367 1173 2389 famosas
1198 2366 1268 2389 infra
1288 2370 1317 2388 n⁰
1337 2366 1382 2389 240
1401 2365 1551 2397 publicatas
1573 2365 1709 2397 generales
1730 2365 1833 2389 litteras
1854 2365 1998 2388 Innocentii
2018 2365 2060 2388 IV.
2082 2364 2209 2393 Quamvis
2229 2364 2256 2388 in
2271 2364 2344 2388 istis*

453 2411 597 2442 generatim
620 2412 651 2434 de
676 2411 797 2434 omnibus
823 2411 955 2442 religiosis
978 2410 1097 2442 quaestio
1117 2410 1160 2438 sit,
1182 2410 1354 2433 nihilominus
1369 2413 1456 2433 tamen
1476 2410 1562 2433 editae
1583 2413 1645 2433 sunt
1664 2409 1807 2441 praecipue
1827 2412 1919 2433 contra
1938 2409 2005 2432 duos
2025 2409 2131 2433 ordines
2151 2409 2330 2433 mendicantes

452 2455 663 2478 Praedicatorum
679 2459 704 2478 ct
719 2455 857 2482 Minorum,
874 2458 902 2478 ut
916 2458 1007 2478 notum
1022 2458 1062 2478 est
1081 2463 1112 2478 ex
1130 2454 1265 2478 historicis
1285 2454 1398 2478 coaevis.
1417 2454 1567 2478 Sulimbene
1582 2458 1720 2486 praeterea
1735 2454 1852 2478 affirmat
1875 2462 1919 2477 eas
1939 2453 2099 2485 praeprimis
2119 2457 2211 2477 contra
2233 2454 2330 2477 fratros

452 2500 646 2523 Praedicator-es
670 2500 751 2522 fuisse
766 2500 888 2527 directas,
907 2508 917 2522 (ι
935 2499 995 2531 quia
1011 2502 1102 2522 contra
1117 2499 1237 2522 ordinem
1253 2501 1365 2523 fratrum
1381 2500 1473 2523 Praed.
1491 2502 1649 2531 conceperat
1663 2499 1762 2526 odium,
1778 2502 1807 2522 ut
1828 2498 1926 2527 audivi,
1943 2501 1969 2522 et
1993 2499 2088 2522 fratres
2108 2498 2222 2521 Minores
2237 2500 2330 2529 postea

451 2544 575 2575 sperabat
587 2544 723 2567 absolvere
735 2553 756 2567 »,
771 2544 884 2571 Chron.‚
896 2544 922 2566 in
934 2544 996 2567 cod.
1008 2544 1064 2567 vat.
1078 2545 1147 2572 7260,
1161 2544 1205 2567 fol.
1218 2544 1262 2567 182
1276 2543 1381 2575 (desunt
1393 2544 1457 2567 haec
1471 2544 1552 2567 verba
1567 2543 1593 2567 in
1609 2544 1660 2571 ed.,
1675 2552 1701 2575 p.
1715 2543 1778 2575 213).
1791 2543 1993 2574 Chronographi
2006 2542 2167 2574 posteriores
2179 2542 2329 2566 Galvaneus

453 2588 569 2610 Flamma
584 2588 660 2618 (Bibl.
678 2588 799 2611 Casanat.
816 2588 844 2611 B.
862 2589 907 2615 111,
924 2589 962 2615 25,
980 2588 1023 2611 fol.
1042 2588 1096 2617 33¹³)
1117 2592 1143 2611 et
1158 2588 1332 2619 Hieronymus
1348 2589 1380 2611 de
1395 2588 1521 2612 Borsellis
1542 2588 1620 2618 (Bibl.
1645 2588 1766 2612 Univers.
1791 2588 1900 2615 Bonum,
1922 2595 1971 2610 ms.
1993 2587 2063 2615 1999,
2085 2586 2130 2610 rol.
2152 2585 2207 2618 53⁶)
2227 2586 2254 2609 in
2268 2586 2325 2610 suis

454 2632 605 2659 chronicis,
622 2632 689 2654 sicut
702 2635 726 2655 et
741 2632 815 2655 Ferd.
832 2633 874 2655 del
889 2632 1016 2663 Castiglio
1031 2632 1168 2664 (Historia
1183 2633 1317 2663 yenerale
1331 2633 1361 2657 di
1375 2633 1404 2657 S.
1420 2632 1578 2661 Domenico,
1596 2641 1623 2664 p.
1640 2632 1704 2662 311),
1723 2632 1842 2656 diversas
1858 2631 1972 2655 afferunt
1993 2631 2108 2655 rationes
2133 2630 2166 2654 ad
2184 2630 2233 2653 hoc
2248 2630 2329 2663 expli-

451 2676 571 2698 candum.
593 2675 698 2698 Certum
717 2679 757 2699 est
775 2677 965 2705 tantummodo,
985 2677 1111 2707 epistolas
1133 2677 1230 2700 habere
1250 2677 1372 2700 intimum
1391 2685 1536 2700 connexum
1550 2685 1611 2700 cum
1629 2676 1675 2700 illa
1690 2676 1766 2708 gravi
1786 2679 1952 2708 tempestate,
1968 2683 2047 2707 quam
2063 2674 2230 2699 Universitas
2251 2675 2328 2698 Pari-

453 2719 556 2746 siensis,
571 2719 645 2750 cujus
660 2723 815 2750 procurator
830 2720 899 2743 circa
914 2720 983 2743 istud
998 2724 1102 2752 tempus
1118 2721 1144 2744 in
1160 2721 1233 2744 curia
1250 2721 1403 2745 morabatur
1420 2722 1461 2751 (cf.
1480 2721 1549 2745 infra
1568 2725 1598 2744 n⁰
1617 2721 1681 2752 238),
1702 2724 1794 2744 contra
1816 2720 1942 2744 Ordinem
1957 2719 2171 2743 Praedicatorum
2191 2719 2326 2750 excitavit,

452 2766 529 2795 atque
551 2763 730 2786 Innocentium
749 2772 792 2787 ens
813 2764 960 2795 scripsisse,
986 2765 1047 2796 quia
1066 2768 1132 2788 teste
1153 2765 1302 2789 Salimbene
1322 2765 1348 2797 (l.
1371 2768 1403 2795 c.)
1424 2766 1538 2789 voluerit
1566 2765 1719 2789 satisfacere
1743 2764 1845 2788 clericis
1871 2764 2061 2792 saecularibus,
2084 2763 2164 2787 immo
2186 2763 2324 2795 praelatis,

453 2815 564 2839 quorum
582 2808 702 2839 querelae
717 2808 857 2839 praecipue
873 2812 963 2831 eontra
979 2810 1072 2833 fratres
1088 2809 1285 2833 Praedicatores
1301 2810 1492 2842 dirigebantur.
1509 2810 1573 2833 Vide
1589 2809 1658 2833 intra
1672 2813 1701 2832 n⁰
1717 2810 1770 2833 250.

545 2892 566 2914 1.
586 2892 614 2914 ln
630 2899 666 2914 or.
684 2891 810 2922 repetitur
829 2903 837 2913 ι
854 2892 969 2915 remedia
986 2901 996 2914 υ
1013 2896 1073 2923 post
1090 2901 1101 2916 <(
1117 2901 1212 2924 parare
1228 2902 1250 2916 ».
1264 2907 1295 2912 —-
1310 2895 1332 2917 2.
1352 2893 1536 2918 Lateranensis
1552 2894 1593 2917 lv.
