2580 3528
447 356 509 388 150
1030 366 1351 387 ana'reLAmum
1387 366 1578 388 cxlvmts.
1616 367 1746 388 ranis.
2225 356 2325 397 [1233

445 439 576 472 alicubi
609 439 739 471 domus
767 439 832 471 Dei
861 438 1089 480 custodibus,
1121 439 1332 472 nutantibus
1361 439 1450 472 viris
1483 440 1705 481 fortissimis,
1739 439 2020 473 dormitantibus
2052 439 2261 485 pastoribus
2291 446 2326 472 et

446 505 712 539 dormientibus
738 505 997 551 paranimphis,
1026 506 1340 538 armamentarium
1367 506 1498 539 domus
1525 506 1638 539 saltus
1664 506 1858 551 aliquando
1885 507 2056 552 diripitur
2077 513 2112 539 et
2132 506 2324 545 scinditur,

445 573 714 606 obsurdescunt
742 572 815 605 filie
848 573 1031 613 carminis,
1059 572 1144 605 dum
1175 584 1355 617 precones
1386 579 1421 605 et
1449 573 1582 618 vigiles
1612 573 1856 618 flagellantur,
1886 580 1996 606 ruunt
2020 572 2178 618 improbi
2208 585 2325 618 nsque

446 640 489 672 ad
521 651 655 684 sponse
684 639 892 676 thalamum,
924 640 1007 671 dum
1040 651 1112 671 non
1143 646 1199 672 est
1227 639 1289 684 qui
1319 639 1523 684 prohibeat,
1555 646 1590 672 et
1615 641 1694 684 ejus
1722 640 1858 672 laniant
1887 646 2111 681 ornamenta,
2138 639 2326 685 pelluntur

446 707 603 739 ministri
620 719 637 739 a
655 706 825 738 domibus
842 713 873 738 ct
892 718 909 738 a
927 706 1004 738 suis
1025 705 1220 750 aliquando
1242 705 1393 738 sedibus
1415 706 1624 738 sacerdotes
1646 706 1792 738 Domini
1813 706 2080 751 propelluntur.
2102 707 2326 751 Frequenter

446 785 600 818 namque
626 773 836 817 hujusmodi
861 772 1030 817 querelas
1055 772 1273 808 audivimus,
1297 772 1362 804 sed
1388 784 1468 804 raro
1491 784 1551 805 eas
1573 772 1694 805 debita
1715 784 1869 805 censura
1895 773 2114 817 insequitur,
2136 784 2181 805 ne
2204 772 2325 818 repul-

446 840 562 873 lulent
585 840 707 884 spuria
728 839 936 872 vitulamina
963 845 997 871 et
1022 838 1163 870 radices
1185 838 1375 883 porrigant
1399 839 1435 870 in
1462 839 1697 883 profundum,
1720 851 1765 871 ne
1787 839 2061 872 condensentur
2081 839 2118 871 in
2139 839 2269 872 saltum
2290 846 2326 872 et

446 907 666 940 roborentur
690 905 845 939 validius
876 917 940 949 per
968 905 1133 937 abusum.
1162 906 1286 949 Nuper
1322 905 1503 950 siquidem
1535 905 1630 938 inter
1659 905 1727 938 alia
1755 906 1937 950 quoddam
1965 905 2189 938 horrendum
2217 905 2325 938 nobis

445 974 614 1011 innotuit,
642 985 752 1017 super
778 984 862 1017 quo,
892 972 923 1004 si
952 978 985 1004 te
1009 984 1049 1004 ac
1070 971 1161 1004 alios
1187 971 1342 1004 clericos
1371 979 1406 1005 et
1426 972 1552 1013 laicos,
1583 979 1623 1005 ut
1648 972 1812 1013 deberet,
1839 972 1939 1005 zelus
1961 972 2171 1005 comederet
2195 972 2326 1005 domus

446 1041 526 1081 Dei,
548 1040 650 1085 prius
680 1039 723 1072 ad
745 1051 812 1071 nos
842 1039 1001 1071 vindicte
1028 1039 1118 1071 fama
1148 1039 1301 1083 perferri
1333 1038 1472 1080 debuit,
1501 1051 1607 1084 quam
1629 1039 1790 1084 querela,
1817 1039 1915 1084 quod
1935 1039 2107 1072 videlicet
2128 1038 2190 1071 ille
2216 1051 2325 1084 preco

447 1107 605 1147 Domini,
628 1106 689 1151 qui
717 1105 879 1139 valenter
906 1112 1078 1150 argentea
1106 1105 1190 1138 tuba
1218 1105 1346 1138 clamat
1366 1106 1409 1138 ad
1430 1105 1599 1151 populos,
1624 1106 1685 1150 qui
1712 1106 1847 1138 sedens
1869 1106 1904 1138 in
1931 1105 2100 1139 cathedra
2122 1106 2323 1142 seniorum,

446 1186 525 1207 cum
548 1173 708 1218 linguam
731 1172 859 1205 habeat
881 1172 1071 1213 eruditam,
1096 1172 1140 1204 de
1162 1172 1339 1217 sapientia
1360 1173 1455 1205 inter
1475 1173 1658 1217 perfectos
1684 1172 1856 1218 disputat,
1879 1173 2070 1205 audientes
2098 1172 2226 1205 doctos
2249 1172 2326 1205 essi-

446 1241 547 1273 eiens
568 1240 764 1278 doctiores,
788 1239 944 1272 dilectus
964 1239 1136 1272 videlicet
1160 1239 1257 1272 filius
1278 1239 1341 1271 Ph.
1364 1239 1604 1272 cancellarius
1625 1239 1844 1273 Parisiensis
1866 1239 2123 1272 Noviomensis
2148 1238 2326 1272 archidia-

446 1320 574 1349 conus,
598 1307 681 1339 dum
699 1306 807 1340 vellet
824 1333 844 1338 ..
863 1306 1027 1339 abbatem
1046 1306 1166 1339 Sancti
1183 1306 1338 1350 Prejecti
1354 1306 1451 1351 apud
1468 1307 1638 1339 Sanctum
1655 1306 1869 1349 Quintilium
1887 1306 2144 1339 Noviomensis
2166 1306 2326 1339 diocesis

449 1376 482 1407 in
518 1387 582 1407 sua
617 1374 704 1406 sede
733 1375 833 1418 juxta
870 1373 978 1405 oflicii
1009 1373 1065 1405 sui
1098 1372 1260 1405 debitum
1291 1373 1490 1414 installare,
1522 1373 1676 1418 Egidius
1707 1373 1832 1405 Fontis
1863 1373 2073 1406 Somensis‘*
2100 1372 2326 1406 senescallus

447 1441 750 1475 Viromandensis
780 1440 1037 1472 Noviomensis
1066 1440 1225 1473 diocesis
1260 1452 1340 1472 cum
1377 1440 1454 1472 suis
1484 1439 1726 1485 complicibus
1757 1440 1793 1472 in
1823 1440 1942 1485 ipsum
1970 1439 2027 1472 bis
2062 1440 2207 1472 irruens
2237 1438 2327 1472 dila-

448 1508 554 1541 niatis
585 1509 664 1552 ejus
694 1507 858 1540 vestibus
887 1507 938 1539 sic
971 1507 1123 1551 turpiter
1153 1507 1314 1539 tractavit
1343 1506 1513 1547 eundem,
1545 1507 1643 1551 quod
1674 1507 1810 1539 referre
1841 1507 1963 1539 forsan
1994 1518 2067 1539 non
2095 1506 2252 1551 expedit,
2282 1518 2326 1538 ne

450 1575 562 1607 relatu
584 1574 851 1619 quodammodo
880 1574 1087 1619 geminetur
1111 1574 1256 1618 injuria,
1284 1573 1497 1618 priusquam
1519 1574 1701 1606 infamiam
1723 1573 1874 1606 sceleris
1899 1573 1990 1605 fauna
2013 1572 2142 1605 obruat
2162 1572 2325 1605 ultionis.

450 1644 522 1674 Nos
544 1642 663 1686 itaque
690 1641 750 1686 qui
776 1641 858 1673 talia
880 1641 1047 1673 dolentes
1073 1641 1292 1681 audivimus,
1320 1653 1386 1673 nec
1413 1652 1453 1673 ea
1478 1640 1648 1673 volumus
1674 1639 1930 1673 coniventibus
1951 1639 2068 1672 oculis
2090 1639 2325 1684 pertransire,

451 1707 721 1741 venerabilibus
748 1707 920 1740 fratribus
949 1707 1121 1740 nostris..
1140 1707 1311 1740 Remensi
1342 1714 1411 1739 et..
1445 1707 1649 1740 Senonensi
1675 1706 1961 1751 archiepiscopis
1988 1713 2023 1738 et
2047 1718 2173 1738 eorum
2200 1705 2328 1738 suffra-

448 1776 575 1819 ganeis
601 1775 737 1807 nostris
768 1774 894 1806 damus
925 1774 1056 1806 litteris
1087 1774 1123 1806 in
1153 1774 1343 1810 mandatis,
1375 1780 1413 1806 ut
1442 1774 1473 1806 si
1503 1780 1558 1806 est
1587 1774 1634 1806 ita
1665 1773 1866 1818 predictum
1898 1772 2139 1806 senescallum
2171 1784 2210 1805 ac
2240 1783 2328 1805 suos

449 1842 646 1887 complices
668 1841 825 1886 singulis
847 1841 978 1873 diebus
1006 1841 1199 1873 dominicis
1225 1847 1260 1873 et
1285 1841 1425 1873 festivis
1452 1840 1604 1885 pulsatis
1625 1840 1809 1885 campanis
1831 1839 2161 1872 excommunicatos
2182 1838 2328 1884 publice

450 1909 630 1949 nuntient,
658 1915 692 1940 et
713 1908 847 1940 tamdiu
869 1908 1000 1940 faciant
1022 1919 1087 1952 per
1108 1919 1192 1940 suas
1221 1907 1388 1940 dioceses
1417 1907 1575 1940 nuntiari
1596 1906 1639 1939 ab
1661 1906 1832 1939 omnibus
1851 1907 1964 1939 artius
1986 1905 2188 1946 evitandos,
2211 1905 2328 1937 donec

451 1977 540 2017 Deo,
563 1975 685 2016 nobis,
707 1981 742 2007 et
763 1974 917 2007 ecclesie
943 1987 982 2007 ac
1004 1986 1111 2019 passo
1139 1974 1307 2018 injuriam
1329 1986 1440 2019 super
1461 1973 1529 2006 hoc
1551 1985 1714 2018 congrue
1736 1973 1991 2013 satisfecerint,
2022 1971 2264 2017 personaliter
2285 1971 2329 2004 ad

451 2042 575 2075 sedem
604 2041 839 2086 apostolicam
867 2041 1094 2082 accedentes,
1128 2047 1163 2073 et
1190 2041 1390 2073 meruerint
1419 2040 1662 2073 absolutionis
1693 2039 1910 2072 beneficium
1939 2032 2117 2084 optinere.
2151 2037 2329 2081 Quocirca

452 2109 677 2149 mandamus,
703 2108 873 2153 quatinus
895 2108 1029 2140 dictum
1056 2107 1234 2148 abbatem,
1263 2107 1324 2152 qui
1345 2120 1363 2139 a
1384 2107 1475 2140 laico
1502 2107 1813 2139 excommunicato
1835 2113 1870 2139 et
1895 2105 2075 2150 sacrilego
2098 2111 2180 2150 post
2206 2104 2330 2150 appel—

452 2176 621 2208 lationem
650 2175 694 2208 ad
722 2187 789 2208 nos
819 2174 1069 2219 interpositam
1100 2173 1143 2206 ab
1174 2173 1429 2206 archidiacono
1460 2180 1658 2206 memorato
1689 2185 1728 2206 se
1756 2173 1923 2218 permisit
1953 2172 1990 2204 in
2020 2171 2188 2204 cathedra
2219 2171 2330 2216 pesti—

452 2243 562 2275 lentie
597 2241 788 2283 installari,
823 2241 866 2274 ab
896 2241 1221 2273 amministratione
1256 2240 1435 2285 dejectum
1466 2247 1502 2272 et
1530 2246 1685 2285 quatuor
1717 2239 1761 2272 de
1792 2238 2002 2272 senioribus
2037 2237 2237 2279 monachis,
2269 2237 2332 2282 qui

452 2310 600 2342 suerunt
620 2315 688 2342 tam
719 2308 931 2341 detestande
960 2307 1246 2353 presumptionis
1268 2307 1476 2352 participes,
1506 2318 1708 2352 suspensos
1736 2306 1780 2339 ab
1809 2306 1926 2338 officio
1956 2306 2074 2338 mittas
2102 2305 2146 2337 ad
2171 2310 2332 2337 nostram

453 2376 671 2421 presentiam
704 2375 923 2420 puniendos.
952 2374 1055 2407 Alios
1085 2380 1203 2407 autem
1234 2374 1445 2407 consimiles
1476 2373 1673 2406 monachos
1704 2385 1818 2418 ponas
1849 2373 1884 2404 in
1915 2372 1995 2405 aliis
2026 2371 2258 2404 monasteriis
2287 2370 2332 2403 ad
2371 2407 2375 2412 ¹

453 2450 561 2475 artam
594 2442 827 2487 penitentiam
857 2441 1113 2486 peragendam,
1143 2447 1251 2486 prout
1277 2441 1402 2473 merita
1428 2441 1579 2486 exigunt
1603 2440 1818 2481 eorundem,
1841 2439 2142 2478 contradictores,
2164 2443 2227 2471 etc.
2251 2438 2330 2470 Dat.

455 2509 620 2553 Anagnie
642 2509 664 2553 ij
689 2509 756 2541 kal.
777 2508 907 2548 Martii,
931 2520 1025 2540 anno
1047 2514 1161 2540 sexto.

549 2607 611 2637 Reg.
628 2607 684 2629 Vat.
702 2606 822 2637 Gregorii
839 2606 870 2629 tx
886 2614 927 2628 an.
944 2607 967 2633 6,
984 2614 1024 2636 ep.
1043 2606 1096 2633 345,
1119 2606 1162 2628 sol.
1180 2607 1218 2628 99.
1236 2606 1264 2628 In
1285 2606 1335 2628 stne
1350 2605 1448 2636 legitur
1463 2613 1467 2628 z
1489 2616 1496 2624 ι
1518 2606 1546 2628 In
1562 2605 1673 2628 eundem
1694 2604 1800 2627 modum
1816 2603 1946 2634 scriptum
1961 2606 2001 2626 est
2016 2610 2096 2633 super
2111 2601 2160 2624 hoc
2177 2619 2192 2624 ..
2210 2600 2332 2624 Remensi

455 2654 480 2673 ct
499 2669 513 2673 .,
536 2650 678 2673 Senonensi
699 2650 905 2681 archiepiscopis
926 2653 951 2673 ct
970 2658 1061 2672 eorum
1087 2649 1262 2680 suffraganeis
1283 2658 1366 2681 usque
1383 2649 1502 2673 obtinere
1523 2658 1544 2672 n.
1567 2647 1789 2680 Archiepiscopus
1808 2647 1943 2671 Remensis
1970 2646 2018 2670 fuit
2040 2645 2167 2672 Henricus
2187 2645 2219 2669 de
2236 2645 2332 2671 Drcux,

456 2695 613 2718 senonensis
629 2703 690 2718 vero
706 2695 828 2718 Gultcrus
844 2694 960 2717 Cornuti.

552 2780 573 2802 1.
592 2779 707 2807 Nivoluo,
724 2779 756 2801 ad
771 2787 846 2810 quem
864 2782 1002 2810 sequentes
1016 2778 1094 2801 etiam
1110 2778 1212 2801 litterae
1228 2778 1387 2809 diriguntur.
1406 2791 1436 2794 —
1453 2778 1473 2800 2.
1494 2777 1813 2800 Fontuine-sur-Souune.
