<?xml version="1.0" encoding="UTF-8"?>
<!DOCTYPE html PUBLIC "-//W3C//DTD XHTML 1.0 Transitional//EN"
    "http://www.w3.org/TR/xhtml1/DTD/xhtml1-transitional.dtd">
<html xmlns="http://www.w3.org/1999/xhtml" xml:lang="en" lang="en">
 <head>
  <title>
</title>
<meta http-equiv="Content-Type" content="text/html;charset=utf-8" />
  <meta name='ocr-system' content='tesseract 3.04.00' />
  <meta name='ocr-capabilities' content='ocr_page ocr_carea ocr_par ocr_line ocrx_word'/>
</head>
<body>
  <div class='ocr_page' id='page_1' title='image "./chartulariumuniv01univuoft_0678.png"; bbox 0 0 2580 3528; ppageno 0'>
   <div class='ocr_carea' id='block_1_1' title="bbox 460 417 2335 458">
    <p class='ocr_par' dir='ltr' id='par_1_1' title="bbox 460 417 2335 458">
     <span class='ocr_line' id='line_1_1' title="bbox 460 417 2335 458; baseline -0.002 -4"><span class='ocrx_word' id='word_1_1' title='bbox 460 422 525 455; x_wconf 79' lang='lat'>636</span> <span class='ocrx_word' id='word_1_2' title='bbox 1039 430 1360 453; x_wconf 55' lang='lat' dir='ltr'>ann&#39;rnLanit‘M</span> <span class='ocrx_word' id='word_1_3' title='bbox 1396 428 1585 450; x_wconf 69' lang='grc' dir='ltr'>υΝινΕΒε.</span> <span class='ocrx_word' id='word_1_4' title='bbox 1622 427 1751 449; x_wconf 60' lang='lat' dir='ltr'>lutus.</span> <span class='ocrx_word' id='word_1_5' title='bbox 2235 417 2335 458; x_wconf 85' lang='lat'>[1285</span> 
     </span>
    </p>
   </div>
   <div class='ocr_carea' id='block_1_2' title="bbox 461 501 2335 946">
    <p class='ocr_par' dir='ltr' id='par_1_2' title="bbox 461 501 2335 946">
     <span class='ocr_line' id='line_1_2' title="bbox 462 501 2334 550; baseline -0.002 -12"><span class='ocrx_word' id='word_1_6' title='bbox 462 505 615 539; x_wconf 89' lang='lat' dir='ltr'>ccclesia</span> <span class='ocrx_word' id='word_1_7' title='bbox 650 512 773 539; x_wconf 88' lang='lat' dir='ltr'>nostra</span> <span class='ocrx_word' id='word_1_8' title='bbox 807 505 845 538; x_wconf 91' lang='lat' dir='ltr'>in</span> <span class='ocrx_word' id='word_1_9' title='bbox 880 504 1255 550; x_wconf 73' lang='lat' dir='ltr'>recompensationem</span> <span class='ocrx_word' id='word_1_10' title='bbox 1291 503 1466 536; x_wconf 88' lang='lat' dir='ltr'>dictarum</span> <span class='ocrx_word' id='word_1_11' title='bbox 1502 502 1536 534; x_wconf 80' lang='lat' dir='ltr'>xl</span> <span class='ocrx_word' id='word_1_12' title='bbox 1571 501 1745 534; x_wconf 88' lang='lat' dir='ltr'>librarum</span> <span class='ocrx_word' id='word_1_13' title='bbox 1781 501 1974 546; x_wconf 84' lang='lat' dir='ltr'><strong>parisiens.</strong></span> <span class='ocrx_word' id='word_1_14' title='bbox 2015 501 2126 534; x_wconf 90' lang='lat' dir='ltr'>annui</span> <span class='ocrx_word' id='word_1_15' title='bbox 2167 501 2334 534; x_wconf 85' lang='lat' dir='ltr'>redditus</span> 
     </span>
     <span class='ocr_line' id='line_1_3' title="bbox 461 567 2335 615; baseline -0.002 -10"><span class='ocrx_word' id='word_1_16' title='bbox 461 573 643 606; x_wconf 83' lang='lat' dir='ltr'>nundinas</span> <span class='ocrx_word' id='word_1_17' title='bbox 670 579 814 605; x_wconf 84' lang='lat' dir='ltr'>nostras</span> <span class='ocrx_word' id='word_1_18' title='bbox 845 572 964 605; x_wconf 81' lang='lat' dir='ltr'>Sancti</span> <span class='ocrx_word' id='word_1_19' title='bbox 992 571 1178 612; x_wconf 80' lang='lat' dir='ltr'>Germani7</span> <span class='ocrx_word' id='word_1_20' title='bbox 1205 582 1275 615; x_wconf 86' lang='lat' dir='ltr'>que</span> <span class='ocrx_word' id='word_1_21' title='bbox 1302 569 1483 602; x_wconf 88' lang='lat' dir='ltr'>annuatim</span> <span class='ocrx_word' id='word_1_22' title='bbox 1511 568 1691 613; x_wconf 84' lang='lat' dir='ltr'>incipiunt</span> <span class='ocrx_word' id='word_1_23' title='bbox 1714 580 1759 601; x_wconf 88' lang='lat' dir='ltr'>xv</span> <span class='ocrx_word' id='word_1_24' title='bbox 1787 567 1845 601; x_wconf 87' lang='lat' dir='ltr'>die</span> <span class='ocrx_word' id='word_1_25' title='bbox 1873 575 1956 614; x_wconf 91' lang='lat' dir='ltr'>post</span> <span class='ocrx_word' id='word_1_26' title='bbox 1979 567 2115 602; x_wconf 85' lang='lat' dir='ltr'>Pascha</span> <span class='ocrx_word' id='word_1_27' title='bbox 2142 574 2178 602; x_wconf 90' lang='lat' dir='ltr'>et</span> <span class='ocrx_word' id='word_1_28' title='bbox 2204 568 2335 602; x_wconf 88' lang='lat' dir='ltr'>durant</span> 
     </span>
     <span class='ocr_line' id='line_1_4' title="bbox 462 634 2334 684; baseline -0.002 -12"><span class='ocrx_word' id='word_1_29' title='bbox 462 651 525 684; x_wconf 87' lang='lat' dir='ltr'>per</span> <span class='ocrx_word' id='word_1_30' title='bbox 549 639 633 684; x_wconf 86' lang='lat' dir='ltr'>xviij</span> <span class='ocrx_word' id='word_1_31' title='bbox 661 639 740 672; x_wconf 86' lang='lat' dir='ltr'>dies</span> <span class='ocrx_word' id='word_1_32' title='bbox 765 638 809 671; x_wconf 85' lang='lat' dir='ltr'>ab</span> <span class='ocrx_word' id='word_1_33' title='bbox 837 638 922 671; x_wconf 91' lang='lat' dir='ltr'>inde</span> <span class='ocrx_word' id='word_1_34' title='bbox 949 638 1157 678; x_wconf 79' lang='lat' dir='ltr'>continuos⁷</span> <span class='ocrx_word' id='word_1_35' title='bbox 1185 637 1221 669; x_wconf 92' lang='lat' dir='ltr'>in</span> <span class='ocrx_word' id='word_1_36' title='bbox 1250 636 1383 681; x_wconf 88' lang='lat' dir='ltr'>quibus</span> <span class='ocrx_word' id='word_1_37' title='bbox 1411 635 1507 668; x_wconf 89' lang='lat' dir='ltr'>idem</span> <span class='ocrx_word' id='word_1_38' title='bbox 1537 635 1708 667; x_wconf 90' lang='lat' dir='ltr'>dominus</span> <span class='ocrx_word' id='word_1_39' title='bbox 1742 646 1806 668; x_wconf 88' lang='lat' dir='ltr'>rex</span> <span class='ocrx_word' id='word_1_40' title='bbox 1833 635 2061 669; x_wconf 85' lang='lat' dir='ltr'>medietatem</span> <span class='ocrx_word' id='word_1_41' title='bbox 2097 634 2334 668; x_wconf 84' lang='lat' dir='ltr'>emolumenti</span> 
     </span>
     <span class='ocr_line' id='line_1_5' title="bbox 461 701 2334 750; baseline -0.002 -11"><span class='ocrx_word' id='word_1_42' title='bbox 461 705 615 739; x_wconf 90' lang='lat' dir='ltr'>habebat</span> <span class='ocrx_word' id='word_1_43' title='bbox 635 712 670 738; x_wconf 87' lang='lat' dir='ltr'>et</span> <span class='ocrx_word' id='word_1_44' title='bbox 690 704 913 750; x_wconf 78' lang='lat' dir='ltr'>percipiebat</span> <span class='ocrx_word' id='word_1_45' title='bbox 933 711 968 737; x_wconf 86' lang='lat' dir='ltr'>ct</span> <span class='ocrx_word' id='word_1_46' title='bbox 988 716 1055 737; x_wconf 86' lang='lat' dir='ltr'>nos</span> <span class='ocrx_word' id='word_1_47' title='bbox 1077 703 1179 736; x_wconf 88' lang='lat' dir='ltr'>aliam</span> <span class='ocrx_word' id='word_1_48' title='bbox 1202 703 1445 743; x_wconf 79' lang='lat' dir='ltr'>medietatem,</span> <span class='ocrx_word' id='word_1_49' title='bbox 1469 701 1587 734; x_wconf 88' lang='lat' dir='ltr'>eidem</span> <span class='ocrx_word' id='word_1_50' title='bbox 1609 701 1758 734; x_wconf 91' lang='lat' dir='ltr'>domino</span> <span class='ocrx_word' id='word_1_51' title='bbox 1780 702 1859 747; x_wconf 85' lang='lat' dir='ltr'>regi</span> <span class='ocrx_word' id='word_1_52' title='bbox 1881 708 1916 735; x_wconf 89' lang='lat' dir='ltr'>et</span> <span class='ocrx_word' id='word_1_53' title='bbox 1936 703 2016 747; x_wconf 88' lang='lat' dir='ltr'>ejus</span> <span class='ocrx_word' id='word_1_54' title='bbox 2036 701 2237 735; x_wconf 78' lang='lat' dir='ltr'>heredibus</span> <span class='ocrx_word' id='word_1_55' title='bbox 2257 702 2334 735; x_wconf 90' lang='lat' dir='ltr'>sive</span> 
     </span>
     <span class='ocr_line' id='line_1_6' title="bbox 462 767 2334 814; baseline -0.002 -9"><span class='ocrx_word' id='word_1_56' title='bbox 462 771 740 805; x_wconf 86' lang='lat' dir='ltr'>successoribus</span> <span class='ocrx_word' id='word_1_57' title='bbox 768 771 1032 811; x_wconf 85' lang='lat' dir='ltr'>concessimus,</span> <span class='ocrx_word' id='word_1_58' title='bbox 1055 769 1270 802; x_wconf 79' lang='lat' dir='ltr'>dimittimus</span> <span class='ocrx_word' id='word_1_59' title='bbox 1299 775 1334 801; x_wconf 90' lang='lat' dir='ltr'>et</span> <span class='ocrx_word' id='word_1_60' title='bbox 1359 768 1571 813; x_wconf 78' lang='lat' dir='ltr'>quittamuS,</span> <span class='ocrx_word' id='word_1_61' title='bbox 1597 767 1641 800; x_wconf 90' lang='lat' dir='ltr'>ab</span> <span class='ocrx_word' id='word_1_62' title='bbox 1672 767 1801 800; x_wconf 90' lang='lat' dir='ltr'>eodem</span> <span class='ocrx_word' id='word_1_63' title='bbox 1832 768 1981 802; x_wconf 90' lang='lat' dir='ltr'>domino</span> <span class='ocrx_word' id='word_1_64' title='bbox 2011 780 2112 814; x_wconf 85' lang='lat' dir='ltr'>rege,</span> <span class='ocrx_word' id='word_1_65' title='bbox 2134 767 2334 802; x_wconf 86' lang='lat' dir='ltr'>heredibus</span> 
     </span>
     <span class='ocr_line' id='line_1_7' title="bbox 461 833 2335 880; baseline -0.002 -9"><span class='ocrx_word' id='word_1_66' title='bbox 461 838 518 871; x_wconf 91' lang='lat' dir='ltr'>vel</span> <span class='ocrx_word' id='word_1_67' title='bbox 540 837 817 871; x_wconf 89' lang='lat' dir='ltr'>successoribus</span> <span class='ocrx_word' id='word_1_68' title='bbox 839 837 915 870; x_wconf 91' lang='lat' dir='ltr'>suis</span> <span class='ocrx_word' id='word_1_69' title='bbox 936 836 1144 880; x_wconf 90' lang='lat' dir='ltr'>ubicunque</span> <span class='ocrx_word' id='word_1_70' title='bbox 1160 834 1344 868; x_wconf 84' lang='lat' dir='ltr'>voluerint</span> <span class='ocrx_word' id='word_1_71' title='bbox 1364 834 1622 876; x_wconf 85' lang='lat' dir='ltr'>transferendi,</span> <span class='ocrx_word' id='word_1_72' title='bbox 1639 833 1752 867; x_wconf 87' lang='lat' dir='ltr'>nichil</span> <span class='ocrx_word' id='word_1_73' title='bbox 1772 833 1881 867; x_wconf 92' lang='lat' dir='ltr'>nobis</span> <span class='ocrx_word' id='word_1_74' title='bbox 1896 834 1954 868; x_wconf 89' lang='lat' dir='ltr'>vel</span> <span class='ocrx_word' id='word_1_75' title='bbox 1976 834 2131 868; x_wconf 84' lang='lat' dir='ltr'>ecclesie</span> <span class='ocrx_word' id='word_1_76' title='bbox 2152 841 2277 868; x_wconf 90' lang='lat' dir='ltr'>nostre</span> <span class='ocrx_word' id='word_1_77' title='bbox 2297 835 2335 868; x_wconf 83' lang='lat' dir='ltr'>in</span> 
     </span>
     <span class='ocr_line' id='line_1_8' title="bbox 462 901 2335 946; baseline -0.002 -9"><span class='ocrx_word' id='word_1_78' title='bbox 462 905 568 937; x_wconf 88' lang='lat' dir='ltr'>dictis</span> <span class='ocrx_word' id='word_1_79' title='bbox 596 904 770 936; x_wconf 89' lang='lat' dir='ltr'>nundinis</span> <span class='ocrx_word' id='word_1_80' title='bbox 798 903 855 936; x_wconf 93' lang='lat' dir='ltr'>vel</span> <span class='ocrx_word' id='word_1_81' title='bbox 882 903 918 935; x_wconf 91' lang='lat' dir='ltr'>in</span> <span class='ocrx_word' id='word_1_82' title='bbox 946 902 1203 935; x_wconf 86' lang='lat' dir='ltr'>emolumentis</span> <span class='ocrx_word' id='word_1_83' title='bbox 1231 913 1353 934; x_wconf 87' lang='lat' dir='ltr'>earum</span> <span class='ocrx_word' id='word_1_84' title='bbox 1382 901 1529 946; x_wconf 85' lang='lat' dir='ltr'>penitus</span> <span class='ocrx_word' id='word_1_85' title='bbox 1565 901 1778 934; x_wconf 87' lang='lat' dir='ltr'>retinentes.</span> <span class='ocrx_word' id='word_1_86' title='bbox 1806 902 1847 934; x_wconf 91' lang='lat' dir='ltr'>In</span> <span class='ocrx_word' id='word_1_87' title='bbox 1873 902 1978 946; x_wconf 89' lang='lat' dir='ltr'>cujus</span> <span class='ocrx_word' id='word_1_88' title='bbox 2003 901 2057 934; x_wconf 91' lang='lat' dir='ltr'>rei</span> <span class='ocrx_word' id='word_1_89' title='bbox 2085 901 2335 935; x_wconf 89' lang='lat' dir='ltr'>testimonium</span> 
     </span>
    </p>
   </div>
   <div class='ocr_carea' id='block_1_3' title="bbox 462 967 2336 1070">
    <p class='ocr_par' dir='ltr' id='par_1_3' title="bbox 462 967 2336 1070">
     <span class='ocr_line' id='line_1_9' title="bbox 463 967 2336 1015; baseline -0.001 -12"><span class='ocrx_word' id='word_1_90' title='bbox 463 977 651 1015; x_wconf 89' lang='lat' dir='ltr'>presentes</span> <span class='ocrx_word' id='word_1_91' title='bbox 683 969 821 1002; x_wconf 79' lang='lat' dir='ltr'>litteras</span> <span class='ocrx_word' id='word_1_92' title='bbox 856 968 990 1014; x_wconf 85' lang='lat' dir='ltr'>sigillis</span> <span class='ocrx_word' id='word_1_93' title='bbox 1025 969 1162 1002; x_wconf 91' lang='lat' dir='ltr'>nostris</span> <span class='ocrx_word' id='word_1_94' title='bbox 1192 968 1344 1001; x_wconf 84' lang='lat' dir='ltr'>fecimus</span> <span class='ocrx_word' id='word_1_95' title='bbox 1380 967 1548 1013; x_wconf 83' lang='lat' dir='ltr'>sigillari.</span> <span class='ocrx_word' id='word_1_96' title='bbox 1583 968 1713 1001; x_wconf 87' lang='lat' dir='ltr'>Actum</span> <span class='ocrx_word' id='word_1_97' title='bbox 1748 979 1875 1001; x_wconf 90' lang='lat' dir='ltr'>mense</span> <span class='ocrx_word' id='word_1_98' title='bbox 1909 968 2031 1010; x_wconf 85' lang='lat' dir='ltr'>Junio,</span> <span class='ocrx_word' id='word_1_99' title='bbox 2063 980 2158 1001; x_wconf 90' lang='lat' dir='ltr'>anno</span> <span class='ocrx_word' id='word_1_100' title='bbox 2189 968 2336 1002; x_wconf 89' lang='lat' dir='ltr'>Domini</span> 
     </span>
     <span class='ocr_line' id='line_1_10' title="bbox 462 1037 800 1070; baseline -0.003 -1"><span class='ocrx_word' id='word_1_101' title='bbox 462 1039 511 1070; x_wconf 61' lang='lat'>31⁰</span> <span class='ocrx_word' id='word_1_102' title='bbox 523 1037 597 1070; x_wconf 93' lang='lat' dir='ltr'>CC⁰</span> <span class='ocrx_word' id='word_1_103' title='bbox 610 1037 800 1069; x_wconf 84' lang='lat' dir='ltr'>LXXXV0.</span> 
     </span>
    </p>
   </div>
   <div class='ocr_carea' id='block_1_4' title="bbox 553 1132 2236 1165">
    <p class='ocr_par' dir='ltr' id='par_1_4' title="bbox 553 1132 2236 1165">
     <span class='ocr_line' id='line_1_11' title="bbox 553 1132 2236 1165; baseline -0.001 -7"><span class='ocrx_word' id='word_1_104' title='bbox 553 1134 700 1158; x_wconf 81' lang='lat' dir='ltr'>Memoires</span> <span class='ocrx_word' id='word_1_105' title='bbox 716 1133 883 1164; x_wconf 76' lang='lat' dir='ltr'>historiques</span> <span class='ocrx_word' id='word_1_106' title='bbox 898 1140 950 1158; x_wconf 82' lang='lat' dir='ltr'>sur</span> <span class='ocrx_word' id='word_1_107' title='bbox 964 1133 1002 1157; x_wconf 80' lang='lat' dir='ltr'>les</span> <span class='ocrx_word' id='word_1_108' title='bbox 1016 1133 1146 1165; x_wconf 77' lang='lat' dir='ltr'>benefices</span> <span class='ocrx_word' id='word_1_109' title='bbox 1160 1134 1212 1163; x_wconf 79' lang='lat' dir='ltr'>qui</span> <span class='ocrx_word' id='word_1_110' title='bbox 1226 1137 1289 1157; x_wconf 81' lang='lat' dir='ltr'>som</span> <span class='ocrx_word' id='word_1_111' title='bbox 1302 1134 1319 1157; x_wconf 74' lang='grc' dir='ltr'><em>ὰ</em></span> <span class='ocrx_word' id='word_1_112' title='bbox 1334 1133 1362 1157; x_wconf 84' lang='lat' dir='ltr'>la</span> <span class='ocrx_word' id='word_1_113' title='bbox 1374 1133 1572 1164; x_wconf 76' lang='lat' dir='ltr'>presentation</span> <span class='ocrx_word' id='word_1_114' title='bbox 1585 1137 1609 1157; x_wconf 80' lang='lat' dir='ltr'>et</span> <span class='ocrx_word' id='word_1_115' title='bbox 1622 1132 1758 1158; x_wconf 80' lang='lat' dir='ltr'>collation</span> <span class='ocrx_word' id='word_1_116' title='bbox 1771 1134 1804 1157; x_wconf 84' lang='lat' dir='ltr'>de</span> <span class='ocrx_word' id='word_1_117' title='bbox 1819 1132 2001 1158; x_wconf 72' lang='lat' dir='ltr'>l‘Universite‘</span> <span class='ocrx_word' id='word_1_118' title='bbox 2011 1134 2044 1158; x_wconf 77' lang='lat' dir='ltr'>de</span> <span class='ocrx_word' id='word_1_119' title='bbox 2057 1133 2152 1162; x_wconf 85' lang='lat' dir='ltr'>Paris,</span> <span class='ocrx_word' id='word_1_120' title='bbox 2169 1142 2196 1165; x_wconf 87' lang='lat' dir='ltr'>p.</span> <span class='ocrx_word' id='word_1_121' title='bbox 2214 1134 2236 1157; x_wconf 88' lang='lat'>7.</span> 
     </span>
    </p>
   </div>
   <div class='ocr_carea' id='block_1_5' title="bbox 556 1217 1435 1249">
    <p class='ocr_par' dir='ltr' id='par_1_5' title="bbox 556 1217 1435 1249">
     <span class='ocr_line' id='line_1_12' title="bbox 556 1217 1435 1249; baseline 0 -9"><span class='ocrx_word' id='word_1_122' title='bbox 556 1219 576 1241; x_wconf 90' lang='lat' dir='ltr'>l.</span> <span class='ocrx_word' id='word_1_123' title='bbox 590 1218 654 1241; x_wconf 62' lang='lat' dir='ltr'>Vide</span> <span class='ocrx_word' id='word_1_124' title='bbox 670 1226 750 1249; x_wconf 80' lang='lat' dir='ltr'>supra</span> <span class='ocrx_word' id='word_1_125' title='bbox 767 1222 796 1240; x_wconf 77' lang='lat'>110</span> <span class='ocrx_word' id='word_1_126' title='bbox 810 1219 863 1240; x_wconf 69' lang='lat'>480.</span> <span class='ocrx_word' id='word_1_127' title='bbox 880 1231 911 1235; x_wconf 91' lang='lat'><em>-</em></span> <span class='ocrx_word' id='word_1_128' title='bbox 923 1218 945 1240; x_wconf 75' lang='lat'>2.</span> <span class='ocrx_word' id='word_1_129' title='bbox 963 1218 1049 1248; x_wconf 80' lang='lat' dir='ltr'>Supra</span> <span class='ocrx_word' id='word_1_130' title='bbox 1064 1221 1093 1240; x_wconf 87' lang='lat' dir='ltr'>n⁰</span> <span class='ocrx_word' id='word_1_131' title='bbox 1107 1218 1161 1240; x_wconf 69' lang='lat'>482.</span> <span class='ocrx_word' id='word_1_132' title='bbox 1178 1230 1209 1235; x_wconf 93' lang='lat'>—-—</span> <span class='ocrx_word' id='word_1_133' title='bbox 1221 1218 1243 1240; x_wconf 86' lang='lat'>3.</span> <span class='ocrx_word' id='word_1_134' title='bbox 1258 1217 1322 1241; x_wconf 87' lang='lat' dir='ltr'>Vide</span> <span class='ocrx_word' id='word_1_135' title='bbox 1337 1221 1367 1240; x_wconf 84' lang='lat' dir='ltr'>n⁰</span> <span class='ocrx_word' id='word_1_136' title='bbox 1382 1218 1435 1241; x_wconf 78' lang='lat'>525.</span> 
     </span>
    </p>
   </div>
   <div class='ocr_carea' id='block_1_6' title="bbox 461 1389 2336 1481">
    <p class='ocr_par' dir='ltr' id='par_1_6' title="bbox 461 1389 2336 1481">
     <span class='ocr_line' id='line_1_13' title="bbox 461 1389 2336 1434; baseline 0.002 -11"><span class='ocrx_word' id='word_1_137' title='bbox 461 1389 568 1427; x_wconf 84' lang='grc'>525,</span> <span class='ocrx_word' id='word_1_138' title='bbox 590 1398 756 1424; x_wconf 73' lang='lat' dir='ltr'>Matthaeus</span> <span class='ocrx_word' id='word_1_139' title='bbox 776 1398 868 1423; x_wconf 80' lang='lat' dir='ltr'>abbas</span> <span class='ocrx_word' id='word_1_140' title='bbox 893 1400 919 1424; x_wconf 92' lang='lat' dir='ltr'>S.</span> <span class='ocrx_word' id='word_1_141' title='bbox 946 1398 1075 1433; x_wconf 72' lang='lat' dir='ltr'>Dionysii</span> <span class='ocrx_word' id='word_1_142' title='bbox 1095 1402 1122 1424; x_wconf 79' lang='lat' dir='ltr'>et</span> <span class='ocrx_word' id='word_1_143' title='bbox 1147 1400 1243 1424; x_wconf 79' lang='lat' dir='ltr'>Szmon</span> <span class='ocrx_word' id='word_1_144' title='bbox 1268 1398 1303 1424; x_wconf 89' lang='lat' dir='ltr'>de</span> <span class='ocrx_word' id='word_1_145' title='bbox 1323 1398 1447 1433; x_wconf 80' lang='lat' dir='ltr'>Nigella,</span> <span class='ocrx_word' id='word_1_146' title='bbox 1472 1402 1600 1424; x_wconf 80' lang='lat' dir='ltr'>tenentes</span> <span class='ocrx_word' id='word_1_147' title='bbox 1625 1398 1716 1424; x_wconf 80' lang='lat' dir='ltr'>locum</span> <span class='ocrx_word' id='word_1_148' title='bbox 1742 1398 1851 1424; x_wconf 81' lang='lat' dir='ltr'>domini</span> <span class='ocrx_word' id='word_1_149' title='bbox 1871 1399 1946 1433; x_wconf 79' lang='lat' dir='ltr'>regis</span> <span class='ocrx_word' id='word_1_150' title='bbox 1969 1400 2152 1434; x_wconf 80' lang='lat' dir='ltr'>Francorum,</span> <span class='ocrx_word' id='word_1_151' title='bbox 2177 1399 2214 1425; x_wconf 84' lang='lat' dir='ltr'>de</span> <span class='ocrx_word' id='word_1_152' title='bbox 2238 1399 2336 1426; x_wconf 81' lang='lat' dir='ltr'>eodem</span> 
     </span>
     <span class='ocr_line' id='line_1_14' title="bbox 548 1451 723 1481; baseline 0 -9"><span class='ocrx_word' id='word_1_153' title='bbox 548 1451 723 1481; x_wconf 79' lang='lat' dir='ltr'>argumento.</span> 
     </span>
    </p>
   </div>
   <div class='ocr_carea' id='block_1_7' title="bbox 460 1497 2341 2617">
    <p class='ocr_par' dir='ltr' id='par_1_7' title="bbox 1646 1497 2050 1528">
     <span class='ocr_line' id='line_1_15' title="bbox 1646 1497 2050 1528; baseline 0.002 -5"><span class='ocrx_word' id='word_1_154' title='bbox 1646 1497 1722 1527; x_wconf 82' lang='lat'><em>1285,</em></span> <span class='ocrx_word' id='word_1_155' title='bbox 1737 1505 1827 1523; x_wconf 70' lang='lat' dir='ltr'>mense</span> <span class='ocrx_word' id='word_1_156' title='bbox 1841 1498 1922 1528; x_wconf 74' lang='lat' dir='ltr'>dunlo,</span> <span class='ocrx_word' id='word_1_157' title='bbox 1937 1498 2050 1524; x_wconf 67' lang='lat' dir='ltr'>Pal-lelis-</span> 
     </span>
    </p>

    <p class='ocr_par' dir='ltr' id='par_1_8' title="bbox 460 1570 2341 2617">
     <span class='ocr_line' id='line_1_16' title="bbox 550 1570 2336 1617; baseline 0.002 -14"><span class='ocrx_word' id='word_1_158' title='bbox 550 1570 730 1604; x_wconf 85' lang='lat' dir='ltr'>Mattheus</span> <span class='ocrx_word' id='word_1_159' title='bbox 752 1571 984 1604; x_wconf 88' lang='lat' dir='ltr'>miseratione</span> <span class='ocrx_word' id='word_1_160' title='bbox 1003 1571 1123 1605; x_wconf 88' lang='lat' dir='ltr'>divina</span> <span class='ocrx_word' id='word_1_161' title='bbox 1145 1571 1300 1604; x_wconf 89' lang='lat' dir='ltr'>ecclesie</span> <span class='ocrx_word' id='word_1_162' title='bbox 1321 1571 1416 1605; x_wconf 88' lang='lat' dir='ltr'>beati</span> <span class='ocrx_word' id='word_1_163' title='bbox 1433 1572 1599 1617; x_wconf 88' lang='lat' dir='ltr'>Dionysii</span> <span class='ocrx_word' id='word_1_164' title='bbox 1620 1572 1657 1605; x_wconf 93' lang='lat' dir='ltr'>in</span> <span class='ocrx_word' id='word_1_165' title='bbox 1679 1572 1827 1605; x_wconf 81' lang='lat' dir='ltr'>Francia</span> <span class='ocrx_word' id='word_1_166' title='bbox 1847 1571 1959 1605; x_wconf 89' lang='lat' dir='ltr'>abbas</span> <span class='ocrx_word' id='word_1_167' title='bbox 1980 1572 2143 1615; x_wconf 77' lang='lat' dir='ltr'>humilis,</span> <span class='ocrx_word' id='word_1_168' title='bbox 2161 1579 2196 1606; x_wconf 90' lang='lat' dir='ltr'>et</span> <span class='ocrx_word' id='word_1_169' title='bbox 2212 1573 2336 1606; x_wconf 80' lang='lat' dir='ltr'>Simon</span> 
     </span>
     <span class='ocr_line' id='line_1_17' title="bbox 461 1637 2337 1684; baseline 0.002 -15"><span class='ocrx_word' id='word_1_170' title='bbox 461 1637 630 1670; x_wconf 90' lang='lat' dir='ltr'>dominus</span> <span class='ocrx_word' id='word_1_171' title='bbox 659 1637 815 1682; x_wconf 78' lang='lat' dir='ltr'>Nigelle‚</span> <span class='ocrx_word' id='word_1_172' title='bbox 848 1644 1013 1671; x_wconf 88' lang='lat' dir='ltr'>tenentes</span> <span class='ocrx_word' id='word_1_173' title='bbox 1043 1638 1163 1671; x_wconf 91' lang='lat' dir='ltr'>locum</span> <span class='ocrx_word' id='word_1_174' title='bbox 1194 1638 1332 1671; x_wconf 88' lang='lat' dir='ltr'>domini</span> <span class='ocrx_word' id='word_1_175' title='bbox 1362 1638 1462 1684; x_wconf 87' lang='lat' dir='ltr'>regis</span> <span class='ocrx_word' id='word_1_176' title='bbox 1491 1639 1726 1681; x_wconf 71' lang='lat' dir='ltr'>Francorum,</span> <span class='ocrx_word' id='word_1_177' title='bbox 1757 1639 1941 1672; x_wconf 90' lang='lat' dir='ltr'>universis</span> <span class='ocrx_word' id='word_1_178' title='bbox 1971 1646 2164 1684; x_wconf 90' lang='lat' dir='ltr'>presentes</span> <span class='ocrx_word' id='word_1_179' title='bbox 2197 1639 2337 1673; x_wconf 86' lang='lat' dir='ltr'>litteras</span> 
     </span>
     <span class='ocr_line' id='line_1_18' title="bbox 460 1704 2338 1751; baseline 0.002 -15"><span class='ocrx_word' id='word_1_180' title='bbox 460 1704 681 1749; x_wconf 86' lang='lat' dir='ltr'>inspecturis</span> <span class='ocrx_word' id='word_1_181' title='bbox 703 1704 867 1737; x_wconf 87' lang='lat' dir='ltr'>salutem.</span> <span class='ocrx_word' id='word_1_182' title='bbox 890 1706 1021 1737; x_wconf 83' lang='lat' dir='ltr'>Notum</span> <span class='ocrx_word' id='word_1_183' title='bbox 1042 1705 1208 1747; x_wconf 70' lang='lat' dir='ltr'>facimus,</span> <span class='ocrx_word' id='word_1_184' title='bbox 1229 1710 1293 1739; x_wconf 85' lang='lat' dir='ltr'>etc.</span> <span class='ocrx_word' id='word_1_185' title='bbox 1314 1705 1408 1739; x_wconf 85' lang='lat' dir='ltr'>sicut</span> <span class='ocrx_word' id='word_1_186' title='bbox 1426 1716 1536 1750; x_wconf 80' lang='lat' dir='ltr'>supra</span> <span class='ocrx_word' id='word_1_187' title='bbox 1557 1709 1595 1738; x_wconf 90' lang='lat' dir='ltr'>n⁰</span> <span class='ocrx_word' id='word_1_188' title='bbox 1615 1706 1693 1747; x_wconf 77' lang='lat'><strong>524,</strong></span> <span class='ocrx_word' id='word_1_189' title='bbox 1715 1706 1866 1740; x_wconf 82' lang='lat' dir='ltr'>mutatis</span> <span class='ocrx_word' id='word_1_190' title='bbox 1885 1705 2079 1748; x_wconf 80' lang='lat' dir='ltr'>mutandis,</span> <span class='ocrx_word' id='word_1_191' title='bbox 2101 1717 2206 1751; x_wconf 87' lang='lat' dir='ltr'>usque</span> <span class='ocrx_word' id='word_1_192' title='bbox 2226 1706 2338 1740; x_wconf 89' lang='lat' dir='ltr'>conti-</span> 
     </span>
     <span class='ocr_line' id='line_1_19' title="bbox 461 1770 2339 1806; baseline 0.002 -3"><span class='ocrx_word' id='word_1_193' title='bbox 461 1777 604 1803; x_wconf 90' lang='lat' dir='ltr'>nentur.</span> <span class='ocrx_word' id='word_1_194' title='bbox 626 1770 760 1804; x_wconf 83' lang='lat' dir='ltr'>Deinde</span> <span class='ocrx_word' id='word_1_195' title='bbox 781 1784 791 1804; x_wconf 94' lang='grc'>.·</span> <span class='ocrx_word' id='word_1_196' title='bbox 813 1772 886 1804; x_wconf 77' lang='lat' dir='ltr'>Nos</span> <span class='ocrx_word' id='word_1_197' title='bbox 912 1771 1140 1804; x_wconf 89' lang='lat' dir='ltr'>attendentes</span> <span class='ocrx_word' id='word_1_198' title='bbox 1167 1771 1438 1805; x_wconf 84' lang='lat' dir='ltr'>altercationem</span> <span class='ocrx_word' id='word_1_199' title='bbox 1459 1778 1495 1805; x_wconf 91' lang='lat' dir='ltr'>et</span> <span class='ocrx_word' id='word_1_200' title='bbox 1514 1772 1735 1805; x_wconf 85' lang='lat' dir='ltr'>discordiam</span> <span class='ocrx_word' id='word_1_201' title='bbox 1757 1772 1964 1805; x_wconf 90' lang='lat' dir='ltr'>continuam</span> <span class='ocrx_word' id='word_1_202' title='bbox 1991 1772 2086 1805; x_wconf 89' lang='lat' dir='ltr'>inter</span> <span class='ocrx_word' id='word_1_203' title='bbox 2110 1772 2276 1806; x_wconf 85' lang='lat' dir='ltr'>abbatem</span> <span class='ocrx_word' id='word_1_204' title='bbox 2303 1779 2339 1806; x_wconf 92' lang='lat' dir='ltr'>et</span> 
     </span>
     <span class='ocr_line' id='line_1_20' title="bbox 461 1837 2337 1883; baseline 0.003 -14"><span class='ocrx_word' id='word_1_205' title='bbox 461 1844 677 1870; x_wconf 87' lang='lat' dir='ltr'>conventnm</span> <span class='ocrx_word' id='word_1_206' title='bbox 707 1837 891 1882; x_wconf 89' lang='lat' dir='ltr'>predictos</span> <span class='ocrx_word' id='word_1_207' title='bbox 917 1850 960 1870; x_wconf 89' lang='lat' dir='ltr'>ex</span> <span class='ocrx_word' id='word_1_208' title='bbox 985 1850 1055 1870; x_wconf 84' lang='lat' dir='ltr'>una</span> <span class='ocrx_word' id='word_1_209' title='bbox 1081 1845 1194 1883; x_wconf 74' lang='lat' dir='ltr'>parte,</span> <span class='ocrx_word' id='word_1_210' title='bbox 1218 1845 1253 1871; x_wconf 89' lang='lat' dir='ltr'>ct</span> <span class='ocrx_word' id='word_1_211' title='bbox 1273 1845 1451 1872; x_wconf 87' lang='lat' dir='ltr'>rectorem</span> <span class='ocrx_word' id='word_1_212' title='bbox 1474 1845 1509 1872; x_wconf 90' lang='lat' dir='ltr'>et</span> <span class='ocrx_word' id='word_1_213' title='bbox 1529 1838 1689 1872; x_wconf 86' lang='lat' dir='ltr'>scolares</span> <span class='ocrx_word' id='word_1_214' title='bbox 1715 1839 1809 1872; x_wconf 88' lang='lat' dir='ltr'>dicte</span> <span class='ocrx_word' id='word_1_215' title='bbox 1836 1839 2092 1873; x_wconf 87' lang='lat' dir='ltr'>Universitatis</span> <span class='ocrx_word' id='word_1_216' title='bbox 2118 1839 2337 1874; x_wconf 84' lang='lat' dir='ltr'>Parisiensis</span> 
     </span>
     <span class='ocr_line' id='line_1_21' title="bbox 461 1903 2337 1951; baseline 0.002 -15"><span class='ocrx_word' id='word_1_217' title='bbox 461 1916 504 1936; x_wconf 86' lang='lat' dir='ltr'>ex</span> <span class='ocrx_word' id='word_1_218' title='bbox 537 1903 647 1937; x_wconf 90' lang='lat' dir='ltr'>altera</span> <span class='ocrx_word' id='word_1_219' title='bbox 682 1916 792 1949; x_wconf 89' lang='lat' dir='ltr'>super</span> <span class='ocrx_word' id='word_1_220' title='bbox 827 1904 932 1938; x_wconf 91' lang='lat' dir='ltr'>dictis</span> <span class='ocrx_word' id='word_1_221' title='bbox 967 1905 1205 1950; x_wconf 84' lang='lat' dir='ltr'>quadraginta</span> <span class='ocrx_word' id='word_1_222' title='bbox 1236 1905 1342 1938; x_wconf 89' lang='lat' dir='ltr'>libris</span> <span class='ocrx_word' id='word_1_223' title='bbox 1374 1906 1567 1950; x_wconf 85' lang='lat' dir='ltr'>parisiens.</span> <span class='ocrx_word' id='word_1_224' title='bbox 1599 1918 1618 1939; x_wconf 93' lang='lat' dir='ltr'>a</span> <span class='ocrx_word' id='word_1_225' title='bbox 1648 1905 1822 1951; x_wconf 88' lang='lat' dir='ltr'>predictis</span> <span class='ocrx_word' id='word_1_226' title='bbox 1852 1905 1980 1939; x_wconf 82' lang='lat' dir='ltr'>abbate</span> <span class='ocrx_word' id='word_1_227' title='bbox 2011 1912 2046 1939; x_wconf 89' lang='lat' dir='ltr'>et</span> <span class='ocrx_word' id='word_1_228' title='bbox 2074 1913 2256 1940; x_wconf 91' lang='lat' dir='ltr'>conventu</span> <span class='ocrx_word' id='word_1_229' title='bbox 2290 1906 2337 1940; x_wconf 92' lang='lat' dir='ltr'>ob</span> 
     </span>
     <span class='ocr_line' id='line_1_22' title="bbox 462 1971 2337 2018; baseline 0.002 -16"><span class='ocrx_word' id='word_1_230' title='bbox 462 1982 603 2003; x_wconf 86' lang='lat' dir='ltr'>causam</span> <span class='ocrx_word' id='word_1_231' title='bbox 638 1971 834 2015; x_wconf 85' lang='lat' dir='ltr'>predictam</span> <span class='ocrx_word' id='word_1_232' title='bbox 861 1971 1069 2004; x_wconf 88' lang='lat' dir='ltr'>assidendis</span> <span class='ocrx_word' id='word_1_233' title='bbox 1100 1983 1165 2004; x_wconf 87' lang='lat' dir='ltr'>seu</span> <span class='ocrx_word' id='word_1_234' title='bbox 1195 1972 1428 2017; x_wconf 81' lang='lat' dir='ltr'>assignandis</span> <span class='ocrx_word' id='word_1_235' title='bbox 1458 1972 1592 2005; x_wconf 89' lang='lat' dir='ltr'>rectori</span> <span class='ocrx_word' id='word_1_236' title='bbox 1623 1979 1658 2005; x_wconf 89' lang='lat' dir='ltr'>et</span> <span class='ocrx_word' id='word_1_237' title='bbox 1687 1971 1891 2009; x_wconf 88' lang='lat' dir='ltr'>scolaribus</span> <span class='ocrx_word' id='word_1_238' title='bbox 1922 1972 2113 2005; x_wconf 89' lang='lat' dir='ltr'>antedictis</span> <span class='ocrx_word' id='word_1_239' title='bbox 2144 1984 2209 2018; x_wconf 91' lang='lat' dir='ltr'>pro</span> <span class='ocrx_word' id='word_1_240' title='bbox 2239 1971 2337 2006; x_wconf 91' lang='lat' dir='ltr'>bono</span> 
     </span>
     <span class='ocr_line' id='line_1_23' title="bbox 462 2037 2338 2084; baseline 0.002 -15"><span class='ocrx_word' id='word_1_241' title='bbox 462 2037 560 2082; x_wconf 91' lang='lat' dir='ltr'>pacis</span> <span class='ocrx_word' id='word_1_242' title='bbox 581 2037 824 2070; x_wconf 88' lang='lat' dir='ltr'>continuande</span> <span class='ocrx_word' id='word_1_243' title='bbox 846 2037 940 2070; x_wconf 90' lang='lat' dir='ltr'>inter</span> <span class='ocrx_word' id='word_1_244' title='bbox 961 2037 1124 2071; x_wconf 88' lang='lat' dir='ltr'>abbatem</span> <span class='ocrx_word' id='word_1_245' title='bbox 1147 2045 1182 2071; x_wconf 92' lang='lat' dir='ltr'>et</span> <span class='ocrx_word' id='word_1_246' title='bbox 1201 2045 1419 2072; x_wconf 88' lang='lat' dir='ltr'>conventum</span> <span class='ocrx_word' id='word_1_247' title='bbox 1442 2046 1477 2072; x_wconf 89' lang='lat' dir='ltr'>et</span> <span class='ocrx_word' id='word_1_248' title='bbox 1497 2039 1658 2072; x_wconf 87' lang='lat' dir='ltr'>scolares</span> <span class='ocrx_word' id='word_1_249' title='bbox 1675 2039 1923 2072; x_wconf 89' lang='lat' dir='ltr'>universitatis</span> <span class='ocrx_word' id='word_1_250' title='bbox 1940 2039 2135 2072; x_wconf 85' lang='lat' dir='ltr'>scolarium</span> <span class='ocrx_word' id='word_1_251' title='bbox 2152 2039 2338 2084; x_wconf 89' lang='lat' dir='ltr'>predictos</span> 
     </span>
     <span class='ocr_line' id='line_1_24' title="bbox 463 2103 2338 2151; baseline 0.002 -16"><span class='ocrx_word' id='word_1_252' title='bbox 463 2110 684 2148; x_wconf 86' lang='lat' dir='ltr'>pensataque</span> <span class='ocrx_word' id='word_1_253' title='bbox 712 2103 797 2136; x_wconf 91' lang='lat' dir='ltr'>dicti</span> <span class='ocrx_word' id='word_1_254' title='bbox 827 2104 965 2136; x_wconf 91' lang='lat' dir='ltr'>domini</span> <span class='ocrx_word' id='word_1_255' title='bbox 993 2105 1091 2149; x_wconf 87' lang='lat' dir='ltr'>regis</span> <span class='ocrx_word' id='word_1_256' title='bbox 1122 2104 1274 2138; x_wconf 90' lang='lat' dir='ltr'>utilitate</span> <span class='ocrx_word' id='word_1_257' title='bbox 1303 2117 1346 2138; x_wconf 81' lang='lat' dir='ltr'>ex</span> <span class='ocrx_word' id='word_1_258' title='bbox 1376 2105 1587 2138; x_wconf 87' lang='lat' dir='ltr'>auctoritate</span> <span class='ocrx_word' id='word_1_259' title='bbox 1618 2112 1654 2138; x_wconf 88' lang='lat' dir='ltr'>et</span> <span class='ocrx_word' id='word_1_260' title='bbox 1678 2106 1757 2139; x_wconf 90' lang='lat' dir='ltr'>vice</span> <span class='ocrx_word' id='word_1_261' title='bbox 1786 2105 1904 2150; x_wconf 89' lang='lat' dir='ltr'>ipsius</span> <span class='ocrx_word' id='word_1_262' title='bbox 1933 2106 2070 2138; x_wconf 89' lang='lat' dir='ltr'>domini</span> <span class='ocrx_word' id='word_1_263' title='bbox 2100 2106 2200 2151; x_wconf 87' lang='lat' dir='ltr'>regis</span> <span class='ocrx_word' id='word_1_264' title='bbox 2230 2105 2338 2140; x_wconf 91' lang='lat' dir='ltr'>nobis</span> 
     </span>
     <span class='ocr_line' id='line_1_25' title="bbox 464 2170 2340 2218; baseline 0.002 -16"><span class='ocrx_word' id='word_1_265' title='bbox 464 2170 656 2203; x_wconf 83' lang='lat' dir='ltr'>commissa</span> <span class='ocrx_word' id='word_1_266' title='bbox 684 2182 764 2202; x_wconf 90' lang='lat' dir='ltr'>cum</span> <span class='ocrx_word' id='word_1_267' title='bbox 795 2170 900 2203; x_wconf 91' lang='lat' dir='ltr'>dictis</span> <span class='ocrx_word' id='word_1_268' title='bbox 928 2170 1056 2203; x_wconf 84' lang='lat' dir='ltr'>abbate</span> <span class='ocrx_word' id='word_1_269' title='bbox 1087 2177 1122 2203; x_wconf 88' lang='lat' dir='ltr'>et</span> <span class='ocrx_word' id='word_1_270' title='bbox 1151 2178 1331 2205; x_wconf 88' lang='lat' dir='ltr'>conventu</span> <span class='ocrx_word' id='word_1_271' title='bbox 1359 2172 1622 2205; x_wconf 85' lang='lat' dir='ltr'>conventiones</span> <span class='ocrx_word' id='word_1_272' title='bbox 1651 2172 1822 2206; x_wconf 88' lang='lat' dir='ltr'>inivimus</span> <span class='ocrx_word' id='word_1_273' title='bbox 1850 2172 1942 2205; x_wconf 84' lang='lat' dir='ltr'>infra</span> <span class='ocrx_word' id='word_1_274' title='bbox 1970 2173 2136 2218; x_wconf 80' lang='lat' dir='ltr'>scriptas,</span> <span class='ocrx_word' id='word_1_275' title='bbox 2168 2172 2340 2206; x_wconf 88' lang='lat' dir='ltr'>videlicet</span> 
     </span>
     <span class='ocr_line' id='line_1_26' title="bbox 465 2236 2339 2284; baseline 0.002 -15"><span class='ocrx_word' id='word_1_276' title='bbox 465 2237 562 2281; x_wconf 90' lang='lat' dir='ltr'>quod</span> <span class='ocrx_word' id='word_1_277' title='bbox 595 2248 662 2270; x_wconf 93' lang='lat' dir='ltr'>nos</span> <span class='ocrx_word' id='word_1_278' title='bbox 697 2236 842 2270; x_wconf 91' lang='lat' dir='ltr'>nomine</span> <span class='ocrx_word' id='word_1_279' title='bbox 877 2237 994 2282; x_wconf 88' lang='lat' dir='ltr'>ipsius</span> <span class='ocrx_word' id='word_1_280' title='bbox 1029 2237 1166 2270; x_wconf 91' lang='lat' dir='ltr'>domini</span> <span class='ocrx_word' id='word_1_281' title='bbox 1196 2238 1295 2283; x_wconf 87' lang='lat' dir='ltr'>regis</span> <span class='ocrx_word' id='word_1_282' title='bbox 1324 2245 1360 2271; x_wconf 90' lang='lat' dir='ltr'>et</span> <span class='ocrx_word' id='word_1_283' title='bbox 1389 2250 1454 2284; x_wconf 92' lang='lat' dir='ltr'>pro</span> <span class='ocrx_word' id='word_1_284' title='bbox 1484 2239 1565 2284; x_wconf 92' lang='lat' dir='ltr'>ipso</span> <span class='ocrx_word' id='word_1_285' title='bbox 1595 2250 1661 2284; x_wconf 91' lang='lat' dir='ltr'>pro</span> <span class='ocrx_word' id='word_1_286' title='bbox 1694 2238 1800 2272; x_wconf 90' lang='lat' dir='ltr'>dictis</span> <span class='ocrx_word' id='word_1_287' title='bbox 1830 2238 1972 2272; x_wconf 89' lang='lat' dir='ltr'>duabus</span> <span class='ocrx_word' id='word_1_288' title='bbox 2002 2239 2214 2284; x_wconf 87' lang='lat' dir='ltr'>capellaniis</span> <span class='ocrx_word' id='word_1_289' title='bbox 2243 2239 2339 2273; x_wconf 86' lang='lat' dir='ltr'>dicte</span> 
     </span>
     <span class='ocr_line' id='line_1_27' title="bbox 466 2303 2340 2351; baseline 0.003 -16"><span class='ocrx_word' id='word_1_290' title='bbox 466 2303 691 2337; x_wconf 89' lang='lat' dir='ltr'>universitati</span> <span class='ocrx_word' id='word_1_291' title='bbox 716 2303 909 2336; x_wconf 86' lang='lat' dir='ltr'>scolarium</span> <span class='ocrx_word' id='word_1_292' title='bbox 936 2304 1131 2337; x_wconf 79' lang='lat' dir='ltr'>parisiens.</span> <span class='ocrx_word' id='word_1_293' title='bbox 1160 2305 1273 2337; x_wconf 91' lang='lat' dir='ltr'>dictas</span> <span class='ocrx_word' id='word_1_294' title='bbox 1299 2305 1537 2350; x_wconf 84' lang='lat' dir='ltr'>quadraginta</span> <span class='ocrx_word' id='word_1_295' title='bbox 1563 2305 1674 2338; x_wconf 87' lang='lat' dir='ltr'>libras</span> <span class='ocrx_word' id='word_1_296' title='bbox 1700 2305 1893 2350; x_wconf 89' lang='lat' dir='ltr'>parisiens.</span> <span class='ocrx_word' id='word_1_297' title='bbox 1916 2306 2026 2339; x_wconf 90' lang='lat' dir='ltr'>annui</span> <span class='ocrx_word' id='word_1_298' title='bbox 2051 2306 2218 2340; x_wconf 90' lang='lat' dir='ltr'>redditus</span> <span class='ocrx_word' id='word_1_299' title='bbox 2237 2307 2340 2351; x_wconf 87' lang='lat' dir='ltr'>juxta</span> 
     </span>
     <span class='ocr_line' id='line_1_28' title="bbox 466 2370 2339 2418; baseline 0.002 -16"><span class='ocrx_word' id='word_1_300' title='bbox 466 2370 611 2402; x_wconf 91' lang='lat' dir='ltr'>modum</span> <span class='ocrx_word' id='word_1_301' title='bbox 642 2377 678 2403; x_wconf 89' lang='lat' dir='ltr'>et</span> <span class='ocrx_word' id='word_1_302' title='bbox 702 2371 852 2403; x_wconf 85' lang='lat' dir='ltr'>formam</span> <span class='ocrx_word' id='word_1_303' title='bbox 882 2370 919 2403; x_wconf 92' lang='lat' dir='ltr'>in</span> <span class='ocrx_word' id='word_1_304' title='bbox 947 2371 1053 2404; x_wconf 91' lang='lat' dir='ltr'>dictis</span> <span class='ocrx_word' id='word_1_305' title='bbox 1083 2371 1214 2404; x_wconf 88' lang='lat' dir='ltr'>litteris</span> <span class='ocrx_word' id='word_1_306' title='bbox 1242 2371 1328 2405; x_wconf 89' lang='lat' dir='ltr'>dicti</span> <span class='ocrx_word' id='word_1_307' title='bbox 1356 2372 1494 2405; x_wconf 91' lang='lat' dir='ltr'>domini</span> <span class='ocrx_word' id='word_1_308' title='bbox 1520 2372 1619 2418; x_wconf 88' lang='lat' dir='ltr'>regis</span> <span class='ocrx_word' id='word_1_309' title='bbox 1645 2384 1756 2418; x_wconf 90' lang='lat' dir='ltr'>super</span> <span class='ocrx_word' id='word_1_310' title='bbox 1785 2372 1878 2406; x_wconf 89' lang='lat' dir='ltr'>dicta</span> <span class='ocrx_word' id='word_1_311' title='bbox 1907 2373 2136 2406; x_wconf 88' lang='lat' dir='ltr'>ordinatione</span> <span class='ocrx_word' id='word_1_312' title='bbox 2163 2373 2339 2407; x_wconf 86' lang='lat' dir='ltr'>confectis</span> 
     </span>
     <span class='ocr_line' id='line_1_29' title="bbox 468 2435 2340 2484; baseline 0.003 -17"><span class='ocrx_word' id='word_1_313' title='bbox 468 2435 765 2480; x_wconf 82' lang='lat' dir='ltr'>comprehensam</span> <span class='ocrx_word' id='word_1_314' title='bbox 786 2436 823 2468; x_wconf 91' lang='lat' dir='ltr'>in</span> <span class='ocrx_word' id='word_1_315' title='bbox 844 2436 1049 2470; x_wconf 87' lang='lat' dir='ltr'>redditibus</span> <span class='ocrx_word' id='word_1_316' title='bbox 1071 2437 1208 2470; x_wconf 90' lang='lat' dir='ltr'>domini</span> <span class='ocrx_word' id='word_1_317' title='bbox 1230 2438 1330 2483; x_wconf 85' lang='lat' dir='ltr'>regis</span> <span class='ocrx_word' id='word_1_318' title='bbox 1351 2438 1507 2471; x_wconf 86' lang='lat' dir='ltr'>assideri</span> <span class='ocrx_word' id='word_1_319' title='bbox 1527 2439 1701 2471; x_wconf 84' lang='lat' dir='ltr'>faciemus</span> <span class='ocrx_word' id='word_1_320' title='bbox 1723 2450 1788 2471; x_wconf 90' lang='lat' dir='ltr'>seu</span> <span class='ocrx_word' id='word_1_321' title='bbox 1810 2439 1915 2472; x_wconf 88' lang='lat' dir='ltr'>etiam</span> <span class='ocrx_word' id='word_1_322' title='bbox 1937 2439 2130 2484; x_wconf 74' lang='lat' dir='ltr'>assignari,</span> <span class='ocrx_word' id='word_1_323' title='bbox 2152 2439 2200 2472; x_wconf 91' lang='lat' dir='ltr'>ita</span> <span class='ocrx_word' id='word_1_324' title='bbox 2221 2445 2340 2472; x_wconf 88' lang='lat' dir='ltr'>tamen</span> 
     </span>
     <span class='ocr_line' id='line_1_30' title="bbox 469 2502 2341 2551; baseline 0.003 -17"><span class='ocrx_word' id='word_1_325' title='bbox 469 2502 565 2546; x_wconf 89' lang='lat' dir='ltr'>quod</span> <span class='ocrx_word' id='word_1_326' title='bbox 598 2503 634 2534; x_wconf 90' lang='lat' dir='ltr'>in</span> <span class='ocrx_word' id='word_1_327' title='bbox 666 2503 1039 2547; x_wconf 89' lang='lat' dir='ltr'>recompensationem</span> <span class='ocrx_word' id='word_1_328' title='bbox 1072 2503 1247 2537; x_wconf 88' lang='lat' dir='ltr'>dictarum</span> <span class='ocrx_word' id='word_1_329' title='bbox 1276 2505 1513 2550; x_wconf 85' lang='lat' dir='ltr'>quadraginta</span> <span class='ocrx_word' id='word_1_330' title='bbox 1543 2504 1717 2538; x_wconf 87' lang='lat' dir='ltr'>librarum</span> <span class='ocrx_word' id='word_1_331' title='bbox 1747 2505 1857 2538; x_wconf 89' lang='lat' dir='ltr'>annui</span> <span class='ocrx_word' id='word_1_332' title='bbox 1887 2505 2053 2539; x_wconf 89' lang='lat' dir='ltr'>redditus</span> <span class='ocrx_word' id='word_1_333' title='bbox 2083 2506 2231 2539; x_wconf 91' lang='lat' dir='ltr'>domino</span> <span class='ocrx_word' id='word_1_334' title='bbox 2261 2505 2341 2551; x_wconf 87' lang='lat' dir='ltr'>regi</span> 
     </span>
     <span class='ocr_line' id='line_1_31' title="bbox 468 2568 2341 2617; baseline 0.003 -18"><span class='ocrx_word' id='word_1_335' title='bbox 468 2568 666 2600; x_wconf 84' lang='lat' dir='ltr'>faciendam</span> <span class='ocrx_word' id='word_1_336' title='bbox 689 2569 774 2601; x_wconf 90' lang='lat' dir='ltr'>dicti</span> <span class='ocrx_word' id='word_1_337' title='bbox 795 2568 906 2602; x_wconf 86' lang='lat' dir='ltr'>abbas</span> <span class='ocrx_word' id='word_1_338' title='bbox 926 2576 961 2602; x_wconf 87' lang='lat' dir='ltr'>et</span> <span class='ocrx_word' id='word_1_339' title='bbox 980 2577 1182 2604; x_wconf 87' lang='lat' dir='ltr'>conventus</span> <span class='ocrx_word' id='word_1_340' title='bbox 1203 2571 1322 2604; x_wconf 84' lang='lat' dir='ltr'>Sancti</span> <span class='ocrx_word' id='word_1_341' title='bbox 1345 2572 1517 2605; x_wconf 86' lang='lat' dir='ltr'>Germani</span> <span class='ocrx_word' id='word_1_342' title='bbox 1539 2572 1720 2605; x_wconf 86' lang='lat' dir='ltr'>nundinas</span> <span class='ocrx_word' id='word_1_343' title='bbox 1742 2583 1841 2614; x_wconf 77' lang='lat' dir='ltr'>suas,</span> <span class='ocrx_word' id='word_1_344' title='bbox 1862 2577 1926 2606; x_wconf 84' lang='lat' dir='ltr'>etc.</span> <span class='ocrx_word' id='word_1_345' title='bbox 1949 2578 1988 2606; x_wconf 89' lang='lat' dir='ltr'>ut</span> <span class='ocrx_word' id='word_1_346' title='bbox 2013 2578 2050 2606; x_wconf 83' lang='lat' dir='ltr'>n⁰</span> <span class='ocrx_word' id='word_1_347' title='bbox 2072 2573 2148 2606; x_wconf 88' lang='lat'>524.</span> <span class='ocrx_word' id='word_1_348' title='bbox 2170 2573 2211 2605; x_wconf 90' lang='lat' dir='ltr'>In</span> <span class='ocrx_word' id='word_1_349' title='bbox 2237 2572 2341 2617; x_wconf 89' lang='lat' dir='ltr'>cujus</span> 
     </span>
    </p>
   </div>
   <div class='ocr_carea' id='block_1_8' title="bbox 471 2634 2341 2743">
    <p class='ocr_par' dir='ltr' id='par_1_9' title="bbox 471 2634 2341 2743">
     <span class='ocr_line' id='line_1_32' title="bbox 471 2634 2341 2684; baseline 0.003 -18"><span class='ocrx_word' id='word_1_350' title='bbox 471 2634 522 2667; x_wconf 90' lang='lat' dir='ltr'>rei</span> <span class='ocrx_word' id='word_1_351' title='bbox 552 2634 797 2667; x_wconf 85' lang='lat' dir='ltr'>testimonium</span> <span class='ocrx_word' id='word_1_352' title='bbox 825 2636 1058 2680; x_wconf 89' lang='lat' dir='ltr'>presentibus</span> <span class='ocrx_word' id='word_1_353' title='bbox 1086 2636 1216 2671; x_wconf 88' lang='lat' dir='ltr'>litteris</span> <span class='ocrx_word' id='word_1_354' title='bbox 1245 2637 1406 2683; x_wconf 85' lang='lat' dir='ltr'>sigillum</span> <span class='ocrx_word' id='word_1_355' title='bbox 1433 2639 1573 2684; x_wconf 86' lang='lat' dir='ltr'>regium</span> <span class='ocrx_word' id='word_1_356' title='bbox 1601 2650 1672 2683; x_wconf 87' lang='lat' dir='ltr'>quo</span> <span class='ocrx_word' id='word_1_357' title='bbox 1699 2638 1833 2671; x_wconf 87' lang='lat' dir='ltr'>utimur</span> <span class='ocrx_word' id='word_1_358' title='bbox 1860 2639 2013 2672; x_wconf 83' lang='lat' dir='ltr'>fecimus</span> <span class='ocrx_word' id='word_1_359' title='bbox 2039 2638 2185 2684; x_wconf 88' lang='lat' dir='ltr'>apponi.</span> <span class='ocrx_word' id='word_1_360' title='bbox 2211 2639 2341 2672; x_wconf 87' lang='lat' dir='ltr'>Actum</span> 
     </span>
     <span class='ocr_line' id='line_1_33' title="bbox 471 2700 1561 2743; baseline 0.006 -11"><span class='ocrx_word' id='word_1_361' title='bbox 471 2700 630 2733; x_wconf 84' lang='lat' dir='ltr'>Parisius</span> <span class='ocrx_word' id='word_1_362' title='bbox 652 2713 775 2733; x_wconf 88' lang='lat' dir='ltr'>mense</span> <span class='ocrx_word' id='word_1_363' title='bbox 796 2702 916 2743; x_wconf 80' lang='lat' dir='ltr'>Junio,</span> <span class='ocrx_word' id='word_1_364' title='bbox 938 2714 1031 2735; x_wconf 90' lang='lat' dir='ltr'>anno</span> <span class='ocrx_word' id='word_1_365' title='bbox 1053 2704 1198 2736; x_wconf 86' lang='lat' dir='ltr'>Domini</span> <span class='ocrx_word' id='word_1_366' title='bbox 1219 2706 1269 2737; x_wconf 66' lang='grc' dir='ltr'>Μ’)</span> <span class='ocrx_word' id='word_1_367' title='bbox 1281 2705 1356 2738; x_wconf 89' lang='lat' dir='ltr'>CC⁰</span> <span class='ocrx_word' id='word_1_368' title='bbox 1371 2706 1561 2739; x_wconf 83' lang='lat' dir='ltr'>LXXXV0.</span> 
     </span>
    </p>
   </div>
   <div class='ocr_carea' id='block_1_9' title="bbox 565 2798 1964 2835">
    <p class='ocr_par' dir='ltr' id='par_1_10' title="bbox 565 2798 1964 2835">
     <span class='ocr_line' id='line_1_34' title="bbox 565 2798 1964 2835; baseline 0.004 -15"><span class='ocrx_word' id='word_1_369' title='bbox 565 2798 701 2826; x_wconf 58' lang='lat' dir='ltr'>Bouillana,</span> <span class='ocrx_word' id='word_1_370' title='bbox 716 2799 788 2823; x_wconf 81' lang='lat' dir='ltr'>Hist.</span> <span class='ocrx_word' id='word_1_371' title='bbox 803 2801 836 2823; x_wconf 84' lang='lat' dir='ltr'>de</span> <span class='ocrx_word' id='word_1_372' title='bbox 850 2800 971 2831; x_wconf 74' lang='lat' dir='ltr'>l&#39;abbaye</span> <span class='ocrx_word' id='word_1_373' title='bbox 984 2802 1081 2831; x_wconf 82' lang='lat' dir='ltr'>royale</span> <span class='ocrx_word' id='word_1_374' title='bbox 1096 2803 1128 2826; x_wconf 80' lang='lat' dir='ltr'>de</span> <span class='ocrx_word' id='word_1_375' title='bbox 1143 2802 1171 2826; x_wconf 85' lang='lat' dir='ltr'>S.</span> <span class='ocrx_word' id='word_1_376' title='bbox 1189 2802 1325 2827; x_wconf 78' lang='lat' dir='ltr'>Germain</span> <span class='ocrx_word' id='word_1_377' title='bbox 1339 2804 1385 2828; x_wconf 85' lang='lat' dir='ltr'>des</span> <span class='ocrx_word' id='word_1_378' title='bbox 1399 2804 1481 2832; x_wconf 71' lang='lat' dir='ltr'>Pres,</span> <span class='ocrx_word' id='word_1_379' title='bbox 1499 2808 1528 2826; x_wconf 77' lang='grc' dir='ltr'>η’)</span> <span class='ocrx_word' id='word_1_380' title='bbox 1543 2804 1597 2832; x_wconf 82' lang='grc'>101,</span> <span class='ocrx_word' id='word_1_381' title='bbox 1614 2812 1639 2835; x_wconf 88' lang='lat' dir='ltr'>p.</span> <span class='ocrx_word' id='word_1_382' title='bbox 1656 2804 1767 2832; x_wconf 80' lang='lat' dir='ltr'>vanl,</span> <span class='ocrx_word' id='word_1_383' title='bbox 1783 2812 1813 2827; x_wconf 80' lang='lat' dir='ltr'>ex</span> <span class='ocrx_word' id='word_1_384' title='bbox 1830 2803 1964 2833; x_wconf 74' lang='lat' dir='ltr'>originali.</span> 
     </span>
    </p>
   </div>
  </div>
 </body>
</html>
