2580 3528
260 402 357 444 1278]
599 412 646 435 AB
680 411 786 434 auno
820 410 898 434 ncc
934 410 1067 439 usqua
1101 411 1150 433 An
1185 410 1414 432 rmmppuu
1449 410 1490 432 iv
1524 411 1612 433 nso.
1650 412 1787 434 fiune.
2067 403 2132 436 565

346 487 434 520 Item
470 486 566 520 inter
597 492 741 519 ceteros
771 484 959 519 Gerardus
988 484 1033 518 de
1063 484 1153 518 Dola
1183 484 1345 518 famosus
1380 483 1605 517 baccalarius
1635 485 1672 517 in
1701 484 1840 518 artibus
1875 486 1940 518 suit
1971 498 1989 519 a
2023 487 2130 520 dictis

256 552 549 587 malefactoribus
583 552 621 585 in
655 552 771 598 capite
807 550 963 585 letaliter
990 550 1216 593 vulneratus,
1249 563 1357 596 quem
1392 551 1505 584 fracto
1540 551 1668 596 capitis
1702 563 1834 584 craneo
1869 552 1987 597 ipsum
2019 553 2129 586 incidi

255 620 417 666 oportuit
451 626 488 653 et
522 619 651 661 secari,
688 619 736 652 ita
774 618 873 664 quod
909 618 955 652 de
991 619 1071 663 ejus
1106 618 1177 652 vita
1216 618 1323 651 etiam
1363 617 1632 663 desperaretur.
1672 618 1826 663 Fuitque
1865 618 1908 651 ad
1947 630 2127 652 carcerem

253 686 431 721 vilissime
461 686 593 720 ductus
622 697 662 719 ac
691 685 780 719 alias
809 685 1060 731 multipliciter
1089 685 1182 718 male
1212 691 1397 718 tractatus.

344 754 432 787 Item
465 753 647 787 Jordanus
681 752 779 786 filius
813 752 977 798 magistri
1012 752 1109 786 Petri
1146 751 1360 798 sigillatoris
1397 751 1465 785 fuit
1500 752 1644 797 sagittis
1681 758 1718 785 et
1753 751 1913 784 fustibus
1948 758 1983 784 et
2016 752 2126 785 armis

253 819 335 854 aliis
363 820 411 854 ita
440 820 599 866 graviter
627 819 853 861 vulneratus,
890 819 989 864 quod
1019 819 1064 852 de
1094 820 1174 864 ejus
1205 818 1497 852 convalescentia
1527 818 1742 864 simpliciter
1771 818 1998 864 desperatur.

343 888 432 920 Item
461 887 576 920 Adam
606 886 652 920 de
681 886 868 920 Pontisara
897 886 965 919 fuit
993 885 1092 919 clava
1125 886 1242 919 ferrea
1277 892 1313 919 et
1345 886 1456 919 armis
1490 885 1571 918 aliis
1605 885 1652 919 ita
1687 885 1847 931 graviter
1881 885 1918 918 in
1952 885 2059 918 oculo
2094 893 2127 918 et

252 953 343 987 facie
373 965 585 999 percussus,
615 953 715 999 quod
744 953 875 986 medici
909 953 1035 986 dicunt
1063 953 1183 998 ipsum
1213 964 1324 986 unum
1356 952 1501 985 oculum
1532 952 1690 986 totaliter
1718 952 1898 985 amisisse.

342 1021 431 1054 Item
462 1020 607 1066 quidam
638 1032 776 1066 pauper
805 1019 957 1053 scolaris
989 1019 1246 1053 beneficiarius
1275 1019 1341 1053 fuit
1371 1019 1532 1065 graviter
1555 1019 1650 1052 fuste
1676 1030 1875 1064 percussus
1900 1025 1936 1052 et
1959 1018 1992 1051 ei
2017 1018 2127 1052 bursa

251 1099 334 1121 cum
365 1087 517 1133 pecunia
547 1093 738 1132 amputata.

341 1155 429 1188 ltem
460 1154 693 1200 prepositus²
724 1154 845 1187 Sancti
874 1154 1046 1188 Germani
1077 1160 1113 1187 et
1141 1153 1202 1186 alii
1231 1153 1398 1187 monachi
1428 1153 1553 1187 armati
1583 1165 1664 1186 cum
1700 1153 1778 1186 suis
1812 1151 2053 1198 complicibus
2088 1153 2123 1185 in

250 1220 465 1255 Gaufridum
505 1220 550 1254 de
588 1221 756 1262 Troceio,
794 1221 832 1254 L.
874 1220 919 1254 de
958 1220 1116 1266 Prulego
1151 1227 1187 1253 et
1226 1221 1266 1253 R.
1308 1220 1352 1253 de
1392 1220 1544 1265 Fagiaco
1583 1231 1711 1253 manus
1750 1219 1953 1252 intulerunt
1988 1225 2123 1252 temere

249 1286 428 1322 violentas
457 1299 496 1321 ac
522 1293 586 1320 eos
616 1287 817 1333 evaginatis
846 1286 980 1333 gladiis
1009 1287 1169 1333 graviter
1198 1293 1472 1332 percusserunt,
1499 1298 1539 1319 ac
1572 1293 1695 1320 vestes
1726 1298 1851 1319 eorum
1882 1285 2121 1326 laniaverunt,

248 1354 296 1388 ita
330 1353 429 1399 quod
462 1365 574 1399 cappa
608 1353 694 1387 dicti
729 1353 895 1388 Gaufridi
929 1353 966 1386 in
1001 1360 1131 1387 terram
1167 1359 1271 1398 rupta
1305 1353 1456 1386 cadente
1491 1351 1539 1385 εἶ
1559 1353 1679 1386 tunica
1714 1352 1791 1385 sola
1826 1353 2052 1393 remanserit,
2084 1364 2123 1385 ac

247 1420 391 1454 tandem
435 1420 554 1466 ipsum
594 1427 630 1454 et
665 1420 758 1454 alios
800 1419 1012 1454 verberatos
1060 1420 1257 1453 durissime
1301 1426 1470 1453 attractos
1510 1431 1575 1464 per
1604 1419 1742 1452 medias
1785 1419 1968 1452 nundinas
2007 1426 2040 1452 et
2080 1420 2123 1452 ad

247 1488 421 1533 majorem
450 1487 702 1521 confusionem
734 1487 880 1520 nudatis
910 1487 1063 1520 maxime
1093 1486 1287 1532 capitibus,
1318 1487 1355 1519 in
1386 1485 1520 1532 quibus
1547 1497 1613 1518 nec
1639 1486 1786 1531 capucia
1812 1497 1949 1531 ponere
1981 1486 2124 1531 permit-

246 1553 382 1596 tebant,
412 1554 458 1588 ad
486 1565 667 1588 carcerem
692 1553 923 1598 ‘vilissimum
953 1553 1184 1587 deduxerunt
1213 1560 1249 1587 et
1277 1565 1343 1598 per
1373 1553 1468 1586 diem
1499 1559 1535 1586 et
1564 1559 1706 1586 noctem
1737 1564 1802 1585 eos
1833 1552 1882 1585 ibi
1913 1559 2122 1585 tenuerunt.

247 1621 293 1655 Et
324 1621 413 1654 istas
446 1632 574 1654 omnes
608 1621 761 1666 injurias
794 1621 866 1667 ipsi
900 1620 1067 1654 monachi
1102 1620 1227 1654 armati
1262 1632 1343 1654 cum
1379 1620 1457 1653 suis
1491 1619 1733 1665 complicibus
1769 1619 1944 1664 predictis
1978 1619 2122 1652 clericis

246 1686 460 1729 intulerunt,
492 1694 683 1733 postquam
712 1687 804 1734 ipsis
834 1687 982 1734 pacifice
1012 1699 1051 1721 se
1082 1687 1330 1729 reddiderant,
1361 1693 1396 1720 et
1426 1687 1527 1732 ipsos
1562 1686 1598 1720 in
1634 1693 1812 1732 potestate
1843 1698 1907 1719 sua
1937 1685 2120 1719 tenebant.

337 1755 425 1788 ltem
452 1754 623 1788 dominus
649 1754 853 1800 Stephanus
878 1754 923 1788 de
949 1756 1047 1801 Lago
1073 1754 1266 1801 presbyter
1290 1754 1357 1787 fuit
1380 1766 1399 1787 a
1424 1753 1598 1799 predictis
1625 1753 1918 1787 malefactoribus
1943 1753 2122 1787 vilissime

245 1821 504 1855 incarceratus.

334 1889 423 1921 Item
462 1900 542 1921 cum
582 1888 833 1922 malefactores
872 1889 1025 1934 predicti
1065 1888 1191 1934 plures
1230 1894 1353 1934 portas
1391 1887 1546 1921 civitatis
1586 1887 1748 1932 predicte
1787 1886 2015 1920 custodirent
2054 1898 2119 1919 nec

243 1953 405 1988 scolares
435 1955 568 1988 intrare
598 1955 862 2000 permitterent,
894 1955 959 1988 sed
990 1966 1055 1989 eos
1085 1954 1134 1988 ibi
1166 1954 1392 2000 nequissime
1428 1960 1633 1995 tractarent,
1665 1953 1725 1986 alii
1759 1953 1804 1986 ab
1838 1953 1919 1986 aliis
1954 1953 2122 1986 malefac-

243 2020 385 2055 toribus
415 2033 480 2067 per
508 2034 656 2067 campos
685 2029 721 2055 et
750 2021 893 2056 diversa
923 2022 1001 2055 loca
1031 2022 1144 2068 fugati
1174 2033 1256 2055 cum
1286 2021 1396 2055 armis
1426 2020 1570 2066 ingredi
1601 2027 1687 2054 sunt
1715 2019 1909 2066 compulsi,
1941 2020 1987 2053 ita
2022 2020 2120 2065 quod

243 2087 289 2121 de
318 2087 573 2122 submersione
603 2089 830 2135 quorundam
863 2089 1103 2135 probabiliter
1133 2088 1330 2122 dubitatur.

332 2155 421 2188 Item
455 2154 620 2201 magistri
649 2155 712 2189 N.'
742 2156 787 2189 de
816 2155 1004 2190 Torculari
1035 2156 1071 2189 in
1102 2155 1299 2201 theologia,
1329 2167 1369 2189 ac
1398 2154 1583 2189 Johannes
1613 2154 1658 2188 de
1689 2153 1844 2187 Roseto·
1875 2154 1911 2187 in
1942 2154 2119 2187 medicina

242 2228 323 2255 actu
354 2228 538 2268 regentes,
568 2234 608 2256 ac
637 2222 698 2256 alii
729 2223 831 2257 multi
863 2229 1012 2269 propter
1043 2222 1228 2269 predictos
1261 2221 1512 2256 malefactores
1543 2232 1671 2254 omnes
1700 2220 1855 2254 clericos
1894 2220 2120 2254 horribiliter

243 2295 509 2334 persequentes
537 2290 665 2335 fugere
695 2296 781 2324 sunt
809 2290 936 2324 coacti.

334 2356 421 2389 ltem
453 2355 635 2389 Firminus
665 2356 709 2390 de
740 2357 879 2402 Hotopa
910 2356 1084 2390 Picardus
1107 2368 1189 2389 cum
1215 2355 1357 2389 redibat
1381 2355 1426 2388 de
1452 2355 1588 2400 campis
1614 2355 1649 2387 in
1677 2365 1777 2400 pace,
1806 2354 1873 2387 fuit
1897 2366 1916 2387 a
1943 2354 2116 2399 predictis

242 2420 535 2455 malefactoribus
564 2422 724 2468 graviter
756 2421 916 2456 fustibus
951 2429 986 2456 et
1019 2421 1101 2456 aliis
1135 2422 1245 2456 armis
1283 2433 1480 2467 percussus
1516 2427 1551 2454 et
1584 2420 1628 2454 ad
1663 2427 1795 2454 terram
1832 2426 2049 2466 prostratus,
2081 2427 2114 2454 et

241 2487 472 2533 postmodum
511 2488 556 2522 ad
591 2487 770 2523 abbatiam
813 2489 1024 2535 turpissime
1061 2489 1206 2530 ductus,
1241 2495 1277 2522 et
1312 2488 1356 2522 ad
1392 2487 1556 2521 ultimmn
1599 2487 1635 2520 in
1677 2486 1894 2520 vilissimum
1931 2498 2111 2520 carcerem

240 2554 422 2589 intrusus.

329 2622 417 2655 ltem
448 2621 590 2656 cuidam
621 2622 795 2669 magistro
825 2623 861 2656 in
891 2621 1043 2663 artibus,
1076 2622 1136 2668 qui
1168 2622 1204 2655 in
1236 2621 1336 2655 nullo
1368 2621 1513 2667 penitus
1542 2621 1596 2654 eis
1626 2620 1819 2666 injuriatus
1849 2621 1977 2661 fuerat,
2006 2621 2114 2654 immo

240 2699 345 2733 quam
376 2694 554 2734 potuerat,
586 2688 792 2723 inhibuerat
817 2701 862 2723 ne
888 2689 979 2735 ipsis
1005 2688 1192 2723 monachis
1218 2688 1490 2734 injuriarentur,
1517 2687 1616 2733 quod
1642 2693 1787 2734 paratus
1812 2694 1868 2721 est
1893 2687 2115 2721 sufficienter

240 2753 409 2800 probare,
440 2767 520 2789 cum
550 2755 673 2790 lancea
704 2738 851 2802 cappam
882 2763 918 2790 et
947 2762 1069 2790 vestes
1099 2767 1227 2789 omnes
1253 2756 1483 2801 perforarunt
1507 2766 1624 2800 usque
1649 2754 1694 2788 ad
1718 2766 1862 2788 carnem
1889 2754 2072 2799 tangendo
2105 2766 2111 2787 z

239 2826 275 2854 et
303 2821 483 2866 quendam
513 2821 622 2856 alium
652 2822 825 2857 clericum
856 2822 1033 2856 scolarem
1065 2822 1125 2868 qui
1153 2828 1301 2868 propter
1326 2821 1408 2863 hoc,
1434 2821 1532 2867 quod
1563 2821 1633 2867 ipsi
1664 2820 1914 2854 malefactores
1943 2820 2110 2854 volebant

237 2884 358 2933 ipsum
390 2895 579 2934 percutere
610 2889 645 2923 in
675 2890 805 2936 capite,
838 2901 981 2923 manum
1012 2889 1056 2923 ad
1087 2889 1276 2923 tuitionem
1310 2888 1439 2935 capitis
1469 2887 1612 2930 levavit,
1644 2899 1724 2921 cum
1762 2887 1887 2921 eadem
1924 2887 2044 2920 lancea
2077 2887 2111 2919 in

238 2951 387 2987 brachio
415 2955 575 3001 graviter
602 2955 852 2999 vulnerarunt,
883 2956 930 2990 ita
961 2956 1059 3003 quod
1090 2962 1202 2990 totum
1233 2967 1276 2989 os
1306 2955 1442 2989 brachii
1473 2961 1529 2989 est
1557 2955 1795 2989 confractum.
