2580 3528
265 432 362 478 1248]
606 444 652 466 Aa
686 444 792 466 auno
827 443 904 471 nec
940 444 1072 473 usqua
1106 444 1155 466 Aa
1190 444 1494 470 rainerum-lv
1529 445 1618 467 nse.
1657 446 1793 468 rimae.
2072 438 2138 475 209

262 517 729 564 (Ῑιιοάςυθ,ἰ1)ἰε,αι·ςθιιῑυήι
761 517 971 563 eloquentie
1002 530 1174 552 venarum
1205 530 1352 551 suarum
1381 518 1565 552 obtineret
1593 519 1770 565 principia
1795 527 1831 553 et
1854 520 1957 554 locus
1983 528 2086 558 esset,
2101 522 2138 554 in

261 597 334 631 quo
354 597 480 619 aurum
506 585 684 631 sapientie
709 584 1159 620 conflaretur.,Credirnus
1187 585 1283 618 enim
1312 592 1348 618 et
1371 597 1438 631 pro
1465 585 1570 619 firmo
1598 592 1765 625 tenemus
1792 587 1890 631 quod
1910 599 1954 620 ex
1973 587 2042 621 hoc
2068 588 2137 633 ipsi

259 652 395 686 civitati
419 664 493 686 non
513 651 695 686 modicum
720 651 872 685 honoris
897 658 1124 685 accresceret
1148 658 1184 685 et
1208 651 1280 686 sibi
1305 659 1458 698 possent
1483 653 1613 686 exinde
1639 653 1878 698 spiritualiter
1903 660 1939 687 et
1959 660 2139 700 tempora-

259 718 343 753 liter
367 725 468 765 grata
492 718 682 752 commoda
711 718 919 764 provenire,
943 725 1091 765 propter
1114 718 1213 764 quod
1240 731 1314 752 non
1342 726 1411 752 tam
1436 719 1731 754 consideratione
1758 720 1808 754 tui
1832 721 1941 754 frater
1966 721 2138 766 episcope

260 785 367 820 nobis
405 797 518 831 super
553 785 622 819 hoc
660 785 900 831 supplicantis
940 786 1130 827 instanter,
1166 798 1272 831 quam
1311 786 1417 820 etiam
1453 785 1500 820 ob
1539 787 1656 832 ipsius
1695 787 1851 820 civitatis
1889 794 2137 832 augmentum,

259 852 432 899 generale
461 851 553 886 inibi
578 852 659 886 fieri
686 853 847 886 studium
879 853 1083 898 cupientes,
1112 859 1150 886 ut
1178 853 1223 886 ad
1247 853 1362 898 ipsam
1393 853 1573 887 civitatem
1605 853 1650 887 ad
1675 854 1891 887 auriendum
1916 866 2028 899 aquas
2057 867 2137 888 cum

259 919 394 966 gaudio
414 919 460 953 de
479 918 643 953 fontibus
664 919 860 953 Salvatoris
881 919 1068 953 hominum
1090 919 1239 965 copiosa
1259 919 1419 953 confluat
1439 919 1632 953 multitudo
1654 926 1691 953 et
1715 920 1767 953 ibi
1787 920 1899 954 turris
1921 921 2036 970 David
2056 933 2138 954 cum

260 985 338 1019 suis
370 985 657 1032 propugnaculis
683 992 929 1028 construatur,
961 998 1004 1019 ex
1036 998 1106 1032 qua
1136 998 1209 1019 non
1244 985 1362 1019 solum
1398 986 1608 1032 dependent
1642 986 1740 1020 mille
1774 986 1896 1032 clipei,
1932 987 1998 1020 sed
2031 987 2137 1021 etiam

260 1052 379 1086 omnis
411 1052 558 1086 fortium
592 1059 784 1094 armatura,
816 1052 988 1086 omnibus
1024 1052 1238 1086 doctoribus
1268 1060 1304 1086 et
1334 1052 1538 1086 scolaribus
1575 1053 1612 1086 in
1641 1065 1869 1099 quacumque
1898 1053 2066 1088 facultate
2101 1054 2138 1087 in

260 1119 421 1165 predicta
445 1119 589 1153 civitate
614 1118 862 1161 studentibus,
882 1120 980 1165 quod
1006 1120 1144 1153 eisdem
1171 1119 1390 1165 privilegiis,
1411 1119 1665 1166 indulgentiis,
1687 1119 1932 1162 libertatibus,
1954 1127 1987 1154 et
2009 1121 2139 1154 immu-

261 1185 434 1219 nitatibus
460 1185 656 1230 gaudeant,
686 1185 821 1231 quibus
852 1186 1012 1219 Parisius
1042 1198 1108 1219 seu
1141 1186 1177 1219 in
1207 1185 1288 1219 aliis
1318 1186 1451 1219 studiis
1480 1185 1717 1231 generalibus
1746 1186 1937 1220 studentes
1967 1187 2136 1229 letantur,

257 1252 470 1286 auctoritate
490 1252 714 1298 presentium
736 1252 983 1298 indulgemus.
1011 1252 1109 1285 Nulli
1130 1252 1233 1298 ergo,
1254 1258 1333 1293 etc„
1357 1259 1481 1286 nostre
1503 1253 1769 1294 concessionis,
1785 1258 1849 1287 etc.
1873 1254 1950 1286 Dat.
1968 1254 2138 1299 Lugduni

257 1318 319 1364 viij
341 1318 391 1351 id.
414 1317 615 1360 Februarii,
637 1331 732 1352 anno
752 1331 785 1353 v.

351 1430 414 1462 λος.
430 1429 488 1454 Vnt.
505 1429 650 1454 Innocentii
666 1430 700 1454 lv
714 1438 756 1453 an.
774 1433 796 1458 5,
812 1438 853 1462 ep.
871 1431 925 1458 565.
943 1431 988 1454 rol.
1005 1433 1059 1454 505.
1076 1444 1107 1448 —-
1121 1430 1224 1462 Campi,
1241 1431 1313 1456 Hist.
1333 1430 1415 1456 univ.
1429 1431 1499 1455 delle
1514 1437 1574 1456 cose
1588 1431 1682 1456 eccles.
1699 1438 1775 1456 come
1795 1432 1920 1457 seculari
1934 1433 1965 1456 di
1984 1432 2137 1461 Piacema.

258 1474 290 1503 11.
306 1475 362 1504 ³⁹9,
378 1478 408 1498 n‘²
421 1475 461 1499 91.

353 1572 375 1596 1.
395 1572 511 1597 Alberto.
528 1586 559 1590 —
572 1573 596 1597 2.
615 1573 679 1604 Reg.
696 1581 702 1596 ·,
719 1581 732 1596 α
748 1573 817 1597 idem
833 1581 855 1597 υ.
871 1587 903 1591 -
918 1575 940 1597 3.
960 1574 1022 1605 ch.
1040 1573 1136 1605 repetit
1151 1582 1162 1597 ει
1177 1573 1203 1597 in
1218 1582 1270 1605 quo
1285 1582 1307 1596 u.

262 1779 371 1818 178.
395 1789 544 1816 Sententia
562 1789 669 1816 Odonis
688 1789 841 1817 Tusculan.
860 1791 996 1828 episcopi,
1020 1791 1202 1828 apostolicae
1217 1791 1296 1818 sedis
1316 1791 1415 1826 legati,
1440 1791 1560 1818 consilio
1581 1791 1710 1828 episcopi
1731 1792 1919 1825 Pan-islensis,
1937 1792 2140 1827 magistrorum

347 1838 510 1874 theologiae
524 1842 553 1866 et
566 1838 745 1866 decretorum
760 1843 789 1866 et
802 1839 927 1866 aliorum
943 1839 1007 1866 lata
1022 1849 1110 1877 super
1129 1840 1258 1867 Talmud.

1478 1917 1556 1947 12⁴8.
1571 1917 1633 1944 nais·
1647 1918 1685 1947 15,
1699 1917 1827 1952 [flamm
1827 1916 1853 1952 J.

347 2002 428 2036 Odo
467 2003 701 2038 miseratione
741 2004 861 2038 divina
901 2004 1097 2038 Tusculan.
1144 2005 1341 2051 episcopus
1383 2005 1583 2051 apostolice
1628 2005 1728 2038 sedis
1771 2005 1914 2051 legatus
1957 2006 2140 2039 universis

259 2076 450 2116 presentes
479 2069 619 2104 litteras
647 2070 870 2116 inspecturis
903 2071 1057 2105 salutem
1086 2072 1123 2105 in
1154 2072 1323 2106 Domino.
1354 2072 1504 2106 Noverit
1534 2072 1753 2106 universitas
1780 2079 1913 2114 vestra,
1944 2073 2042 2118 quod
2073 2085 2140 2106 nos

260 2135 420 2170 Parisius
453 2148 549 2170 anno
584 2137 731 2171 Domini
762 2138 1031 2173 MCCXLVllI
1062 2138 1146 2172 idus
1176 2139 1261 2172 Maii
1295 2151 1408 2184 super
1441 2138 1658 2184 quibusdam
1690 2139 1795 2173 libris
1824 2140 2038 2182 Judeorum,
2078 2140 2140 2185 qui

258 2201 412 2236 Talmud
450 2203 692 2249 appellantur,
732 2204 967 2250 presentibus
1004 2205 1190 2251 magistris
1225 2205 1425 2239 Judeorum
1464 2213 1499 2239 et
1536 2205 1579 2239 ad
1614 2205 1682 2239 hoc
1722 2200 1870 2247 vocatis,
1914 2206 2138 2239 diffinitivam

260 2269 476 2303 sententiam
498 2269 719 2315 protulimus
739 2271 776 2304 in
795 2270 893 2305 hunc
914 2272 1060 2305 modum
1085 2284 1092 2304 :

351 2336 391 2369 In
411 2336 559 2369 nomine
580 2337 695 2370 Patris
716 2344 752 2371 et
778 2337 859 2370 Filii
888 2344 924 2371 et
948 2338 1106 2384 Spiritus
1132 2339 1264 2372 Sancti.
1295 2338 1474 2372 Exhibitis
1501 2338 1607 2372 nobis
1633 2339 1845 2372 auctoritate
1872 2338 2090 2384 apostolica·
2121 2351 2139 2372 a

262 2402 445 2448 magistris
487 2402 686 2437 Judeorum
731 2404 835 2449 regni
874 2405 1023 2438 Francie
1062 2404 1279 2450 quibusdam
1320 2404 1437 2446 libris,
1478 2405 1539 2450 qui
1578 2405 1731 2438 Talmud
1769 2404 2010 2450 appellantur,
2046 2417 2139 2450 quos

260 2468 488 2514 inspeximus
508 2475 545 2503 et
568 2481 633 2515 per
653 2469 752 2503 viros
777 2470 958 2504 discretos
979 2477 1015 2504 et
1034 2478 1205 2516 expertos
1230 2471 1266 2504 in
1289 2470 1421 2504 talibus
1443 2472 1556 2504 Deum
1575 2471 1744 2504 timentes
1765 2477 1801 2504 et
1821 2471 1936 2504 zelum
1963 2471 2139 2505 habentes

260 2534 345 2568 fidei
377 2534 574 2569 christiane
608 2536 762 2569 fecimus
794 2537 925 2582 inspici
960 2537 1169 2583 diligenter,
1201 2537 1284 2583 quia
1319 2548 1384 2570 eos
1419 2538 1626 2571 invenimus
1659 2549 1805 2571 errores
1840 2537 2139 2579 innumerabiles,

260 2600 471 2643 abusiones,
493 2601 703 2636 blasfemias
731 2610 767 2636 et
793 2602 964 2649 nephar-ia
991 2604 1193 2645 continere,
1221 2616 1291 2649 que
1320 2604 1450 2649 pudori
1480 2603 1723 2638 referentibus
1746 2611 1782 2637 et
1801 2604 2034 2637 audientibus
2055 2611 2141 2638 sunt

260 2667 405 2701 horrori
425 2668 462 2701 in
483 2674 635 2711 tantum,
657 2670 755 2715 quod
775 2670 928 2715 predicti
951 2670 1035 2704 libri
1056 2670 1257 2704 secundum
1280 2671 1394 2704 Deum
1417 2671 1497 2704 sine
1518 2670 1602 2705 fidei
1623 2670 1820 2705 christiane
1842 2671 1972 2716 injuria
1994 2671 2140 2705 tolerari

260 2746 334 2768 non
354 2741 534 2780 possunt:
553 2735 598 2769 de
625 2736 780 2770 consilio
809 2736 1002 2779 bonorum,
1025 2749 1118 2783 quos
1145 2737 1189 2771 ad
1215 2737 1283 2771 hoc
1309 2737 1516 2783 specialiter
1541 2737 1711 2771 duximus
1736 2738 1955 2778 evocandos,
1979 2750 2140 2784 pronun-

260 2801 398 2835 ciamus
423 2801 610 2848 predictos
635 2802 751 2837 libros
781 2803 992 2837 tolerandos
1022 2816 1094 2838 non
1124 2816 1207 2838 esse
1238 2816 1304 2838 nec
1335 2804 1519 2850 magistris
1545 2805 1743 2838 Judeorum
1772 2805 1914 2838 restitui
1944 2804 2079 2839 debere
2106 2812 2140 2838 et

261 2867 363 2913 ipsos
392 2868 658 2903 sententialiter
686 2870 1011 2916 condempnamus.
1044 2872 1096 2904 De
1125 2870 1208 2905 aliis
1238 2883 1324 2905 vero
1354 2870 1459 2904 libris
1490 2870 1596 2904 nobis
1622 2883 1695 2905 non
1721 2870 1891 2905 exhibitis
1916 2884 1934 2905 a
1956 2872 2140 2917 magistris

260 2933 474 2977 sudem-um,
509 2935 595 2970 licet
622 2948 641 2970 a
674 2936 782 2970 nobis
817 2949 929 2984 super
958 2937 1026 2971 hoc
1056 2938 1195 2984 pluries
1229 2933 1366 2972 suerint
1395 2938 1575 2984 requisiti,
1610 2938 1668 2972 vel
1698 2938 1802 2971 etiam
1838 2950 1910 2971 non
1950 2938 2138 2983 inspectis,

264 2998 408 3045 plenius
427 3012 697 3047 cognoscemus
716 3003 797 3037 loeo
819 3011 855 3037 et
875 3011 1051 3050 tempore,
1074 3011 1110 3038 et
1129 3005 1303 3039 faciemus
1323 3005 1421 3050 quod
1443 3005 1551 3038 fuerit
1572 3004 1789 3038 faciendum.

388 3058 484 3084 onan.
506 3059 586 3086 vnto.
602 3060 699 3086 pares.
718 3061 738 3086 ι.
1985 3062 2014 3084 ²⁷
