2618 3640
687 405 733 427 AB
767 404 1012 426 ALEXANDRO
1049 403 1098 424 111
1134 403 1266 431 USQUE
1301 403 1350 423 AD
1384 402 1524 423 ANNUM
1559 402 1648 424 MCC.
2066 392 2106 424 21

226 479 460 514 audientibus
485 479 696 512 auctoritate
722 478 921 524 apostolica
945 476 1260 522 condempnavit2.
1291 476 1327 509 Si
1354 488 1393 508 se
1421 488 1495 508 non
1525 475 1661 520 ingerit
1687 475 1927 520 querentibus
1955 476 2107 509 animam

227 548 320 592 ejus,
350 558 432 580 cum
461 547 517 580 via
551 552 669 592 pateat
697 545 923 578 commodior
953 551 988 577 et
1017 543 1212 585 salubrior,
1248 549 1345 576 recte
1375 543 1470 583 facit,
1503 542 1761 587 prophetarum
1792 549 1828 574 et
1860 542 2107 587 apostolorum

225 613 340 646 fretus
360 612 526 658 exemplo
550 625 557 646 :
580 625 662 646 cum
683 612 810 653 David,
833 611 969 653 Helias,
991 612 1133 651 Petrus,
1155 617 1191 643 et
1209 609 1343 643 Paulus
1364 609 1432 642 hoc
1453 609 1549 642 idem
1570 609 1703 641 fecisse
1724 608 1905 653 legantur.
1929 610 1993 641 Est
2013 609 2108 641 enim

227 686 400 726 temptare
428 680 549 721 deum,
572 690 612 713 se
637 680 757 725 ipsum
785 679 895 712 certis
921 684 956 711 et
980 677 1182 710 manifestis
1210 676 1393 722 objectare
1419 675 1607 721 periculis,
1635 687 1716 708 cum
1745 675 1782 707 in
1808 675 1964 707 Domino
1992 682 2110 720 pateat

226 746 478 792 opportunitas
505 746 695 780 evadendi.
727 747 827 778 Deus
852 752 984 786 autem,
1011 744 1074 789 qui
1097 744 1166 777 iam
1192 744 1329 789 incepit
1353 742 1543 776 ecclesiam
1573 754 1673 775 suam
1702 741 1885 775 consolari
1912 742 1949 774 in
1979 742 2108 787 capite,

226 825 291 858 per
315 813 603 846 misericordiam
632 825 732 846 suam
759 811 1005 845 consolidabit
1029 818 1064 844 et
1088 810 1250 843 membra
1275 822 1282 843 ι
1311 817 1347 843 et
1372 810 1434 855 qui
1462 809 1686 843 teutonicum
1712 815 1902 854 tyrannum
1931 809 2109 842 scismati-

225 891 351 913 corum
380 880 583 925 principem
610 880 733 925 coegit
758 879 802 912 ab
832 878 923 912 urbe
954 878 1127 912 recedere
1158 878 1350 911 confusum
1363 877 1388 919 ³,
1420 877 1500 922 ipse
1531 876 1718 909 dominum
1748 888 1873 921 regem
1903 875 2108 921 Anglorum

224 946 339 992 gratia
375 958 439 980 sua
478 947 629 980 reducet
663 953 699 980 et
732 946 889 979 deducet
922 946 959 978 in
997 945 1090 978 viam
1131 951 1278 986 rectam,
1321 951 1360 977 ut
1397 944 1442 977 de
1481 950 1603 977 cetero
1643 943 1863 976 consiliariis
1898 942 2002 976 malis
2037 955 2110 975 non

224 1013 441 1059 acquiescat.
471 1015 516 1047 Et
540 1014 571 1047 si
596 1013 794 1059 astrologis
821 1013 983 1046 creditur
1010 1014 1116 1057 <quos
1143 1019 1263 1045 tamen
1289 1024 1358 1057 ego
1387 1023 1461 1044 non
1486 1011 1639 1044 multum
1665 1010 1790 1043 audire
1817 1010 1962 1056 dignor)
1992 1022 2109 1043 annus

224 1080 294 1113 iste
318 1092 362 1113 ex
391 1081 505 1114 forma
530 1080 821 1114 constellationis
847 1080 979 1112 dicitur
1005 1091 1087 1112 esse
1113 1078 1305 1120 mirabilis,
1337 1085 1372 1111 et
1394 1078 1431 1111 in
1457 1090 1500 1110 eo
1527 1089 1655 1123 regum
1681 1076 1834 1110 consilia
1859 1076 2108 1118 mutabuntur,

225 1153 262 1180 et
289 1147 327 1180 in
357 1147 446 1180 orbe
475 1147 711 1180 crebrescent
739 1147 846 1188 bella,
878 1145 1034 1179 fervebit
1063 1153 1157 1178 terra
1188 1144 1447 1186 seditionibus,
1478 1145 1730 1190 deprimentur
1759 1143 2008 1185 mercuriales,
2044 1144 2110 1176 sed

225 1215 415 1247 tamen‘in
449 1214 521 1247 fine
551 1214 636 1247 anni
670 1213 941 1247 relevabuntur.
974 1214 1053 1258 Ego
1083 1220 1202 1246 tamen
1232 1212 1298 1245 hec
1334 1212 1499 1257 sompnia
1529 1223 1618 1244 vana
1652 1217 1752 1256 put0,
1787 1210 1874 1243 licet
1907 1223 1973 1256 pro
2009 1217 2108 1256 parte

223 1292 350 1314 verum
380 1281 527 1320 dixisse,
547 1281 750 1314 videantur.
787 1280 968 1314 Obierunt
997 1280 1093 1312 enim
1124 1279 1324 1312 consiliarii
1359 1279 1589 1324 imperatoris
1619 1277 1843 1324 Raginaldus
1873 1277 2109 1311 Coloniensis

224 1347 562 1393 archiepiscopus⁴,
603 1354 638 1380 et
671 1347 907 1392 Magontinus
941 1346 1142 1384 intrusus5,
1179 1346 1420 1378 Leodiensis‘
1456 1352 1492 1378 et
1525 1345 1826 1390 Ratisponensis⁷
1863 1345 2038 1390 episcopi,
2075 1351 2111 1378 et

224 1413 349 1460 plures
370 1414 566 1447 scismatici
587 1414 784 1459 principes.
809 1413 909 1446 Bella
932 1419 968 1446 et
990 1413 1192 1445 seditiones
1213 1412 1350 1457 ubique
1371 1413 1524 1453 servent,
1548 1411 1808 1444 mercuriales⁸
1829 1411 1919 1444 adeo
1941 1412 2109 1456 depressi

224 1487 321 1522 sunt,
345 1487 386 1514 ut
405 1480 566 1522 Francia,
592 1480 753 1513 omnium
775 1480 966 1513 mitissima
987 1486 1022 1512 et
1045 1479 1258 1512 civilissima
1279 1479 1478 1520 nationum,
1502 1478 1727 1523 alienigenas
1749 1477 1910 1511 scolares
1931 1478 2107 1523 abegerit.

224 1548 289 1580 Est
317 1553 354 1580 et
385 1547 620 1581 revelationis
650 1553 917 1592 argumentum,
950 1546 1048 1591 quod
1083 1546 1215 1579 seditio
1252 1546 1444 1578 Remensis
1475 1544 1658 1591 pacificata
1688 1551 1755 1586 cst,
1788 1551 1824 1577 et
1852 1544 1955 1577 urbis
1990 1544 2108 1577 soluta

224 1613 396 1647 obsidio.'
418 1615 516 1647 Hanc
551 1614 647 1647 enim
672 1613 750 1654 ,sibi
779 1613 1067 1659 germanitatem,
1103 1620 1142 1646 ut
1170 1613 1282 1654 aiunt,
1314 1612 1358 1645 he
1389 1613 1460 1645 due
1491 1612 1664 1645 exhibent
1692 1612 1868 1652 civitates,
1902 1618 1941 1644 ut
1969 1611 2107 1644 eisdem

224 1680 435 1726 subjaceant
453 1681 548 1722 satis,
566 1687 602 1714 et
622 1680 731 1713 simul
752 1680 931 1726 patientes
947 1680 1130 1726 gaudeant
1146 1679 1267 1712 simul.
1285 1679 1425 1713 Valete.

317 1761 386 1785 Bibl.
402 1764 455 1785 nat.
477 1761 560 1785 Pax-is.
577 1770 626 1784 ms.
642 1762 688 1784 lat.
705 1762 767 1784 8562
782 1769 849 1784 saec.
867 1761 935 1789 XIII,
953 1761 997 1784 fol.
1014 1761 1065 1784 461).
1081 1774 1113 1778 ——
1127 1760 1271 1785 Johannis
1292 1760 1511 1785 Saresberiensis
1530 1766 1616 1790 opera
1636 1760 1696 1783 coll.
1713 1759 1784 1783 Giles
1805 1760 1837 1788 ΙΙ,
1854 1759 1893 1787 81,
1910 1768 1950 1790 ep.
1968 1760 2021 1782 225.
2044 1759 2107 1783 Rec.

222 1806 269 1830 des
283 1805 388 1830 Hister.
405 1806 452 1830 des
466 1805 568 1830 Gaules
583 1806 648 1833 XVI,
666 1806 720 1829 570.

317 1873 339 1896 1.
356 1873 394 1896 30.
410 1873 469 1896 Jan.
487 1873 556 1896 1164.
573 1873 603 1896 In
617 1873 666 1896 hoc
681 1872 792 1896 concilio
807 1873 839 1896 dc
855 1872 1090 1896 consuetudinibus
1106 1872 1183 1895 avitis
1200 1872 1271 1903 regis
1287 1871 1397 1903 Angliae
1412 1871 1549 1903 agebatur.
1566 1885 1598 1888 —
1612 1872 1634 1894 2.
1652 1871 1705 1895 cfr.
1722 1871 1754 1894 de
1769 1871 1818 1894 hoc
1834 1871 1931 1899 Hefele,
1951 1871 2107 1896 concilien-

222 1917 386 1948 9eschichte‚
402 1917 432 1946 V,
449 1918 494 1941 557
517 1925 574 1949 sqq.
591 1917 637 1941 Ed.
655 1918 678 1946 2,
694 1926 721 1949 p.
737 1918 784 1940 628
804 1926 861 1949 sqq.
882 1931 914 1934 —
928 1918 950 1940 3.
972 1917 1122 1940 Fridericus
1146 1917 1157 1940 1
1181 1917 1335 1948 compulsus
1360 1919 1401 1940 est
1423 1918 1438 1939 6
1458 1916 1570 1948 Augusti
1592 1916 1653 1939 1167
1673 1919 1784 1948 propter
1807 1915 1986 1947 pestilentiam
2010 1916 2036 1938 in
2060 1924 2108 1939 suo

223 1961 338 1986 exercitu
353 1965 520 1993 grassantem
540 1970 599 1985 cum
615 1962 742 1994 antipapa
756 1961 879 1985 Paschali
894 1962 1003 1986 Romam
1025 1961 1182 1993 relinquere.
1213 1961 1274 1986 Vita
1300 1961 1380 1986 Aleoe.
1408 1969 1423 1984 a
1446 1961 1549 1984 Bosonc
1576 1961 1728 1992 conscripta
1756 1961 1796 1984 cd.
1822 1960 1974 1989 Watterich,
1999 1960 2104 1991 Pontis.

224 2005 303 2031 Rom.
328 2005 404 2032 Vitae
427 2007 460 2035 11,
485 2007 540 2030 408.
565 2020 597 2024 —
620 2007 643 2030 4.
669 2006 812 2030 Deru-nctus
838 2010 878 2030 est
897 2007 934 2030 14.
958 2006 1070 2038 Augusti
1093 2006 1162 2030 1167.
1184 2006 1223 2029 Cf.
1247 2006 1348 2034 Ficker,
1369 2005 1496 2030 Reinald
1516 2013 1570 2031 von
1590 2005 1697 2034 Dassel,
1718 2014 1744 2037 p.
1767 2006 1820 2029 114.
1843 2019 1873 2022 —-
1895 2007 1916 2029 5.
1940 2005 2107 2028 Christianus

223 2051 256 2075 de
269 2051 344 2075 Buch
362 2059 415 2074 non
429 2051 568 2075 defunctus
585 2054 625 2075 est
639 2051 690 2075 isto
706 2059 783 2079 anno,
800 2051 847 2075 sed
862 2051 931 2075 1183.
947 2065 979 2068 -
993 2052 1015 2074 6.
1033 2051 1179 2074 Alexander
1193 2051 1226 2074 11.
1247 2065 1278 2068 —
1298 2052 1320 2074 7.
1337 2050 1517 2074 Ehorhardus.
1534 2050 1581 2074 Isti
1597 2051 1648 2074 duo
1664 2059 1753 2074 mense
1769 2051 1888 2082 Augusto
1902 2053 1977 2082 peste
1992 2050 2108 2073 defuncti

223 2098 293 2120 sunt.
313 2109 344 2113 —-
363 2097 385 2120 8.
407 2095 546 2127 Significat
569 2104 581 2119 «
603 2097 769 2129 professores
790 2096 920 2119 bonarum
942 2096 1093 2119 litterarum
1118 2104 1129 2119 »
1156 2104 1207 2119 scr.
1229 2096 1326 2119 Baluze
1346 2099 1372 2119 et
1391 2095 1454 2120 Rec.
1474 2096 1521 2120 des
1537 2095 1608 2120 Hisc.
1625 2097 1672 2119 des·
1694 2095 1807 2120 Gaules.
1831 2096 1899 2118 Sane
1918 2098 1944 2118 et
1963 2095 2108 2118 Alexander

222 2140 345 2170 Necknm,
361 2141 401 2165 De
416 2141 550 2165 laudibus
565 2141 678 2166 divinae
691 2141 859 2172 sapientiae,
875 2140 940 2164 dicit
955 2148 961 2164 :

724 2198 842 2222 Parisius
858 2198 967 2230 quidam
981 2198 1124 2230 paradisus
1141 2198 1297 2222 deliciarum

757 2239 804 2263 Est
818 2239 903 2270 major
918 2247 979 2262 cum
994 2239 1029 2262 sit
1043 2238 1159 2262 maxima
1172 2239 1251 2262 laude
1267 2246 1333 2262 mea.

727 2279 888 2302 Mercurium
902 2278 984 2302 coluit
999 2287 1074 2302 error
1089 2278 1196 2310 gentilis
1212 2278 1321 2307 ibidem,

756 2319 852 2343 Reseos
867 2322 893 2342 et
907 2319 997 2350 legum
1011 2319 1098 2350 gloria
1113 2319 1189 2342 floret
1202 2318 1249 2347 ibi,
1264 2322 1314 2342 etc.

224 2377 291 2408 Opp.
312 2376 352 2400 ed.
369 2376 481 2408 Wrigth,
497 2385 524 2408 p.
540 2377 595 2400 453.
611 2390 642 2394 —
656 2377 749 2400 Posset
768 2377 865 2408 aliquis
885 2376 1036 2400 desiderare
1056 2377 1197 2408 epistolam
1218 2377 1263 2400 143
1285 2376 1334 2408 (ed.
1356 2376 1426 2400 Giles
1447 2376 1467 2404 Ι,
1489 2375 1543 2407 206)
1562 2376 1595 2398 ad
1611 2375 1753 2399 Henricum
1769 2376 1787 2398 1.
1805 2375 1927 2399 comitem
1947 2375 2107 2407 Campaniae

222 2421 338 2453 (secund.
355 2421 419 2446 Rec.
435 2422 482 2446 des
502 2421 575 2445 Hist.
591 2422 638 2446 des
660 2421 774 2450 Gaules,
789 2429 816 2453 p.
838 2421 892 2450 515,
914 2429 956 2444 an.
978 2421 1039 2445 1165
1058 2421 1100 2445 vel
1120 2421 1181 2444 1166
1201 2421 1346 2452 scriptam).
1364 2421 1395 2444 At
1415 2420 1625 2444 Saresberiensis
1641 2419 1667 2443 in
1687 2420 1733 2443 illa
1755 2428 1806 2443 non
1829 2419 1925 2443 alludit
1946 2420 1979 2443 ad
2002 2420 2106 2444 scholas

222 2465 394 2494 Parisienses,
414 2469 440 2489 et
458 2465 594 2489 Albericus
614 2465 749 2490 Remensis
770 2474 782 2489 «
802 2473 880 2498 quem
899 2465 1088 2497 cognominant
1107 2466 1139 2489 de
1154 2466 1233 2489 Porta
1249 2465 1366 2494 Veneris,
1384 2473 1450 2496 quae
1465 2465 1546 2496 vulgo
1561 2464 1665 2487 Vulesiu
1681 2464 1778 2487 dicitur
1793 2472 1815 2493 )),
1832 2464 1869 2487 ibi
1884 2464 1979 2488 citatus
1999 2465 2107 2489 minime

221 2513 262 2535 est
276 2510 355 2539 idem,
371 2513 401 2534 ut
415 2518 493 2541 saepe
509 2510 633 2538 creditur,
650 2518 710 2533 cum
726 2510 855 2541 magistro
870 2510 991 2534 Alberico
1006 2509 1069 2533 olim
1085 2509 1213 2541 magistro
1228 2509 1357 2533 Johunnis
1374 2508 1583 2532 Saresberiensis
1599 2509 1702 2540 (Metal.
1719 2509 1736 2532 l.
1750 2509 1772 2537 2,
1785 2517 1806 2532 c.
1821 2509 1858 2537 10,
1870 2509 1910 2532 ed.
1923 2509 2003 2538 Giles,
2016 2517 2042 2541 p.
2055 2510 2102 2542 78).

223 2673 302 2710 21.
330 2681 451 2708 Thomas
468 2682 581 2717 Becket,
599 2681 834 2718 archiepiscopus
852 2681 1070 2707 Cantauriensis
1084 2681 1185 2707 scribit
1205 2680 1342 2707 Willelmo
1359 2681 1516 2706 Senonensi
1530 2680 1747 2717 archiepiscopo
1763 2680 1799 2707 de
1814 2680 1865 2707 lile
1881 2682 1956 2707 incer·
1970 2682 2063 2718 ipsum
2079 2686 2106 2708 et

312 2731 465 2758 Hem-icum
485 2732 519 2757 ΙΙ
531 2730 664 2766 Angliae,
687 2730 728 2756 ad
752 2739 838 2766 quam
858 2730 1049 2757 dirimendam
1076 2739 1128 2756 rex
1143 2733 1271 2767 paratus
1291 2738 1322 2756 se
1343 2730 1510 2756 monstravit
1529 2733 1608 2756 stare
1626 2729 1739 2766 judicio
1760 2730 1836 2765 regis
1856 2731 2038 2765 Francorum,
2064 2731 2106 2757 vel

312 2779 452 2807 ecclesiae
465 2779 642 2815 gallicanae,
659 2783 712 2806 aut
725 2779 900 2806 scholarium
914 2780 1135 2806 Parisiensium.

942 2826 944 2829 ’
1353 2824 1425 2854 1189,
1439 2831 1529 2850 manae
1543 2823 1695 2854 Novembris,
1710 2825 1815 2851 Parthie.

314 2895 528 2929 Reverendo
557 2895 648 2941 patri
675 2901 711 2928 et
737 2895 851 2929 amico
881 2895 1092 2937 carissimo,
1114 2894 1304 2931 Willelmo
1338 2894 1396 2927 dei
1426 2894 1540 2940 gratia
1571 2895 1775 2928 Senonensi
1803 2894 2099 2940 archiepiscopo,

224 2960 381 2995 Thomas
407 2961 682 2996 Cantuariensis
708 2962 863 2995 ecclesie
891 2962 1058 2995 minister
1088 2961 1250 3003 humilis,
1273 2961 1452 3006 quidquid
1480 2961 1625 2995 devotio
1656 2968 1777 3007 potest
1803 2961 1940 2994 exsulis
1962 2968 1997 2994 et
2022 2973 2105 3006 pro-
