2580 3528
500 392 566 424 452
1084 401 1403 424 CHARTULARIUM
1438 400 1630 423 umvssns.
1666 399 1796 422 rmus,
2281 388 2381 429 [1266

503 487 569 508 sue
599 476 764 509 nacionis
794 482 918 509 contra
943 476 1128 521 justiciam
1159 475 1404 521 applicarunt3
1441 475 1478 507 in
1508 474 1577 507 hoc
1608 474 1715 507 etiam
1751 474 1839 507 alias
1869 480 1995 507 contra
2030 474 2183 506 formam
2214 472 2380 517 ejusdem

504 542 643 575 arbitrii
673 549 810 576 temere
839 543 1042 577 venientes.
1074 544 1351 588 Proposuerunt
1379 549 1498 575 autem
1533 547 1790 586 procuratores
1827 541 2002 574 dictarum
2033 540 2143 573 trium
2173 539 2381 582 nacionum,

505 609 739 642 Picardorum
769 609 953 651 videlicet,
971 611 1261 642 Normannorum
1288 615 1323 641 et
1346 608 1601 653 Anglicorum,
1628 614 1754 640 contra
1779 607 1894 652 ipsam
1921 606 2147 641 Gallicorum
2175 606 2380 639 nacionem.

504 676 692 721 Imprimis
721 676 819 721 quod
848 677 926 721 ipsa
957 688 996 709 se
1031 676 1074 709 ab
1111 687 1234 708 earum
1269 675 1462 707 consorcio
1498 674 1620 706 minus
1650 674 1750 718 juste
1785 686 1824 706 ac
1861 674 1941 706 sine
1971 685 2079 707 causa
2109 671 2317 706 rationabili
2347 678 2384 705 et

505 750 630 776 contra
655 749 825 776 statutum
851 744 1058 788 juramento
1083 742 1253 776 vallatum
1279 753 1380 774 more
1405 740 1555 774 insolito
1582 747 1618 773 et
1642 747 1767 773 contra
1792 752 2023 773 communem
2049 740 2241 773 utilitatem
2269 738 2382 772 studii

506 811 696 855 separavit.
724 809 881 843 Secundo
907 809 1004 854 quod
1030 821 1111 842 cum
1136 809 1282 841 interim
1308 808 1515 840 immineret
1538 807 1692 840 rectoris
1717 807 1974 840 Universitatis
1997 807 2126 840 electio
2149 805 2381 848 celebranda,

505 877 669 921 magistri
706 877 891 910 Gallicane
929 876 1092 909 nacionis
1128 875 1245 908 vocati
1282 874 1326 907 ab
1361 874 1442 907 aliis
1479 873 1597 906 tribus
1636 873 1853 907 nacionibus
1890 873 1935 906 ad
1971 873 2188 906 electionem
2225 872 2379 906 rectoris

504 944 628 976 venire
663 944 924 976 contumaciter
958 949 1170 976 recusantes
1205 941 1276 974 sibi
1310 948 1489 974 rectorem
1525 947 1650 974 contra
1685 947 1858 974 statutum
1889 941 2100 985 juramento
2134 939 2315 973 firmatum
2345 945 2382 973 et

503 1017 627 1043 contra
657 1022 794 1043 morem
826 1010 972 1043 solitum
1004 1009 1207 1054 elegerunt7
1239 1008 1372 1041 rectori
1398 1019 1463 1053 per
1488 1019 1552 1041 eos
1578 1008 1646 1040 rite
1667 1008 1768 1052 juxta
1794 1007 1912 1052 ipsius
1937 1007 2061 1040 statuti
2085 1007 2237 1040 formam
2262 1006 2379 1040 electo

503 1077 665 1118 obedire⁷
698 1077 793 1110 sicut
822 1089 886 1122 per
915 1077 1023 1109 fidem
1053 1082 1237 1116 tenentur,
1268 1074 1431 1108 indebite
1462 1081 1675 1108 recusantes
1705 1081 1741 1107 et
1768 1080 1990 1120 usurpantes
2020 1074 2091 1107 sibi
2121 1080 2258 1107 tantum
2283 1073 2380 1118 juris

502 1151 537 1177 et
572 1144 795 1177 auctoritatis
830 1144 866 1176 in
902 1143 1079 1176 faciendis
1116 1143 1260 1176 statutis
1291 1149 1326 1175 et
1355 1142 1467 1175 scolis
1504 1149 1541 1175 et
1569 1141 1741 1175 domibus
1782 1141 2048 1175 interdicendis
2087 1153 2127 1174 ac
2163 1141 2244 1174 aliis
2281 1152 2380 1174 com-

501 1211 673 1244 munibus
708 1211 964 1244 Universitatis
995 1210 1175 1256 negociis,
1214 1209 1442 1255 impetrando
1482 1209 1588 1242 etiam
1628 1215 1886 1242 conservatore
1926 1208 2206 1254 privilegiorum
2246 1207 2378 1253 ipsius,

500 1289 672 1328 quantum
693 1289 767 1315 tres
785 1282 853 1315 alie
882 1282 1103 1327 supradicte,
1130 1293 1243 1326 seque
1268 1281 1359 1326 ipsis
1386 1281 1582 1326 quominus
1605 1292 1675 1314 usu
1698 1280 1902 1313 communis
1925 1271 2216 1325 arche‘gaudere
2237 1279 2381 1313 valeant

500 1356 740 1395 opponentes,
773 1350 805 1382 ei
835 1361 942 1382 unam
974 1349 1018 1382 de
1048 1349 1166 1394 ipsius
1197 1348 1360 1382 clavibus
1391 1348 1607 1394 denegando
1642 1348 1877 1393 ipsarumque
1912 1347 2156 1380 bachellarios
2190 1347 2252 1392 qui
2289 1346 2381 1380 inci-

499 1418 603 1462 piunt
631 1424 667 1450 et
696 1417 878 1450 ducuntur
908 1428 973 1461 per
1003 1416 1121 1449 scolas
1146 1417 1248 1461 juxta
1277 1427 1415 1448 morem
1446 1415 1636 1448 admittere
1666 1427 1741 1448 non
1767 1415 1847 1448 sine
1878 1415 2041 1460 ipsarum
2072 1414 2205 1459 injuria
2235 1420 2271 1447 et
2299 1425 2379 1460 pre-

492 1485 633 1529 judicio
664 1490 893 1529 respuentes.
938 1484 1066 1517 Tercio
1100 1483 1198 1528 quod
1231 1483 1311 1528 ipsa
1340 1483 1444 1515 nacio
1479 1482 1703 1516 Gallicorum
1734 1481 1979 1515 bachellarios
2011 1493 2100 1514 suos
2130 1470 2215 1514 non*
2236 1480 2379 1526 juxtam

497 1564 633 1585 morem
666 1558 701 1584 et
730 1557 901 1584 statutum
932 1563 1044 1596 super
1072 1550 1141 1583 hoc
1172 1550 1309 1583 editum
1335 1550 1558 1583 examinatos
1583 1549 1764 1582 licentiari
1789 1555 1973 1594 procurat,
2007 1560 2071 1581 eos
2102 1560 2167 1593 per
2196 1554 2377 1581 rectorem

498 1626 533 1652 et
562 1625 817 1664 procuratores
847 1630 935 1651 suos
969 1619 1091 1651 minus
1124 1618 1193 1650 rite
1228 1617 1365 1650 electos
1399 1617 1562 1662 incipere
1592 1616 1854 1649 nichilominus
1884 1615 2065 1657 faciendo,
2097 1615 2299 1648 inferentes
2334 1626 2379 1648 ex

496 1686 564 1719 hoc
595 1686 693 1731 quod
722 1698 787 1731 pro
823 1686 1009 1731 magistris
1045 1685 1103 1719 vel
1139 1684 1334 1717 licentiatis
1364 1683 1490 1718 haberi
1525 1696 1599 1716 non
1634 1683 1823 1725 deberent,
1863 1683 1926 1728 qui
1961 1682 2081 1716 taliter
2117 1688 2152 1715 et
2186 1693 2251 1727 per
2285 1681 2377 1715 tales

496 1760 581 1786 sunt
610 1753 859 1798 magisterium
891 1759 926 1786 et
954 1752 1120 1785 licentias
1150 1751 1331 1792 assecuti3
1363 1750 1664 1797 procuratoribus
1700 1750 1865 1796 predicte
1897 1749 2084 1783 Gallicane
2114 1748 2280 1782 nacionis
2309 1748 2376 1783 hec

496 1821 620 1854 eadem
651 1819 913 1865 replicantibus
944 1826 1069 1853 contra
1105 1820 1216 1864 ipsas.
1257 1819 1398 1864 Quarto
1432 1818 1531 1863 quod
1561 1818 1656 1851 idem
1689 1824 1810 1850 rector
1845 1817 2010 1850 nacionis
2041 1816 2228 1851 Gallicane
2257 1815 2378 1849 taliter

496 1888 634 1921 electus
669 1894 790 1933 preter
820 1899 1041 1920 consensum
1072 1886 1222 1919 aliarum
1253 1886 1445 1919 nacionum
1484 1885 1663 1930 quandam
1698 1885 1846 1918 domum
1884 1884 1929 1917 de
1964 1896 2059 1918 novo
2090 1890 2190 1916 motu
2227 1883 2376 1928 proprio

495 1955 681 1988 interdixit
710 1961 745 1987 et
774 1954 1001 1987 interdictam
1032 1954 1118 1986 fecit
1142 1953 1320 1986 nunciari.
1349 1953 1484 1999 Quinto
1511 1952 1610 1997 quod
1640 1952 1767 1985 eadem
1793 1951 1897 1984 nacio
1924 1950 2151 1984 Gallicorum
2183 1949 2375 1995 pecuniam

495 2034 564 2067 que
596 2021 665 2055 sibi
697 2021 895 2055 obvenerat
923 2021 1008 2054 dum
1040 2027 1117 2054 erat
1146 2021 1190 2053 de
1220 2020 1371 2054 aliarum
1402 2020 1597 2053 nacionum
1634 2019 1826 2052 consorcio
1861 2017 2058 2051 refundere
2093 2017 2152 2051 vel
2181 2017 2377 2050 restituere

496 2090 572 2123 sive
603 2090 639 2121 in
676 2089 858 2121 communi
895 2095 1050 2134 quatuor
1087 2088 1280 2121 nacionum
1318 2099 1469 2132 ponere7
1509 2087 1604 2119 sicut
1640 2092 1696 2119 est
1731 2085 1907 2119 hactenus
1944 2090 2175 2125 consuetum⁷
2213 2082 2377 2116 indebite

496 2157 720 2198 contradicit,
762 2155 1060 2201 procuratoribus
1105 2155 1268 2188 nacionis
1313 2154 1499 2188 Gallicane
1539 2154 1654 2199 ipsam
1694 2153 1738 2186 ad
1777 2152 1991 2197 hujusmodi
2029 2151 2220 2197 pecuniam
2257 2150 2376 2183 refun—

496 2224 650 2257 dendam
681 2223 888 2256 dicentibus
916 2235 989 2256 non
1014 2223 1130 2256 teneri
1161 2229 1197 2255 et
1221 2221 1430 2267 petentibus
1456 2221 1562 2254 etiam
1589 2232 1653 2266 per
1678 2232 1749 2253 nos
1775 2219 1936 2252 ordinari
1963 2231 2009 2251 ne
2035 2218 2079 2251 ad
2105 2216 2374 2251 refundendum

496 2291 664 2324 decetcro
688 2291 877 2336 pecuniam
902 2302 971 2335 que
996 2290 1048 2323 sic
1071 2289 1221 2323 obvenit
1243 2295 1278 2322 et
1303 2287 1609 2321 contribuendum
1633 2288 1670 2320 in
1694 2286 1878 2320 solutione
1902 2285 2111 2319 debitorum
2137 2285 2175 2318 in
2201 2283 2373 2329 expensis

496 2358 751 2391 Universitatis
775 2357 892 2402 plus¹¹
922 2369 1027 2402 quam
1054 2369 1124 2389 una
1154 2368 1197 2389 ex
1225 2355 1306 2388 aliis
1330 2362 1506 2388 teneatur.
1532 2355 1642 2388 Sexto
1672 2354 1771 2399 quod
1797 2353 1966 2399 magistri
1990 2352 2181 2386 Gallicane
2207 2349 2372 2384 nacionis

497 2425 539 2457 ad
570 2425 740 2469 exequias
770 2425 1027 2469 magistrorum
1059 2430 1094 2456 et
1123 2423 1317 2456 scolarium
1348 2422 1497 2455 aliarum
1528 2422 1722 2455 nacionum
1751 2420 1868 2454 vocati
1895 2420 2021 2453 venire
2047 2431 2086 2452 ac
2112 2419 2166 2451 eis
2192 2418 2372 2451 interesse

497 2498 677 2532 recusant,
722 2491 829 2523 fidem
872 2498 907 2523 et
950 2503 1076 2536 penam
1122 2502 1233 2535 super
1271 2489 1339 2522 hoc
1383 2489 1567 2534 appositas
1606 2494 1920 2533 contempnentes.
1961 2486 2120 2531 Septimo
2165 2484 2263 2530 quod
2301 2483 2373 2529 ipsi

497 2558 659 2602 magistri
691 2558 853 2590 nacionis
884 2557 1069 2591 Gallicane
1099 2557 1228 2602 legunt
1257 2556 1421 2589 cursorie
1452 2556 1489 2588 in
1519 2555 1650 2588 diebus
1686 2553 1972 2600 disputabilibus
2008 2558 2044 2586 et
2073 2552 2260 2597 disputant
2288 2561 2372 2596 per-

497 2636 603 2657 verso
635 2623 762 2656 ordine
792 2636 873 2656 cum
901 2624 1025 2669 legere
1056 2630 1258 2656 teneantur.
1291 2623 1392 2656 Licet
1420 2629 1539 2655 autem
1570 2629 1639 2655 tam
1665 2621 1830 2667 magistri
1857 2626 2014 2666 quatuor
2039 2618 2233 2652 nacionum
2264 2628 2371 2662 quam

498 2690 651 2735 predicti
681 2696 935 2734 procuratores
965 2691 1124 2735 ipsarum
1156 2691 1338 2735 utrimque
1369 2689 1548 2734 pecierint
1576 2695 1615 2721 ut
1640 2688 1801 2733 predicta
1827 2687 1948 2720 omnia
1975 2692 2010 2718 et
2035 2684 2180 2730 singula
2205 2683 2371 2716 emenda-

499 2768 620 2789 remus
650 2768 688 2788 ac
719 2756 903 2789 emendari
934 2769 972 2789 ac
1002 2758 1137 2802 corrigi
1167 2758 1306 2790 ratione
1337 2757 1460 2802 previa
1489 2756 1691 2789 faceremus
1717 2766 1724 2787 ε
1755 2754 1952 2788 voluerunt
1976 2752 2082 2785 etiam
2113 2757 2149 2784 et
2173 2761 2373 2784 consense-

497 2829 582 2855 runt
619 2835 658 2855 ac
702 2823 878 2855 instanter
920 2823 1110 2867 pecierunt
1147 2831 1186 2856 ut
1225 2824 1438 2869 questiones
1477 2822 1688 2868 hujusmodi
1728 2833 1801 2854 non
1840 2827 1910 2854 tam
1945 2818 2131 2865 judicialis
2171 2817 2371 2850 decisionis

498 2889 636 2923 calculo
667 2902 772 2934 quam
803 2889 1030 2934 providentie
1061 2891 1215 2923 consilio
1246 2897 1445 2936 nostreque
1475 2889 1673 2924 voluntatis
1703 2887 1932 2933 beneplacito
1964 2886 2183 2932 sopiremus.
2220 2886 2265 2917 Et
2293 2895 2371 2929 pre-

498 2964 594 2990 terea
622 2957 658 2989 in
686 2968 754 2989 nos
780 2968 853 2989 non
881 2956 998 2988 solum
1027 2963 1193 3001 tanquam
1222 2957 1259 2989 in
1284 2957 1473 2999 arbitrum,
1502 2956 1753 2990 arbitratorem
1775 2961 1810 2988 et
1834 2953 2060 2988 amicabilem
2086 2951 2368 2997 compositorem
