2580 3528
518 385 584 418 350
1100 390 1421 419 annT'uLAmuu
1455 396 1647 418 muvsns.
1684 396 1812 418 mnis.
2290 384 2389 424 [1257

520 473 615 493 cetera.
638 469 810 494 Guillelmum
826 471 858 494 de
877 471 904 494 S.
921 472 1022 499 Amore,
1044 470 1161 495 Oflonem
1183 471 1214 494 de
1236 470 1332 498 Duaoo,
1351 470 1521 495 Laurentium
1537 470 1685 501 Anglicuun,
1710 474 1771 499 etc..
1791 469 1818 493 in
1836 470 1912 494 domo
1933 469 2067 493 Sorboune
2088 467 2249 500 theologiam
2270 467 2391 493 docui-ne

519 521 587 538 vana
603 514 693 545 opinio
709 517 757 543 est,
774 514 841 538 sicut-
853 518 878 539 et
892 523 936 539 eos
953 515 1034 540 fuisse
1050 515 1134 539 socios
1147 515 1187 538 vel
1202 515 1320 547 hospites
1337 515 1479 541 sorbonae,
1494 517 1523 537 ut
1534 514 1633 546 legitur
1647 514 1674 537 in
1689 514 1758 538 Bibl.
1775 514 1908 537 Arsennlis
1920 522 1970 538 ms.
1985 514 2054 542 1228,
2066 514 2156 545 ρ.336,
2172 512 2213 536 vel
2223 511 2391 535 adversarios

517 559 701 589 professorum
725 559 929 583 mendicantium
952 568 967 583 n
987 559 1104 591 Collegi«)
1125 559 1259 584 Sorbonae
1273 559 1405 590 prodiisse
1421 559 1599 588 (nemen-aeus,
1617 558 1760 583 Sorbonae
1774 558 1910 589 origines,
1924 558 1993 582 Biht.
2010 561 2064 581 nat.
2079 557 2173 586 Paris..
2188 565 2238 580 ms.
2255 556 2301 580 lat.
2320 557 2390 585 δίω,

518 603 563 626 fol.
584 604 681 633 68-74),
695 611 756 626 cum
771 604 890 639 Sorbona
907 604 993 627 tribus
1008 607 1110 627 tantum
1123 603 1224 628 ultimis
1238 603 1315 627 annis
1334 603 1509 627 contentionis
1532 603 1599 626 inter
1614 602 1819 626 Universitatem
1843 606 1869 626 et
1889 602 2065 626 Mendieautes
2076 602 2180 626 initium
2195 600 2349 633 sumpserit.
2359 613 2391 620 ’-

517 647 540 669 3.
557 647 609 670 Iste
626 647 727 676 (Petrus
743 648 980 679 Pungensasinum)
996 651 1021 671 et
1035 648 1168 671 ,Iohannes
1183 648 1215 670 de
1230 647 1362 671 Balneolis
1380 646 1549 670 nominantur
1564 645 1643 669 etiam
1658 654 1739 677 supra
1753 650 1783 669 n⁰
1798 647 1853 675 242,
1868 649 1893 669 ct
1900 646 1980 678 ,prior
1995 646 2021 669 in
2034 646 2144 671 Cartul·
2159 647 2192 669 de
2206 645 2234 670 la
2247 645 2391 669 Sor-bonne

519 691 626 722 saepius
647 692 770 720 occurrit,
790 701 814 715 v.
836 701 861 723 g.
885 693 917 715 ad
938 701 998 716 ann.
1020 693 1079 715 1254
1101 692 1187 722 (Ax-eh.
1207 695 1260 715 nat.
1283 692 1308 715 S.
1327 691 1398 719 6213,
1419 696 1448 714 n⁰
1468 691 1532 720 128),
1550 691 1610 713 1258
1625 690 1734 714 et1260.
1749 690 1820 714 Biht.
1839 693 1892 714 nnt.
1907 690 2002 718 Paris„
2018 698 2068 714 ms.
2083 691 2129 714 lat.
2142 690 2227 718 16089,
2244 689 2288 713 fol.
2306 689 2344 713 13,
2359 701 2391 707 —

515 736 540 759 11.
555 735 619 758 Vide
635 744 715 767 supra
731 740 759 759 n⁰
775 737 829 761 242.

517 932 629 969 303.
652 940 820 966 Alexander·
835 941 879 966 IV
893 940 933 965 ad
948 940 1142 965 Haimericum
1158 939 1363 966 cancellarium
1378 941 1583 972 Parisionsem,
1603 944 1634 966 ut
1648 940 1767 975 regendi
1780 941 1906 967 Parisiis
1925 941 1954 967 in
1970 940 2072 977 aliqua
2086 940 2230 975 facultate
2243 940 2390 968 licentiae·

605 989 678 1015 nulli
694 988 811 1022 tribuat,
830 989 887 1014 nisi
902 989 929 1014 ei
944 988 994 1023 qui
1008 988 1121 1014 litteras
1137 988 1316 1024 apostolicas
1331 997 1346 1014 ‹
1365 989 1456 1022 Quasi
1476 989 1582 1024 lignum
1599 989 1673 1015 vitae
1689 998 1704 1015 »
1719 998 1750 1015 se
1764 990 1886 1024 firmiter
1900 989 2113 1016 observaturum
2125 989 2297 1026 promiserit.

1728 1079 1807 1109 1257,
1822 1079 1911 1105 Martii
1923 1080 1961 1109 10,
1977 1079 2103 1105 Laterum.

603 1152 810 1184 Alexander
853 1151 1049 1196 episcopus
1090 1163 1218 1184 servus
1260 1163 1450 1186 servorum
1491 1153 1557 1186 Dei
1596 1153 1729 1186 dilecto
1767 1153 1842 1186 filio
1880 1180 1900 1186 ..
1937 1153 2152 1187 cancellario
2191 1153 2388 1187 Parisiensi

514 1219 665 1251 salutem
701 1225 736 1251 et
769 1217 1003 1262 apostolicam
1038 1217 1345 1251 benedictionem.
1387 1219 1487 1252 Licet
1513 1231 1581 1252 nos
1612 1219 1711 1261 olim,
1742 1225 1806 1254 etc.
1843 1220 1937 1254 sicut
1963 1231 2074 1265 supra
2105 1223 2142 1253 n⁰
2171 1220 2248 1261 298,
2284 1231 2389 1265 usque

512 1292 752 1319 servaturum.
781 1283 916 1318 Deinde
939 1297 949 1317 .·
971 1296 1044 1316 non
1070 1283 1301 1318 obstantibus
1327 1285 1511 1330 aliquibus
1537 1286 1669 1319 litteris
1692 1286 1750 1320 vel
1775 1286 2015 1332 indulgentiis
2042 1299 2060 1320 a
2081 1287 2169 1320 sede
2189 1286 2386 1332 apostolica

512 1352 727 1397 impetratis,
754 1351 798 1384 de
825 1350 959 1396 quibus
985 1350 1127 1395 plenam
1154 1357 1190 1384 et
1214 1363 1423 1396 expressam
1449 1359 1614 1397 oporteat
1638 1353 1675 1385 in
1701 1353 1934 1398 presentibus
1959 1353 2180 1386 mentionem
2208 1353 2300 1395 fieri,
2321 1365 2387 1386 seu

513 1430 578 1464 per
598 1430 687 1463 quas
707 1417 864 1450 mandati
886 1418 1002 1450 nostri
1023 1417 1188 1450 executio
1210 1418 1246 1451 in
1266 1418 1331 1451 hac
1352 1425 1452 1464 parte
1472 1418 1589 1452 valeat
1613 1419 1793 1464 impediri.
1822 1421 1900 1453 Dat.
1928 1420 2093 1453 Laterani
2117 1421 2150 1465 vj
2177 1419 2226 1452 id.
2253 1419 2384 1462 Martii,

513 1484 744 1530 pontificatus
765 1484 880 1517 nostri
902 1495 996 1516 anno
1017 1484 1136 1516 tertio.

606 1583 673 1606 Bibl.
692 1582 824 1614 Phillipps
840 1582 866 1605 in
882 1582 1062 1610 Cheltcnhnm‚
1079 1590 1127 1605 ms.
1145 1583 1199 1610 876,
1217 1582 1260 1606 fol.
1281 1583 1318 1605 24.
1342 1582 1406 1606 Cod.
1422 1583 1478 1606 Vnt.
1496 1583 1560 1614 Reg.
1582 1584 1636 1611 406,
1654 1583 1698 1606 fol.
1716 1583 1770 1606 22¹².
1794 1583 1876 1606 Ambo
1895 1583 2025 1614 incipiunt
2041 1591 2046 1606 z
2067 1591 2078 1606 α
2094 1583 2231 1607 Universis
2249 1585 2385 1614 presentes

510 1627 612 1650 litteras
626 1627 784 1658 inspecturis
796 1626 969 1649 cancellarius
985 1626 1143 1649 Parisicnsis
1159 1627 1272 1650 salutem
1287 1626 1313 1650 in
1324 1627 1442 1650 Domino.
1459 1627 1592 1651 Noveritis
1603 1635 1650 1650 nos
1666 1627 1765 1651 vidisse
1775 1627 1877 1651 litteras
1888 1627 1987 1651 domini
1996 1636 2065 1659 pape
2076 1629 2187 1651 formam
2202 1635 2252 1659 que
2266 1627 2386 1659 sequitur

509 1671 680 1694 continentes.
698 1680 709 1694 »
726 1672 789 1694 Post
802 1671 904 1694 litteras
920 1670 1071 1702 superiores
1091 1667 1237 1702 sequuntur
1256 1671 1324 1695 aliae
1339 1671 1372 1695 ad
1393 1672 1505 1695 eundem
1524 1671 1638 1695 directae
1658 1671 1703 1703 viij
1724 1672 1778 1696 kal.
1798 1673 1864 1703 Aug.
1880 1680 1922 1697 an.
1944 1674 1968 1695 5.
1987 1686 2018 1689 -
2032 1672 2094 1697 Cod.
2113 1672 2254 1696 Rutenens.
2273 1671 2384 1696 Constit-

509 1715 572 1739 Ord.
590 1716 692 1744 Praed.,
709 1725 735 1747 p.
753 1717 797 1739 248
814 1724 818 1738 1
837 1724 848 1738 «
863 1723 878 1738 v
894 1715 929 1739 id.
946 1715 1007 1739 Maii
1023 1723 1044 1738 )).

509 1859 622 1896 304.
647 1869 815 1895 Alexander
830 1871 875 1895 IV
884 1869 924 1896 ad
939 1869 1145 1896 cancellarium
1162 1870 1189 1896 S.
1211 1871 1368 1904 Genovesae
1383 1870 1478 1897 Paris.
1497 1870 1533 1896 de
1549 1870 1648 1897 eodem
1663 1874 1838 1905 argumento.

1730 1962 1809 1991 1257.
1824 1962 1912 1988 nrm-tii
1925 1962 1956 1991 11,
1971 1962 2098 1987 Latet-am:

597 2034 802 2067 Alexander
836 2035 1032 2080 episcopus
1068 2047 1197 2068 servus
1232 2047 1422 2069 servorum
1457 2036 1523 2069 Dei
1558 2035 1691 2069 dilecto
1725 2035 1845 2068 filio..
1872 2034 2088 2068 cancellario
2123 2035 2157 2068 S.
2194 2034 2382 2069 Genovefe

508 2101 725 2134 Parisiensis
755 2101 907 2134 salutem
939 2108 975 2134 et
1003 2101 1237 2147 apostolicam
1269 2101 1576 2135 benedictionem.
1609 2102 1709 2135 Licet
1735 2113 1802 2134 nos
1830 2101 1929 2143 olim,
1961 2107 2024 2135 etc.
2054 2102 2146 2135 sicut
2178 2101 2215 2135 in
2244 2100 2383 2136 litteris

502 2167 783 2211 precedentibus.
807 2169 883 2201 Dat.
908 2168 1073 2201 Laterani
1094 2180 1116 2201 v
1136 2167 1185 2200 id.
1209 2168 1341 2209 Martii‚
1364 2167 1595 2212 pontificatus
1617 2168 1733 2201 nostri
1754 2179 1847 2201 anno
1869 2168 1987 2201 tertio.

603 2265 738 2296 Originalc
759 2265 784 2288 in
805 2266 881 2289 Arch.
899 2269 951 2289 nat.
968 2265 1053 2289 Paris.
1070 2266 1096 2289 L.
1115 2266 1168 2294 251,
1181 2269 1209 2288 n⁰
1226 2266 1279 2289 126.
1296 2266 1404 2290 Restant
1418 2266 1463 2289 fila
1478 2265 1590 2289 cannah.
1607 2266 1636 2289 In
1652 2265 1806 2289 membrana
1820 2274 1914 2289 aversa
1930 2273 1935 2288 :
1954 2274 1965 2289 ι(
1981 2265 2178 2289 Predicutorum
2193 2273 2215 2288 1).

508 2462 620 2499 305.
643 2471 810 2498 Alexander
827 2474 841 2498 1
846 2473 869 2498 V
878 2472 999 2498 mandat
1014 2472 1175 2507 Reginaldo
1191 2473 1324 2509 episcopo
1343 2472 1506 2498 parisiensi
1525 2476 1555 2498 ut
1571 2472 1636 2498 illos
1657 2472 1811 2507 magistros
1827 2476 1855 2498 et
1869 2472 2025 2507 scholares,
2043 2472 2093 2508 qui
2111 2471 2257 2498 renuerint
2275 2472 2381 2498 contri-

598 2520 738 2546 butionem
760 2523 858 2555 facere
880 2525 907 2547 et
929 2521 1230 2547 excommunicationis
1252 2521 1423 2547 sententiam
1442 2530 1497 2557 per
1518 2525 1663 2547 cantorem
1683 2520 1883 2547 Beluacensem
1904 2525 1931 2547 et
1950 2521 2102 2547 Robertum
2118 2520 2153 2547 de
2167 2522 2266 2546 Duaco
2282 2521 2312 2546 in
2331 2529 2380 2547 eos

595 2568 807 2603 promulgatam
824 2570 1003 2604 incurrerint,
1022 2569 1161 2605 absolvat,
1179 2570 1205 2596 si
1218 2570 1402 2606 promiserint
1417 2570 1558 2596 mandata
1574 2569 1736 2606 apostolica
1751 2578 1782 2596 se
1798 2569 2006 2596 observaturos.

1722 2659 1799 2688 1257,
1814 2658 1903 2684 Martis
1916 2658 1953 2687 13,
1970 2657 2095 2684 Laterum:

597 2730 802 2764 Alexander
836 2733 1032 2777 episcopus
1067 2745 1196 2767 servus
1231 2745 1420 2767 servorum
1456 2733 1522 2766 Dei
1556 2732 1756 2766 venerabili
1790 2733 1890 2765 fratri
1923 2758 1943 2765 ..
1976 2732 2149 2777 episcopo
2183 2731 2380 2765 Parisiensi

511 2795 662 2828 salutem
694 2803 728 2829 et
757 2798 991 2842 apostolicam
1021 2799 1328 2833 benedictionem.
1361 2799 1456 2833 Olim
1484 2799 1601 2832 felicis
1629 2798 1894 2832 recordationis
1920 2798 2170 2840 Innocentius,
2197 2803 2261 2832 etc.
2287 2798 2381 2832 sicut

509 2873 619 2906 supra
650 2866 686 2894 n⁰
716 2864 794 2904 301,
823 2875 926 2909 usque
958 2872 1153 2910 presumat.
1189 2865 1324 2900 Deinde
1349 2867 1455 2899 :Nos
1485 2866 1581 2898 enim
1612 2865 1760 2898 eosdem
1790 2865 1985 2910 magistros
2014 2870 2050 2897 et
2079 2863 2240 2897 scolares
2270 2876 2381 2909 super

509 2928 671 2960 facienda
701 2929 970 2963 contributione
999 2931 1036 2963 in
1067 2932 1251 2976 expensis,
1288 2944 1378 2977 quas
1407 2932 1540 2965 fecisse
1574 2931 1750 2964 asseritur
1779 2931 1873 2964 dicta
1908 2930 2135 2964 Universitas
2169 2943 2188 2964 a
2217 2937 2380 2976 temporo
