2580 3528
232 448 328 489 1255]
570 457 618 480 ΑΒ
651 457 758 480 Anno
791 457 869 480 mcc
903 457 1035 487 usqua·
1069 458 1117 480 an
1151 456 1381 481 munerum
1416 459 1456 481 1v
1490 459 1580 483 nso.
1617 460 1753 483 rnANc.
2038 453 2104 487 289

228 588 341 626 251.
362 596 532 624 Alexander
549 597 595 624 JV
607 598 716 631 fratres
733 597 935 623 cistercienses
954 596 984 623 in
1005 596 1165 632 theologica
1183 596 1327 631 facultate
1345 597 1494 624 studentes
1514 599 1640 625 Parisiis
1658 599 1712 625 sub
1736 599 1814 625 beati
1828 600 1908 626 Petri
1925 601 2102 636 protectione

316 646 440 683 suscipit
453 646 552 683 eisque
563 645 719 683 privilegia
737 645 853 672 Ordinis
867 645 1005 672 concedit.

1452 692 1526 722 1255,
1542 693 1612 719 danii
1626 693 1663 723 18,
1681 692 1816 726 Anagniae.

317 764 524 799 Alexander
549 765 746 811 episcopus
773 775 915 799 servus·
929 776 1119 799 servorum
1144 765 1212 798 Dei
1237 765 1382 799 dilectis
1406 765 1492 799 filiis
1513 766 1700 800 monachis
1721 767 1766 800 de
1787 767 1868 801 loco
1889 768 1951 813 qui
1971 767 2104 801 dicitur

229 832 331 866 Beati
364 831 543 865 Bernardi
577 832 809 873 Parisiensis‚
845 831 1104 866 Cisterciensis
1142 831 1306 874 Ordinis,
1341 832 1379 865 in
1413 832 1619 878 theologica
1656 833 1823 867 facultate
1869 834 2103 868 studentibus

229 898 382 932 salutem
408 905 445 932 et
472 898 708 944 apostolicam
734 898 1042 932 benedictionem.
1071 899 1305 932 Sacrosancta
1331 900 1489 932 Romana
1518 899 1673 933 ecclesia
1702 900 1855 934 devotos
1884 907 1920 934 et
1945 900 2102 934 humiles

228 965 326 999 filios
353 977 397 998 ex
425 972 571 999 assuete
595 965 740 1011 pietatis
765 965 883 999 officio
910 965 1131 1011 propensius
1155 965 1311 1011 diligere
1336 966 1539 1008 consuevit,
1567 973 1603 1000 et
1626 978 1671 1000 ne
1697 979 1890 1012 pravorum
1914 966 2102 1000 hominum

229 1031 410 1066 molestiis
452 1032 650 1077 agitentur,
691 1043 756 1066 eos
799 1038 967 1077 tanquam
1007 1032 1064 1077 pia
1108 1038 1220 1065 mater
1258 1043 1324 1065 sue
1369 1033 1607 1078 protectionis
1646 1033 1845 1067 munimine
1892 1034 2100 1068 confovere.

230 1099 432 1144 Eapropter
459 1098 583 1132 dilecti
612 1098 650 1132 in
676 1098 832 1132 Domino
864 1097 929 1131 filii
960 1109 1028 1131 nos
1059 1098 1192 1132 vestris
1225 1099 1338 1144 justis
1369 1099 1678 1144 postulationibus
1707 1106 1810 1146 grato
1841 1107 2102 1134 concurrentes

228 1176 384 1199 assensu
421 1165 466 1198 ad
499 1165 614 1199 instar
647 1165 708 1199 fel.
740 1177 813 1198 rec.
850 1165 1054 1198 Innocentii
1089 1177 1180 1211 pape
1214 1165 1490 1210 predecessoris
1528 1166 1644 1200 nostri
1678 1178 1855 1212 personas
1892 1173 2033 1200 vestras
2067 1174 2103 1200 et

228 1231 361 1273 locum,
383 1237 447 1266 etc.
467 1231 563 1266 sicut
581 1243 692 1277 supra
712 1237 752 1264 n⁰
769 1233 843 1265 157.
868 1232 945 1264 Dat.
962 1231 1131 1276 Anagnie
1155 1231 1230 1276 xiiij
1252 1231 1322 1265 kal.
1343 1231 1444 1273 Julii,
1466 1232 1696 1278 pontificatus
1717 1233 1834 1267 nostri
1852 1245 1949 1266 anno
1970 1234 2099 1279 primo.

322 1330 458 1362 Originule
473 1330 502 1354 in
514 1329 593 1354 ‘Areln
610 1330 712 1362 depart.
729 1329 761 1353 de
777 1329 868 1353 l’Aube
884 1329 1012 1361 (Ti-oyes),
1027 1329 1140 1360 3Hs260.
1157 1329 1236 1353 Deest
1249 1329 1324 1353 bulla
1340 1330 1474 1361 plumbea.

229 1526 342 1564 252.
363 1535 533 1563 Alexander
546 1537 592 1563 IV
600 1535 783 1562 studentibus
800 1536 915 1562 Cisterc.
933 1536 1059 1562 Parisiis
1074 1536 1197 1563 novicios
1213 1536 1254 1562 ad
1264 1537 1475 1574 professionem
1491 1537 1667 1564 admittendi
1680 1541 1853 1574 potestatem
1869 1538 2005 1565 concedit.

1452 1627 1525 1657 1255,
1541 1627 1612 1653 danii*
1622 1627 1666 1657 22,
1682 1627 1818 1660 Anwm'ae.

316 1699 524 1734 Alexander
543 1699 740 1746 episcopus
765 1711 894 1734 servus
920 1711 1109 1734 servorum
1136 1700 1202 1733 Dei
1230 1700 1374 1734 dilectis
1395 1700 1481 1734 filiis
1502 1701 1683 1746 provisori
1705 1708 1740 1735 et
1759 1701 1947 1736 monachis
1967 1703 2104 1736 consti-

229 1766 317 1801 tutis
345 1766 383 1800 in
408 1765 490 1800 loco
517 1766 580 1812 qui
606 1765 739 1799 dicitur
764 1766 865 1799 Beati
893 1766 1070 1800 Bernardi
1095 1767 1327 1809 Parisiensis,
1353 1767 1612 1802 Cisterciensis
1637 1768 1800 1810 Ordinis,
1831 1769 1869 1802 in
1899 1768 2104 1814 theologica

229 1832 397 1877 facultate
424 1831 658 1866 studentibus
684 1832 838 1866 salutem
865 1839 902 1866 et
927 1833 1162 1879 apostolicam
1190 1833 1496 1868 benedictionem.
1524 1834 1668 1868 Dudum
1699 1846 1875 1880 personas
1902 1842 2042 1869 vestras
2069 1843 2106 1869 et

229 1899 364 1942 locum,
391 1899 430 1932 in
459 1911 531 1946 quo
560 1898 629 1933 sub
659 1898 890 1933 observantia
918 1899 1078 1946 regulari
1106 1900 1240 1946 degitis
1275 1900 1498 1934 desudantes
1531 1900 1716 1947 theologie
1751 1902 1887 1943 studio,
1917 1901 1962 1935 ad
1991 1902 2105 1936 instar

228 1964 347 2000 felicis
378 1965 644 2000 recordationis
670 1966 876 2000 Innocentii
905 1978 996 2012 pape
1024 1966 1301 2012 predecessoris
1328 1967 1539 2001 nostrisub
1562 1967 1658 2001 beati
1682 1968 1779 2001 Petri
1806 1974 1841 2001 et
1870 1974 1993 2002 nostra
2020 1980 2104 2014 pro-

230 2032 388 2066 tectione
422 2020 552 2066 affectu
585 2031 757 2066 benivolo
789 2032 1035 2075 admittentes,
1070 2038 1134 2068 etc.
1169 2033 1264 2068 sicut
1294 2045 1405 2079 supra
1437 2038 1475 2066 n⁰
1502 2035 1578 2076 161,
1608 2045 1713 2080 usque
1741 2034 1902 2068 valeatis.
1933 2034 2068 2069 Deinde
2093 2048 2104 2069 .-

232 2098 385 2132 maxime
414 2110 496 2132 cum
527 2098 564 2132 id
592 2097 736 2132 dilectis
761 2098 848 2132 filiis
871 2125 892 2132 ..
915 2098 1035 2132 abbati
1063 2105 1099 2133 et
1126 2099 1290 2145 generali
1316 2100 1474 2146 capitulo
1502 2100 1754 2142 Cisterciensi,
1784 2101 1879 2134 sicut
1906 2112 1950 2134 ex
1978 2113 2104 2135 eorum

230 2163 363 2198 litteris
388 2163 498 2198 nobis
522 2175 635 2210 super
658 2164 727 2198 hoc
752 2164 901 2199 directis
925 2165 1145 2211 accepimus,
1172 2165 1322 2211 placeat,
1348 2166 1393 2199 ad
1418 2166 1532 2200 instar
1558 2166 1832 2212 predecessoris
1857 2167 1974 2212 ipsius
1999 2167 2105 2202 vohis

233 2230 445 2264 auctoritate
469 2230 695 2276 presentium
725 2231 962 2265 concedimus
990 2231 1207 2266 facultatem.
1236 2231 1335 2266 Nulli
1359 2244 1461 2278 ergo,
1487 2238 1567 2274 etc„
1593 2239 1717 2266 nostre
1747 2233 2012 2274 concessionis,
2039 2238 2102 2267 etc.

235 2296 272 2330 Si
292 2296 375 2342 quis
395 2302 529 2339 autem,
549 2301 613 2331 etc.
636 2297 715 2330 Dat.
737 2297 906 2343 Anagnie
925 2309 947 2331 x
967 2297 1037 2331 kal.
1058 2297 1158 2339 sulii,
1180 2298 1411 2343 pontificatus
1432 2299 1548 2332 nostri
1568 2310 1662 2332 anno
1684 2299 1813 2344 primo.

326 2393 464 2425 Originule
485 2393 513 2417 in
534 2393 611 2418 Arch.
631 2396 685 2418 nat.
706 2394 791 2419 Parin,
811 2394 839 2419 L.
859 2395 914 2423 249,
935 2398 964 2418 n⁰
983 2395 1022 2419 27.
1043 2395 1193 2427 Supersunt
1212 2395 1257 2419 fila
1281 2395 1357 2419 serie.
1378 2395 1439 2419 ssavi
1458 2398 1484 2419 et
1503 2395 1578 2419 rubei
1599 2396 1704 2419 coloris.
1731 2395 1806 2419 Aliud
1831 2395 1961 2428 originale
1981 2396 2007 2420 in
2027 2396 2103 2421 Arch.

233 2437 335 2470 depol-t.
361 2437 394 2462 de
413 2437 504 2461 rAube
525 2437 654 2470 (freyen),
679 2438 792 2469 Sllswo.
815 2438 893 2463 Deent
916 2438 990 2463 bulla
1013 2439 1147 2471 plumbea.
1169 2439 1199 2463 lu
1218 2439 1338 2471 margine
1358 2439 1489 2472 superiori
1508 2439 1627 2472 legitur:
1646 2449 1659 2463 α
1675 2440 1825 2472 duplicetur
1840 2448 1861 2464 ι».
1877 2453 1909 2459 —
1928 2440 2052 2465 D'Arbois
2073 2441 2105 2466 de

233 2480 403 2510 Jubainviue.
419 2475 524 2507 Beudes
533 2488 587 2507 eur
601 2481 676 2507 teme
688 2481 828 2508 emer-{eur
840 2484 886 2508 des
900 2483 1016 2514 abbaye:
1030 2482 1233 2513 cisterciennes,
1249 2492 1276 2515 p.
1293 2484 1346 2507 365.

234 2676 347 2717 253.
366 2687 536 2716 Alexander
550 2689 568 2715 1
571 2689 595 2716 V
604 2687 709 2716 laudat
720 2689 900 2726 propositum
916 2688 1056 2726 Stephani
1070 2688 1187 2716 abbatis
1205 2688 1447 2716 Claraevallemiae
1463 2692 1493 2715 ut
1505 2689 1607 2716 domus
1620 2689 1712 2716 studii
1726 2690 1851 2717 Parisiis
1867 2690 2019 2720 habeatur.

1456 2778 1532 2809 1256.
1546 2778 1617 2805 dumi
1626 2779 1672 2809 ²2.
1687 2778 1823 2812 Anagniae.

323 2850 531 2885 Alexander
555 2851 752 2898 episcopus
777 2863 907 2886 servus
932 2855 1132 2887 servorum‘
1147 2852 1213 2886 Dei
1234 2852 1367 2887 dilecto
1388 2852 1464 2887 filio
1487 2879 1508 2886 ..
1531 2852 1652 2886 abbati
1672 2852 1933 2888 Clarevallen‘si
1954 2854 2105 2888 salutem

236 2922 273 2951 et
290 2916 525 2963 apostolicam
546 2916 852 2952 benedictionem.
874 2918 1057 2953 Virtutum
1081 2919 1218 2954 intenta
1242 2918 1371 2961 cultui,
1395 2924 1459 2954 etc.
1480 2919 1574 2954 sicut
1591 2930 1702 2965 supra
1723 2925 1760 2953 η’
1786 2921 1861 2963 133,
1883 2931 1988 2966 usque
2007 2933 2108 2955 vacn-

238 2982 321 3018 turi.
338 2981 474 3018 Deinde
489 2996 500 3018 :
514 2984 591 3018 Nos
610 2983 822 3030 hujusmodi
843 2985 1070 3031 propositum
1092 2985 1212 3032 plenis
1232 2985 1402 3020 laudibus
1424 2992 1690 3031 prosequentes
1710 2986 1754 3019 ad
1775 2986 1889 3020 instar
1908 2987 1968 3020 sel.
1992 2998 2108 3020 recor-

363 3041 460 3066 Ghart.
481 3041 562 3067 Unio.
580 3042 676 3068 Paris.
694 3042 715 3067 1.
1956 3044 1985 3067 ³7
