2580 3528
479 397 543 429 572
1059 403 1376 426 anRTULAniUM
1411 401 1602 424 UNH‘ERS.
1640 400 1768 422 rmus.
2251 391 2350 432 [1279

477 508 591 545 487.
614 518 740 543 Litterae
764 517 897 551 magistri
921 515 1062 542 Guillelmi
1078 515 1113 541 de
1135 517 1243 543 Saana.
1266 514 1483 548 Rotomagensis
1503 512 1643 539 ecclesiae
1663 512 1849 547 thesaurarii,
1872 512 1976 548 quibus
1997 512 2154 539 Ricardum
2178 512 2214 539 de
2234 512 2350 540 Alacri-

567 569 668 600 monte‚
685 565 826 599 clericum,
845 565 991 591 constituit
1003 568 1219 600 procuratorem
1233 572 1315 588 suum
1331 562 1371 588 ad
1386 561 1552 588 mittendum
1568 561 1695 595 clericos,
1714 570 1733 587 α
1751 560 1900 587 Guittelmo
1915 560 1982 587 olim
1998 561 2174 596 designatos,
2191 562 2220 588 in
2231 570 2350 598 posses-

567 615 675 640 sionem
692 614 825 640 bonorum
842 614 965 640 omnium
982 622 1056 648 quae
1072 613 1113 638 eis
1125 612 1295 648 praedictus
1311 611 1346 637 de
1363 613 1462 636 Αδἀαιια
1477 610 1607 636 dederat.

1768 660 1843 689 7279,
1859 659 1920 685 Maii
1931 660 1956 686 θ.

569 737 747 771 Omnibus
772 737 838 769 hcc
863 736 996 769 visuris
1027 735 1199 780 magister
1225 734 1450 768 Guillermus
1477 734 1521 766 de
1543 734 1669 775 Saana,
1692 733 1998 779 Rothomagensis
2024 734 2179 768 ecclesie
2205 734 2350 768 thesau-

480 804 608 843 rarius,
637 803 786 836 salutem
809 803 844 834 in
866 802 1033 834 Domino.
1057 801 1238 833 Noveritis
1262 812 1315 832 me
1336 800 1572 833 constituisse
1594 799 1786 832 Ricardum
1813 800 1858 833 de
1882 800 2142 842 Alacrimonte,
2162 800 2348 843 clericum,

479 876 748 914 procuratorem
776 880 892 900 meum
920 874 1091 912 quantum
1117 867 1160 899 ad
1187 866 1395 911 ponendum
1418 878 1483 899 seu
1505 866 1719 899 mittendum
1746 867 1783 899 in
1808 867 2083 912 possessionem
2109 867 2348 913 corporalem,

478 936 533 969 vel
565 936 679 979 quasi,
702 935 855 967 clericos
886 934 929 966 de
961 933 1093 978 quibus
1122 933 1160 966 fit
1188 933 1322 966 mentio
1352 933 1389 965 in
1417 933 1569 978 quadam
1598 933 1716 966 littera
1745 933 1868 978 sigillo
1897 945 1977 967 meo
2003 933 2173 979 sigillata,
2201 946 2271 980 que
2297 934 2350 968 sic

477 1002 621 1046 incipit¹
660 1013 666 1033 z
705 1016 719 1031 α
752 1000 930 1033 Omnibus
960 1000 1025 1033 hec
1056 1000 1191 1032 visuris
1223 999 1396 1044 magister
1425 999 1652 1033 Guillermus
1682 1000 1726 1033 de
1758 1001 1883 1042 Saana,
1914 1000 2163 1034 thesaurarius
2193 1000 2349 1035 ecclesie

477 1067 793 1112 Rothomagensis,
834 1066 983 1099 salutem
1024 1067 1060 1098 in
1100 1066 1268 1098 Domino.
1309 1066 1492 1099 Noveritis
1531 1078 1587 1099 me
1625 1066 1808 1099 infirmum
1848 1079 2014 1112 corpore,
2055 1068 2187 1101 mentis
2231 1074 2350 1101 tamen

476 1141 690 1179 compotem,
715 1133 868 1166 Domino
890 1133 1127 1171 concedente,
1151 1132 1298 1165 dedisse
1325 1145 1389 1166 seu
1415 1133 1573 1166 donasse
1596 1147 1626 1174 »,
1649 1139 1728 1174 etc„
1751 1140 1787 1167 et
1806 1134 1858 1166 sic
1880 1134 2093 1167 terminatur
2115 1146 2122 1167 :
2147 1149 2163 1166 α
2185 1134 2348 1168 Johanne

476 1201 519 1233 de
545 1200 754 1245 Osquevilla
783 1199 987 1244 presbitero
1013 1206 1048 1232 et
1073 1199 1246 1244 magistro
1271 1199 1475 1233 Guillermo
1499 1200 1543 1233 de
1567 1199 1836 1234 Grinibonvilla
1861 1201 1958 1234 dicto
1984 1200 2112 1243 Fabro,
2139 1201 2287 1244 clerico,
2313 1208 2350 1235 et

475 1267 554 1300 aliis
573 1281 602 1308 n,
626 1267 785 1299 omnium
808 1267 1099 1311 possessionum,
1123 1273 1314 1308 terrarum,
1336 1266 1557 1307 reddituum,
1581 1267 1808 1300 edificiorum
1831 1274 1866 1301 et
1886 1268 2047 1301 omnium
2068 1268 2222 1302 aliorum
2243 1280 2346 1314 quas,

475 1345 566 1378 quos
588 1340 621 1366 ct
643 1345 711 1377 que
733 1333 839 1366 dictis
861 1332 1005 1365 clericis
1027 1332 1110 1365 dedi
1133 1344 1197 1365 seu
1220 1332 1351 1366 donavi
1371 1345 1478 1366 causa
1501 1333 1641 1374 mortis,
1663 1334 1831 1367 concessi
1851 1346 1891 1367 ac
1912 1334 2018 1367 etiam
2040 1335 2178 1368 contuli
2202 1335 2348 1381 penitus

475 1407 509 1432 et
536 1400 572 1432 in
600 1406 826 1444 perpetuum,
856 1406 891 1432 ut
921 1399 957 1431 in
986 1399 1147 1444 predicta
1174 1399 1305 1440 littera,
1335 1399 1458 1444 sigillo
1488 1412 1568 1432 meo
1591 1400 1760 1445 sigillata,
1783 1401 1928 1445 plenius
1954 1402 2172 1435 continetur.
2196 1403 2240 1435 Et
2263 1402 2348 1436 volo

475 1473 510 1499 et
535 1466 674 1507 affecto,
703 1466 800 1510 quod
826 1465 944 1498 dictus
970 1472 1183 1510 procurator
1210 1472 1321 1510 ponat
1347 1477 1413 1498 seu
1440 1466 1556 1499 mittat
1582 1466 1700 1500 dictos
1727 1467 1882 1501 clericos
1909 1468 1946 1500 in
1974 1469 2264 1513 possessionem,
2289 1468 2348 1503 vel

474 1533 589 1577 quasi,
612 1532 886 1577 premissorum,
910 1532 1004 1564 sicut
1024 1543 1093 1577 ego
1115 1543 1194 1565 sum
1215 1532 1291 1565 sive
1314 1544 1410 1565 eram
1433 1532 1469 1565 in
1490 1533 1726 1577 possessione
1748 1534 1959 1567 eorumdem
1984 1546 1990 1567 ε
2014 1541 2128 1568 ratum
2152 1541 2187 1568 et
2205 1542 2348 1581 gratum

474 1599 663 1632 habiturus
689 1599 861 1643 quicquid
890 1598 1008 1631 dictus
1032 1605 1245 1643 procurator
1274 1598 1354 1632 loco
1383 1599 1454 1631 mei
1482 1600 1611 1633 fecerit
1638 1600 1675 1632 in
1705 1601 1916 1645 premissis;
1948 1601 2038 1634 dans
2070 1602 2189 1635 eidem
2215 1614 2348 1647 procu,-

474 1666 584 1698 ratori
618 1672 830 1710 potestatem
861 1665 1068 1710 generalem
1105 1672 1140 1698 et
1172 1665 1377 1698 mandatum
1413 1666 1571 1711 speciale
1612 1667 1768 1700 faciendi
1802 1667 1981 1712 premissa
2015 1668 2095 1701 loco
2130 1669 2201 1702 mei
2240 1669 2348 1703 dictis

474 1731 630 1772 clericis,
658 1743 722 1776 per
747 1731 896 1764 eosdem
924 1731 1078 1764 clericos
1105 1731 1163 1765 vel
1190 1744 1255 1776 per
1282 1738 1555 1776 procuratorem
1580 1745 1686 1766 suum
1713 1745 1778 1766 seu
1804 1741 2061 1779 procuratores
2087 1747 2226 1777 eorum,
2253 1735 2348 1770 sicut

475 1798 630 1831 facerem
654 1810 718 1830 seu
739 1798 856 1830 facere
879 1810 1039 1842 possem,
1058 1798 1088 1830 si
1109 1798 1379 1843 presentialiter
1399 1799 1628 1832 interessem.
1647 1800 1753 1843 Quod
1774 1800 1945 1834 omnibus
1965 1813 2119 1846 quorum
2141 1802 2296 1836 interest
2313 1809 2350 1836 et

474 1865 652 1897 interesse
674 1864 807 1909 poterit
827 1871 952 1897 tenore
978 1865 1202 1909 presentium
1223 1865 1307 1898 volo
1329 1872 1453 1898 notum
1475 1866 1554 1899 fieri
1575 1873 1611 1899 et
1629 1874 1804 1912 apertum.
1828 1868 1869 1900 In
1890 1868 1995 1912 cujus
2020 1868 2073 1900 rei
2098 1868 2346 1902 testimonium

475 1931 635 1975 sigillum
662 1942 779 1963 meum
802 1930 1036 1975 presentibus
1059 1931 1158 1964 volui
1184 1931 1255 1964 hiis
1282 1932 1426 1977 apponi.
1453 1934 1581 1966 Datum
1608 1945 1701 1966 anno
1724 1934 1869 1966 Domini
1890 1935 1940 1967 M⁰
1953 1934 2134 1968 CC⁰LXX
2153 1947 2264 1977 nono,
2287 1935 2346 1969 die

476 1996 614 2029 sabbati
634 1997 671 2028 in
691 1997 783 2029 sesto
806 1997 919 2029 sancti
939 1996 1115 2030 Johannis
1135 2004 1216 2030 ante
1238 1999 1380 2030 Portam
1402 1999 1574 2031 Latinam.

568 2094 703 2125 Originale
717 2093 742 2116 in
758 2093 833 2116 Arcb.
849 2093 969 2117 Univers.
987 2093 1070 2116 Puris.
1086 2093 1162 2116 theca
1178 2095 1254 2117 XXII.
1271 2095 1297 2117 Z.
1315 2095 1338 2118 1.
1354 2096 1376 2118 4.
1393 2095 1470 2119 Deest
1483 2096 1611 2127 sigillum.
1630 2110 1654 2114 ——
1673 2097 1810 2126 Jourdain,
1827 2102 1856 2120 11⁰
1871 2099 1925 2122 255.

569 2178 590 2200 1.
608 2178 705 2201 Charta
722 2177 764 2200 hic
781 2177 919 2208 designata
933 2177 1057 2200 confundi
1075 2186 1126 2200 non
1142 2178 1218 2201 debet
1233 2186 1291 2201 cum
1307 2179 1399 2202 charta
1413 2188 1495 2211 supra
1510 2185 1539 2203 n⁰
1548 2181 1594 2204 423
1611 2181 1688 2209 edita,
1706 2190 1772 2213 quae
1787 2185 1856 2205 certe
1871 2183 1946 2214 prius
1962 2183 2067 2206 conditu
2082 2187 2138 2207 erat
2153 2192 2232 2215 quum
2246 2191 2347 2208 memo-

476 2226 541 2245 rata.
559 2223 635 2250 Haec,
646 2230 723 2253 quam
739 2222 790 2244 huc
806 2230 888 2253 usque
902 2221 1017 2245 invenire
1032 2230 1083 2244 non
1096 2222 1240 2253 potuimus,
1255 2223 1433 2246 verisimiliter
1445 2224 1476 2247 nd
1492 2225 1606 2255 primam
1622 2225 1781 2257 respiciebat
1794 2230 1819 2250 et
1833 2228 1898 2250 sorte
1914 2236 1964 2250 non
1982 2228 2092 2251 multum
2108 2228 2142 2251 ab
2153 2236 2183 2252 en
2198 2227 2345 2252 differebat.

475 2389 588 2425 488.
611 2398 737 2423 Litterae
752 2396 891 2431 officialis
910 2397 1137 2431 Rotomagensis‚
1160 2397 1263 2433 quibas
1284 2402 1379 2424 notum
1399 2400 1473 2433 facit
1495 2409 1514 2426 a
1534 2401 1672 2435 magistro
1700 2402 1848 2429 Guillelmo
1873 2403 1909 2430 de
1935 2405 2036 2430 Saana
2058 2405 2228 2431 constitutos
2251 2405 2344 2439 fuisse

564 2446 730 2480 magistrum
746 2445 921 2471 Bertaudum
937 2445 972 2471 de
989 2448 1015 2472 S.
1037 2446 1181 2481 Dionysio,
1206 2448 1373 2473 canonicum
1389 2449 1592 2485 Par-isiensem,
1611 2455 1638 2476 et
1660 2451 1863 2478 Guillebertum
1883 2452 1919 2479 de
1941 2454 2050 2488 Suana,
2069 2453 2237 2479 canonicum
2256 2454 2345 2489 Baso-

565 2504 683 2528 censem,
702 2498 904 2530 procuratores
923 2503 991 2520 suos
1012 2494 1051 2520 ad
1069 2495 1236 2521 mittendum
1255 2496 1403 2523 scholares
1428 2498 1456 2524 in
1482 2498 1626 2534 theologia
1651 2501 1679 2526 ιή
1701 2502 1913 2537 possessionem
1938 2502 2061 2528 duarum
2085 2502 2232 2529 domorum
2255 2502 2341 2529 libro-

566 2552 682 2578 rumque
698 2547 725 2568 et
740 2543 903 2568 utensilium
920 2544 948 2568 in
964 2543 1005 2569 eis
1021 2547 1222 2570 contentorum.

1784 2600 1859 2630 1279,
1875 2601 1936 2627 uait
1949 2601 1986 2630 14.
2001 2600 2179 2636 [Rotomagi]

568 2665 745 2699 Omnibus
771 2665 836 2698 hec
863 2666 996 2699 visuris
1022 2667 1185 2700 officialis
1212 2668 1517 2715 Rothomagensis
1543 2672 1695 2706 salutem
1721 2674 1758 2706 in
1783 2675 1950 2708 Domino.
1974 2676 2156 2709 Noveritis
2183 2676 2281 2721 quod
2307 2676 2344 2709 in

479 2732 663 2777 presentia
689 2732 767 2764 Ade
794 2732 837 2764 de
860 2733 930 2765 V...
953 2733 1062 2776 jurati
1084 2734 1199 2766 nostri
1230 2735 1273 2767 ad
1301 2735 1368 2768 hoc
1394 2750 1411 2769 a
1433 2737 1539 2771 nobis
1561 2740 1767 2784 specialiter
1787 2741 1971 2783 destinati,
1992 2743 2213 2776 constitutus
2233 2755 2345 2776 vene-

480 2798 603 2831 rabilis
628 2797 682 2830 vir
708 2804 742 2830 et
766 2797 945 2830 discretus
971 2798 1144 2843 magister
1170 2800 1395 2836 Guillermus
1429 2803 1484 2844 [de
1517 2805 1641 2847 Saana,
1670 2806 1928 2847 the]saurarius
1960 2808 2115 2842 ecclesie
2150 2809 2344 2842 Rothoma-

479 2864 618 2910 gensis,
654 2862 807 2895 dilectos
846 2874 932 2895 suos
966 2863 1064 2896 viros
1103 2866 1331 2900 venerabiles
1365 2875 1400 2901 et
1434 2870 1613 2904 discretos
1648 2873 1842 2918 magistros
1878 2874 2096 2907 Bertaudum
2133 2875 2178 2908 de
2213 2875 2343 2908 Sancto

479 2929 690 2974 [Dionysio],
715 2929 926 2961 canonicum
952 2930 1228 2973 Parisiensem¹,
1253 2933 1289 2965 in
1318 2933 1520 2981 theologica
1546 2937 1712 2971 facultate
1739 2940 1899 2973 Parisius
1924 2940 2120 2986 legentem,
2144 2948 2177 2975 et
2203 2941 2344 2975 Guille-
