<?xml version="1.0" encoding="UTF-8"?>
<!DOCTYPE html PUBLIC "-//W3C//DTD XHTML 1.0 Transitional//EN"
    "http://www.w3.org/TR/xhtml1/DTD/xhtml1-transitional.dtd">
<html xmlns="http://www.w3.org/1999/xhtml" xml:lang="en" lang="en">
 <head>
  <title>
</title>
<meta http-equiv="Content-Type" content="text/html;charset=utf-8" />
  <meta name='ocr-system' content='tesseract 3.04.00' />
  <meta name='ocr-capabilities' content='ocr_page ocr_carea ocr_par ocr_line ocrx_word'/>
</head>
<body>
  <div class='ocr_page' id='page_1' title='image "./chartulariumuniv01univuoft_0054.png"; bbox 0 0 2618 3640; ppageno 0'>
   <div class='ocr_carea' id='block_1_1' title="bbox 523 433 1812 465">
    <p class='ocr_par' dir='ltr' id='par_1_1' title="bbox 523 433 1812 465">
     <span class='ocr_line' id='line_1_1' title="bbox 523 433 1812 465; baseline -0.007 0"><span class='ocrx_word' id='word_1_1' title='bbox 523 433 562 465; x_wconf 82' lang='lat'>12</span> <span class='ocrx_word' id='word_1_2' title='bbox 1100 437 1419 461; x_wconf 65' lang='lat' dir='ltr'>CHARTIJLARIUM</span> <span class='ocrx_word' id='word_1_3' title='bbox 1453 436 1645 459; x_wconf 75' lang='lat' dir='ltr'><strong>UNIVERS.</strong></span> <span class='ocrx_word' id='word_1_4' title='bbox 1682 435 1812 457; x_wconf 73' lang='lat' dir='ltr'><strong>PARIS.</strong></span> 
     </span>
    </p>
   </div>
   <div class='ocr_carea' id='block_1_2' title="bbox 525 548 2351 590">
    <p class='ocr_par' dir='ltr' id='par_1_2' title="bbox 525 548 2351 590">
     <span class='ocr_line' id='line_1_2' title="bbox 525 548 2351 590; baseline -0.006 -5"><span class='ocrx_word' id='word_1_5' title='bbox 525 549 599 586; x_wconf 80' lang='lat'>15.</span> <span class='ocrx_word' id='word_1_6' title='bbox 626 557 800 584; x_wconf 78' lang='lat' dir='ltr'>Coeleslinus</span> <span class='ocrx_word' id='word_1_7' title='bbox 816 558 862 582; x_wconf 95' lang='lat' dir='ltr'>III</span> <span class='ocrx_word' id='word_1_8' title='bbox 873 555 1001 590; x_wconf 79' lang='lat' dir='ltr'>mandat,</span> <span class='ocrx_word' id='word_1_9' title='bbox 1020 559 1051 581; x_wconf 85' lang='lat' dir='ltr'>ut</span> <span class='ocrx_word' id='word_1_10' title='bbox 1064 563 1172 580; x_wconf 88' lang='lat' dir='ltr'>causae</span> <span class='ocrx_word' id='word_1_11' title='bbox 1186 553 1353 580; x_wconf 81' lang='lat' dir='ltr'><em>saeculares</em></span> <span class='ocrx_word' id='word_1_12' title='bbox 1369 552 1535 579; x_wconf 74' lang='lat' dir='ltr'>clericor-um</span> <span class='ocrx_word' id='word_1_13' title='bbox 1550 552 1675 578; x_wconf 84' lang='lat' dir='ltr'>Parisiis</span> <span class='ocrx_word' id='word_1_14' title='bbox 1691 550 1925 577; x_wconf 80' lang='lat' dir='ltr'><em>commorantium</em></span> <span class='ocrx_word' id='word_1_15' title='bbox 1934 550 2002 585; x_wconf 83' lang='lat' dir='ltr'>jure</span> <span class='ocrx_word' id='word_1_16' title='bbox 2018 549 2155 575; x_wconf 86' lang='lat' dir='ltr'>canonico</span> <span class='ocrx_word' id='word_1_17' title='bbox 2170 548 2351 575; x_wconf 83' lang='lat' dir='ltr'><em>decidantur.</em></span> 
     </span>
    </p>
   </div>
   <div class='ocr_carea' id='block_1_3' title="bbox 1817 659 1967 685">
    <p class='ocr_par' dir='ltr' id='par_1_3' title="bbox 1817 659 1967 685">
     <span class='ocr_line' id='line_1_3' title="bbox 1817 659 1967 685; baseline 0 0"><span class='ocrx_word' id='word_1_18' title='bbox 1817 659 1967 685; x_wconf 84' lang='grc'><em>1191-1198.</em></span> 
     </span>
    </p>
   </div>
   <div class='ocr_carea' id='block_1_4' title="bbox 515 745 2401 1264">
    <p class='ocr_par' dir='ltr' id='par_1_4' title="bbox 515 745 2401 1264">
     <span class='ocr_line' id='line_1_4' title="bbox 567 745 2398 798; baseline -0.005 -10"><span class='ocrx_word' id='word_1_19' title='bbox 567 754 800 788; x_wconf 87' lang='lat' dir='ltr'>Coelestinus</span> <span class='ocrx_word' id='word_1_20' title='bbox 832 753 1018 798; x_wconf 86' lang='lat' dir='ltr'>[episcopo</span> <span class='ocrx_word' id='word_1_21' title='bbox 1049 751 1294 791; x_wconf 87' lang='lat' dir='ltr'>Parisiensi]¹.</span> <span class='ocrx_word' id='word_1_22' title='bbox 1329 749 1435 793; x_wconf 89' lang='lat' dir='ltr'>Quod</span> <span class='ocrx_word' id='word_1_23' title='bbox 1468 749 1626 790; x_wconf 69' lang='lat' dir='ltr'>clericis,</span> <span class='ocrx_word' id='word_1_24' title='bbox 1658 755 1725 781; x_wconf 87' lang='lat' dir='ltr'>etc.</span> <span class='ocrx_word' id='word_1_25' title='bbox 1756 749 1800 780; x_wconf 87' lang='lat' dir='ltr'>Et</span> <span class='ocrx_word' id='word_1_26' title='bbox 1833 747 1925 780; x_wconf 86' lang='lat' dir='ltr'>infra</span> <span class='ocrx_word' id='word_1_27' title='bbox 1950 745 2111 779; x_wconf 86' lang='lat' dir='ltr'>:Nullus</span> <span class='ocrx_word' id='word_1_28' title='bbox 2141 746 2398 792; x_wconf 90' lang='lat' dir='ltr'>episcoporum</span> 
     </span>
     <span class='ocr_line' id='line_1_5' title="bbox 521 812 2399 863; baseline -0.005 -9"><span class='ocrx_word' id='word_1_29' title='bbox 521 821 579 855; x_wconf 73' lang='lat' dir='ltr'>vel</span> <span class='ocrx_word' id='word_1_30' title='bbox 613 820 829 853; x_wconf 87' lang='lat' dir='ltr'>clericorum</span> <span class='ocrx_word' id='word_1_31' title='bbox 857 819 900 852; x_wconf 85' lang='lat' dir='ltr'>ad</span> <span class='ocrx_word' id='word_1_32' title='bbox 922 818 1060 863; x_wconf 86' lang='lat' dir='ltr'>judicia</span> <span class='ocrx_word' id='word_1_33' title='bbox 1090 817 1266 850; x_wconf 87' lang='lat' dir='ltr'>secularia</span> <span class='ocrx_word' id='word_1_34' title='bbox 1295 823 1350 849; x_wconf 93' lang='lat' dir='ltr'>est</span> <span class='ocrx_word' id='word_1_35' title='bbox 1383 815 1594 849; x_wconf 84' lang='lat' dir='ltr'>trahendus.</span> <span class='ocrx_word' id='word_1_36' title='bbox 1626 814 1767 847; x_wconf 78' lang='lat' dir='ltr'>Habent</span> <span class='ocrx_word' id='word_1_37' title='bbox 1800 814 1895 846; x_wconf 86' lang='lat' dir='ltr'>enim</span> <span class='ocrx_word' id='word_1_38' title='bbox 1931 812 1984 845; x_wconf 87' lang='lat' dir='ltr'>illi</span> <span class='ocrx_word' id='word_1_39' title='bbox 2014 813 2161 857; x_wconf 89' lang='lat' dir='ltr'>judices</span> <span class='ocrx_word' id='word_1_40' title='bbox 2196 825 2297 855; x_wconf 78' lang='lat' dir='ltr'>suos,</span> <span class='ocrx_word' id='word_1_41' title='bbox 2332 825 2399 846; x_wconf 90' lang='lat' dir='ltr'>nec</span> 
     </span>
     <span class='ocr_line' id='line_1_6' title="bbox 522 879 2400 933; baseline -0.004 -13"><span class='ocrx_word' id='word_1_42' title='bbox 522 887 712 933; x_wconf 83' lang='lat' dir='ltr'>quicquam</span> <span class='ocrx_word' id='word_1_43' title='bbox 736 893 791 919; x_wconf 74' lang='lat' dir='ltr'>est</span> <span class='ocrx_word' id='word_1_44' title='bbox 810 886 863 919; x_wconf 89' lang='lat' dir='ltr'>cis</span> <span class='ocrx_word' id='word_1_45' title='bbox 885 885 1042 930; x_wconf 82' lang='lat' dir='ltr'>publicis</span> <span class='ocrx_word' id='word_1_46' title='bbox 1063 896 1254 917; x_wconf 89' lang='lat' dir='ltr'>commune</span> <span class='ocrx_word' id='word_1_47' title='bbox 1275 895 1355 915; x_wconf 86' lang='lat' dir='ltr'>cum</span> <span class='ocrx_word' id='word_1_48' title='bbox 1377 882 1536 927; x_wconf 87' lang='lat' dir='ltr'>legibus.</span> <span class='ocrx_word' id='word_1_49' title='bbox 1567 881 1776 914; x_wconf 88' lang='lat' dir='ltr'>Bonisacius</span> <span class='ocrx_word' id='word_1_50' title='bbox 1801 892 1889 914; x_wconf 80' lang='lat' dir='ltr'>vero</span> <span class='ocrx_word' id='word_1_51' title='bbox 1911 881 2005 925; x_wconf 87' lang='lat' dir='ltr'>Papa</span> <span class='ocrx_word' id='word_1_52' title='bbox 2027 886 2063 913; x_wconf 86' lang='lat' dir='ltr'>et</span> <span class='ocrx_word' id='word_1_53' title='bbox 2083 879 2254 913; x_wconf 88' lang='lat' dir='ltr'>Gelasius</span> <span class='ocrx_word' id='word_1_54' title='bbox 2285 886 2320 913; x_wconf 89' lang='lat' dir='ltr'>et</span> <span class='ocrx_word' id='word_1_55' title='bbox 2338 879 2400 913; x_wconf 83' lang='lat' dir='ltr'>alii</span> 
     </span>
     <span class='ocr_line' id='line_1_7' title="bbox 522 946 2400 999; baseline -0.004 -12"><span class='ocrx_word' id='word_1_56' title='bbox 522 954 646 999; x_wconf 90' lang='lat' dir='ltr'>plures</span> <span class='ocrx_word' id='word_1_57' title='bbox 667 960 940 986; x_wconf 83' lang='lat' dir='ltr'>antecessorum</span> <span class='ocrx_word' id='word_1_58' title='bbox 962 958 1170 984; x_wconf 87' lang='lat' dir='ltr'>nostrorum</span> <span class='ocrx_word' id='word_1_59' title='bbox 1191 948 1459 994; x_wconf 77' lang='lat' dir='ltr'>antiquioribus</span> <span class='ocrx_word' id='word_1_60' title='bbox 1480 948 1657 982; x_wconf 89' lang='lat' dir='ltr'>Conciliis</span> <span class='ocrx_word' id='word_1_61' title='bbox 1679 954 1938 989; x_wconf 74' lang='lat' dir='ltr'>consonantes,</span> <span class='ocrx_word' id='word_1_62' title='bbox 1961 947 2056 980; x_wconf 81' lang='lat' dir='ltr'>sicut</span> <span class='ocrx_word' id='word_1_63' title='bbox 2079 946 2173 980; x_wconf 90' lang='lat' dir='ltr'>bene</span> <span class='ocrx_word' id='word_1_64' title='bbox 2195 953 2292 992; x_wconf 84' lang='lat' dir='ltr'>patet</span> <span class='ocrx_word' id='word_1_65' title='bbox 2309 947 2400 980; x_wconf 86' lang='lat' dir='ltr'>viris</span> 
     </span>
     <span class='ocr_line' id='line_1_8' title="bbox 515 1013 2400 1066; baseline -0.004 -13"><span class='ocrx_word' id='word_1_66' title='bbox 515 1021 611 1066; x_wconf 89' lang='lat' dir='ltr'>juris</span> <span class='ocrx_word' id='word_1_67' title='bbox 637 1020 827 1064; x_wconf 90' lang='lat' dir='ltr'>utriusque</span> <span class='ocrx_word' id='word_1_68' title='bbox 848 1018 988 1064; x_wconf 63' lang='lat' dir='ltr'>peritis,</span> <span class='ocrx_word' id='word_1_69' title='bbox 1010 1018 1046 1050; x_wconf 92' lang='lat' dir='ltr'>id</span> <span class='ocrx_word' id='word_1_70' title='bbox 1074 1017 1192 1062; x_wconf 89' lang='lat' dir='ltr'>ipsum</span> <span class='ocrx_word' id='word_1_71' title='bbox 1219 1017 1256 1048; x_wconf 92' lang='lat' dir='ltr'>in</span> <span class='ocrx_word' id='word_1_72' title='bbox 1282 1016 1395 1048; x_wconf 87' lang='lat' dir='ltr'>sacris</span> <span class='ocrx_word' id='word_1_73' title='bbox 1422 1014 1747 1048; x_wconf 82' lang='lat' dir='ltr'>constitutionibus</span> <span class='ocrx_word' id='word_1_74' title='bbox 1778 1014 1984 1047; x_wconf 86' lang='lat' dir='ltr'>ediderunt.</span> <span class='ocrx_word' id='word_1_75' title='bbox 2017 1015 2089 1047; x_wconf 88' lang='lat' dir='ltr'>Hac</span> <span class='ocrx_word' id='word_1_76' title='bbox 2118 1014 2232 1059; x_wconf 86' lang='lat' dir='ltr'>igitur</span> <span class='ocrx_word' id='word_1_77' title='bbox 2260 1013 2400 1047; x_wconf 86' lang='lat' dir='ltr'>ratione</span> 
     </span>
     <span class='ocr_line' id='line_1_9' title="bbox 521 1080 2401 1132; baseline -0.004 -12"><span class='ocrx_word' id='word_1_78' title='bbox 521 1087 658 1120; x_wconf 87' lang='lat' dir='ltr'>inducti</span> <span class='ocrx_word' id='word_1_79' title='bbox 685 1098 749 1131; x_wconf 83' lang='lat' dir='ltr'>per</span> <span class='ocrx_word' id='word_1_80' title='bbox 773 1085 970 1130; x_wconf 88' lang='lat' dir='ltr'>apostolica</span> <span class='ocrx_word' id='word_1_81' title='bbox 996 1084 1128 1128; x_wconf 85' lang='lat' dir='ltr'>scripta</span> <span class='ocrx_word' id='word_1_82' title='bbox 1154 1083 1390 1127; x_wconf 79' lang='lat' dir='ltr'>precipiendo</span> <span class='ocrx_word' id='word_1_83' title='bbox 1418 1082 1644 1123; x_wconf 82' lang='lat' dir='ltr'>mandamus,</span> <span class='ocrx_word' id='word_1_84' title='bbox 1666 1081 1838 1126; x_wconf 83' lang='lat' dir='ltr'>quatinus</span> <span class='ocrx_word' id='word_1_85' title='bbox 1859 1081 1890 1114; x_wconf 84' lang='lat' dir='ltr'>si</span> <span class='ocrx_word' id='word_1_86' title='bbox 1917 1092 2006 1126; x_wconf 87' lang='lat' dir='ltr'>quas</span> <span class='ocrx_word' id='word_1_87' title='bbox 2032 1092 2160 1114; x_wconf 84' lang='lat' dir='ltr'>causas</span> <span class='ocrx_word' id='word_1_88' title='bbox 2186 1080 2371 1132; x_wconf 83' lang='lat' dir='ltr'>seculares</span> <span class='ocrx_word' id='word_1_89' title='bbox 2387 1080 2401 1101; x_wconf 71' lang='lat'>²</span> 
     </span>
     <span class='ocr_line' id='line_1_10' title="bbox 520 1147 2400 1193; baseline -0.003 -6"><span class='ocrx_word' id='word_1_90' title='bbox 520 1154 643 1187; x_wconf 80' lang='lat' dir='ltr'>clerici</span> <span class='ocrx_word' id='word_1_91' title='bbox 670 1153 828 1185; x_wconf 78' lang='lat' dir='ltr'>Parisius</span> <span class='ocrx_word' id='word_1_92' title='bbox 856 1157 1121 1184; x_wconf 80' lang='lat' dir='ltr'>commorantes</span> <span class='ocrx_word' id='word_1_93' title='bbox 1142 1149 1335 1182; x_wconf 80' lang='lat' dir='ltr'>habuerint</span> <span class='ocrx_word' id='word_1_94' title='bbox 1355 1155 1480 1181; x_wconf 88' lang='lat' dir='ltr'>contra</span> <span class='ocrx_word' id='word_1_95' title='bbox 1506 1148 1648 1193; x_wconf 91' lang='lat' dir='ltr'>aliquos</span> <span class='ocrx_word' id='word_1_96' title='bbox 1674 1148 1732 1182; x_wconf 85' lang='lat' dir='ltr'>vel</span> <span class='ocrx_word' id='word_1_97' title='bbox 1752 1148 1864 1193; x_wconf 85' lang='lat' dir='ltr'>aliqui</span> <span class='ocrx_word' id='word_1_98' title='bbox 1885 1155 2010 1181; x_wconf 90' lang='lat' dir='ltr'>contra</span> <span class='ocrx_word' id='word_1_99' title='bbox 2030 1147 2128 1190; x_wconf 80' lang='lat' dir='ltr'>illos,</span> <span class='ocrx_word' id='word_1_100' title='bbox 2157 1147 2400 1193; x_wconf 83' lang='lat' dir='ltr'>appellatione</span> 
     </span>
     <span class='ocr_line' id='line_1_11' title="bbox 520 1214 2285 1264; baseline -0.003 -11"><span class='ocrx_word' id='word_1_101' title='bbox 520 1227 655 1253; x_wconf 83' lang='lat' dir='ltr'>remota</span> <span class='ocrx_word' id='word_1_102' title='bbox 671 1220 754 1264; x_wconf 89' lang='lat' dir='ltr'>jure</span> <span class='ocrx_word' id='word_1_103' title='bbox 776 1217 949 1251; x_wconf 82' lang='lat' dir='ltr'>canonico</span> <span class='ocrx_word' id='word_1_104' title='bbox 972 1216 1162 1257; x_wconf 74' lang='lat' dir='ltr'>decidatis,</span> <span class='ocrx_word' id='word_1_105' title='bbox 1180 1228 1247 1248; x_wconf 91' lang='lat' dir='ltr'>nec</span> <span class='ocrx_word' id='word_1_106' title='bbox 1269 1215 1486 1261; x_wconf 86' lang='lat' dir='ltr'>permittatis</span> <span class='ocrx_word' id='word_1_107' title='bbox 1502 1215 1578 1260; x_wconf 86' lang='lat' dir='ltr'>juri</span> <span class='ocrx_word' id='word_1_108' title='bbox 1599 1215 1736 1261; x_wconf 87' lang='lat' dir='ltr'>scripto</span> <span class='ocrx_word' id='word_1_109' title='bbox 1757 1215 2064 1248; x_wconf 87' lang='lat' dir='ltr'>consuetudinem</span> <span class='ocrx_word' id='word_1_110' title='bbox 2084 1214 2285 1260; x_wconf 82' lang='lat' dir='ltr'>prevalere.</span> 
     </span>
    </p>
   </div>
   <div class='ocr_carea' id='block_1_5' title="bbox 613 1313 2400 1348">
    <p class='ocr_par' dir='ltr' id='par_1_5' title="bbox 613 1313 2400 1348">
     <span class='ocr_line' id='line_1_12' title="bbox 613 1313 2400 1348; baseline -0.002 -7"><span class='ocrx_word' id='word_1_111' title='bbox 613 1317 728 1348; x_wconf 80' lang='lat' dir='ltr'>Compil.</span> <span class='ocrx_word' id='word_1_112' title='bbox 749 1316 789 1343; x_wconf 87' lang='lat' dir='ltr'>II,</span> <span class='ocrx_word' id='word_1_113' title='bbox 806 1325 827 1339; x_wconf 85' lang='lat' dir='ltr'>c.</span> <span class='ocrx_word' id='word_1_114' title='bbox 845 1319 858 1339; x_wconf 84' lang='lat'>5</span> <span class='ocrx_word' id='word_1_115' title='bbox 874 1316 905 1338; x_wconf 80' lang='lat' dir='ltr'>de</span> <span class='ocrx_word' id='word_1_116' title='bbox 926 1317 981 1338; x_wconf 81' lang='lat' dir='ltr'>soro</span> <span class='ocrx_word' id='word_1_117' title='bbox 1002 1315 1160 1346; x_wconf 77' lang='lat' dir='ltr'>competenti</span> <span class='ocrx_word' id='word_1_118' title='bbox 1181 1314 1213 1346; x_wconf 72' lang='lat'>(2,</span> <span class='ocrx_word' id='word_1_119' title='bbox 1230 1314 1253 1346; x_wconf 78' lang='lat'>2)</span> <span class='ocrx_word' id='word_1_120' title='bbox 1269 1314 1296 1337; x_wconf 86' lang='lat' dir='ltr'>in</span> <span class='ocrx_word' id='word_1_121' title='bbox 1311 1314 1380 1338; x_wconf 88' lang='lat' dir='ltr'>Bibl.</span> <span class='ocrx_word' id='word_1_122' title='bbox 1397 1318 1450 1338; x_wconf 87' lang='lat' dir='ltr'>nat.</span> <span class='ocrx_word' id='word_1_123' title='bbox 1469 1314 1552 1338; x_wconf 83' lang='lat' dir='ltr'>Paris.</span> <span class='ocrx_word' id='word_1_124' title='bbox 1570 1323 1618 1338; x_wconf 84' lang='lat' dir='ltr'>ms.</span> <span class='ocrx_word' id='word_1_125' title='bbox 1636 1315 1680 1338; x_wconf 86' lang='lat' dir='ltr'>lat.</span> <span class='ocrx_word' id='word_1_126' title='bbox 1695 1315 1785 1342; x_wconf 62' lang='lat'>1539&amp;</span> <span class='ocrx_word' id='word_1_127' title='bbox 1802 1314 1865 1337; x_wconf 89' lang='lat' dir='ltr'>Cod.</span> <span class='ocrx_word' id='word_1_128' title='bbox 1878 1314 1935 1337; x_wconf 78' lang='lat' dir='ltr'>Vnt.</span> <span class='ocrx_word' id='word_1_129' title='bbox 1952 1314 1997 1337; x_wconf 83' lang='lat' dir='ltr'>lat.</span> <span class='ocrx_word' id='word_1_130' title='bbox 2016 1314 2084 1337; x_wconf 87' lang='lat'>1377.</span> <span class='ocrx_word' id='word_1_131' title='bbox 2102 1313 2246 1337; x_wconf 80' lang='lat' dir='ltr'>Decretalis</span> <span class='ocrx_word' id='word_1_132' title='bbox 2261 1313 2288 1337; x_wconf 90' lang='lat' dir='ltr'>in</span> <span class='ocrx_word' id='word_1_133' title='bbox 2304 1313 2333 1337; x_wconf 86' lang='lat' dir='ltr'>X.</span> <span class='ocrx_word' id='word_1_134' title='bbox 2350 1313 2400 1337; x_wconf 75' lang='lat' dir='ltr'>sub</span> 
     </span>
    </p>
   </div>
   <div class='ocr_carea' id='block_1_6' title="bbox 518 1359 1642 1391">
    <p class='ocr_par' dir='ltr' id='par_1_6' title="bbox 518 1359 1642 1391">
     <span class='ocr_line' id='line_1_13' title="bbox 518 1359 1642 1391; baseline -0.004 -5"><span class='ocrx_word' id='word_1_135' title='bbox 518 1363 566 1386; x_wconf 82' lang='lat' dir='ltr'>hoc</span> <span class='ocrx_word' id='word_1_136' title='bbox 582 1362 657 1386; x_wconf 84' lang='lat' dir='ltr'>titulo</span> <span class='ocrx_word' id='word_1_137' title='bbox 673 1363 694 1390; x_wconf 79' lang='lat'>2,</span> <span class='ocrx_word' id='word_1_138' title='bbox 711 1363 734 1389; x_wconf 81' lang='lat'>9,</span> <span class='ocrx_word' id='word_1_139' title='bbox 751 1364 790 1384; x_wconf 80' lang='lat' dir='ltr'>est</span> <span class='ocrx_word' id='word_1_140' title='bbox 805 1360 959 1384; x_wconf 79' lang='lat' dir='ltr'>abbreviata</span> <span class='ocrx_word' id='word_1_141' title='bbox 975 1363 1000 1383; x_wconf 88' lang='lat' dir='ltr'>et</span> <span class='ocrx_word' id='word_1_142' title='bbox 1015 1360 1071 1383; x_wconf 71' lang='lat' dir='ltr'>vice</span> <span class='ocrx_word' id='word_1_143' title='bbox 1088 1369 1100 1383; x_wconf 78' lang='grc' dir='ltr'>(ι</span> <span class='ocrx_word' id='word_1_144' title='bbox 1117 1360 1249 1383; x_wconf 79' lang='lat' dir='ltr'>seculares</span> <span class='ocrx_word' id='word_1_145' title='bbox 1265 1368 1277 1382; x_wconf 86' lang='lat'>»</span> <span class='ocrx_word' id='word_1_146' title='bbox 1293 1359 1392 1391; x_wconf 80' lang='lat' dir='ltr'>legitur</span> <span class='ocrx_word' id='word_1_147' title='bbox 1408 1368 1419 1382; x_wconf 87' lang='lat'>«</span> <span class='ocrx_word' id='word_1_148' title='bbox 1435 1359 1604 1390; x_wconf 78' lang='lat' dir='ltr'>pecuniarias</span> <span class='ocrx_word' id='word_1_149' title='bbox 1621 1367 1642 1382; x_wconf 81' lang='grc'>)).</span> 
     </span>
    </p>
   </div>
   <div class='ocr_carea' id='block_1_7' title="bbox 517 1443 2401 1702">
    <p class='ocr_par' dir='ltr' id='par_1_7' title="bbox 517 1443 2401 1702">
     <span class='ocr_line' id='line_1_14' title="bbox 611 1443 2401 1477; baseline -0.002 -7"><span class='ocrx_word' id='word_1_150' title='bbox 611 1448 632 1470; x_wconf 89' lang='grc'>1.</span> <span class='ocrx_word' id='word_1_151' title='bbox 644 1447 700 1470; x_wconf 79' lang='lat' dir='ltr'>Non</span> <span class='ocrx_word' id='word_1_152' title='bbox 711 1449 782 1470; x_wconf 78' lang='lat' dir='ltr'>caret</span> <span class='ocrx_word' id='word_1_153' title='bbox 797 1445 983 1477; x_wconf 79' lang='lat' dir='ltr'>probabilitate</span> <span class='ocrx_word' id='word_1_154' title='bbox 998 1445 1065 1468; x_wconf 87' lang='lat' dir='ltr'>hanc</span> <span class='ocrx_word' id='word_1_155' title='bbox 1081 1445 1222 1476; x_wconf 79' lang='lat' dir='ltr'>epistolam</span> <span class='ocrx_word' id='word_1_156' title='bbox 1237 1453 1294 1468; x_wconf 83' lang='lat' dir='ltr'>esse</span> <span class='ocrx_word' id='word_1_157' title='bbox 1309 1444 1437 1468; x_wconf 79' lang='lat' dir='ltr'>directam</span> <span class='ocrx_word' id='word_1_158' title='bbox 1452 1445 1486 1467; x_wconf 84' lang='lat' dir='ltr'>ad</span> <span class='ocrx_word' id='word_1_159' title='bbox 1500 1444 1655 1476; x_wconf 84' lang='lat' dir='ltr'>episcopum</span> <span class='ocrx_word' id='word_1_160' title='bbox 1666 1444 1852 1472; x_wconf 76' lang='lat' dir='ltr'>Parisiensem,</span> <span class='ocrx_word' id='word_1_161' title='bbox 1864 1447 1893 1467; x_wconf 88' lang='lat' dir='ltr'>ut</span> <span class='ocrx_word' id='word_1_162' title='bbox 1907 1443 1987 1467; x_wconf 78' lang='lat' dir='ltr'>etium</span> <span class='ocrx_word' id='word_1_163' title='bbox 1997 1443 2126 1467; x_wconf 80' lang='lat' dir='ltr'>Boehmer</span> <span class='ocrx_word' id='word_1_164' title='bbox 2137 1443 2250 1467; x_wconf 78' lang='lat' dir='ltr'>exhibet.</span> <span class='ocrx_word' id='word_1_165' title='bbox 2263 1443 2401 1468; x_wconf 73' lang='lat' dir='ltr'>Glossator</span> 
     </span>
     <span class='ocr_line' id='line_1_15' title="bbox 517 1488 2400 1521; baseline -0.002 -6"><span class='ocrx_word' id='word_1_166' title='bbox 517 1492 672 1516; x_wconf 86' lang='lat' dir='ltr'>Laurentius</span> <span class='ocrx_word' id='word_1_167' title='bbox 693 1491 756 1514; x_wconf 86' lang='lat' dir='ltr'>dicit</span> <span class='ocrx_word' id='word_1_168' title='bbox 775 1491 807 1514; x_wconf 84' lang='lat' dir='ltr'>ad</span> <span class='ocrx_word' id='word_1_169' title='bbox 828 1490 938 1514; x_wconf 73' lang='lat' dir='ltr'>verbum</span> <span class='ocrx_word' id='word_1_170' title='bbox 954 1499 965 1512; x_wconf 92' lang='lat'>«</span> <span class='ocrx_word' id='word_1_171' title='bbox 982 1489 1070 1512; x_wconf 80' lang='lat' dir='ltr'>clerici</span> <span class='ocrx_word' id='word_1_172' title='bbox 1090 1489 1207 1513; x_wconf 83' lang='lat' dir='ltr'>Parisius</span> <span class='ocrx_word' id='word_1_173' title='bbox 1225 1498 1236 1512; x_wconf 90' lang='lat'>»</span> <span class='ocrx_word' id='word_1_174' title='bbox 1254 1497 1259 1512; x_wconf 89' lang='lat'>:</span> <span class='ocrx_word' id='word_1_175' title='bbox 1279 1497 1290 1512; x_wconf 68' lang='lat' dir='ltr'>&lt;t</span> <span class='ocrx_word' id='word_1_176' title='bbox 1306 1492 1346 1512; x_wconf 81' lang='lat' dir='ltr'>est</span> <span class='ocrx_word' id='word_1_177' title='bbox 1360 1489 1475 1521; x_wconf 81' lang='lat' dir='ltr'>speciale</span> <span class='ocrx_word' id='word_1_178' title='bbox 1495 1489 1623 1516; x_wconf 76' lang='lat' dir='ltr'>Parisius,</span> <span class='ocrx_word' id='word_1_179' title='bbox 1639 1488 1685 1512; x_wconf 83' lang='lat' dir='ltr'>ubi</span> <span class='ocrx_word' id='word_1_180' title='bbox 1705 1488 1847 1520; x_wconf 84' lang='lat' dir='ltr'>episcopus</span> <span class='ocrx_word' id='word_1_181' title='bbox 1869 1488 1938 1520; x_wconf 83' lang='lat' dir='ltr'>gerit</span> <span class='ocrx_word' id='word_1_182' title='bbox 1958 1488 2043 1512; x_wconf 83' lang='lat' dir='ltr'>vicem</span> <span class='ocrx_word' id='word_1_183' title='bbox 2062 1488 2175 1517; x_wconf 74' lang='lat' dir='ltr'>comitis,</span> <span class='ocrx_word' id='word_1_184' title='bbox 2192 1488 2262 1511; x_wconf 85' lang='lat' dir='ltr'>unde</span> <span class='ocrx_word' id='word_1_185' title='bbox 2281 1491 2308 1511; x_wconf 82' lang='lat' dir='ltr'>et.</span> <span class='ocrx_word' id='word_1_186' title='bbox 2320 1495 2400 1520; x_wconf 78' lang='lat' dir='ltr'>preco</span> 
     </span>
     <span class='ocr_line' id='line_1_16' title="bbox 517 1532 2399 1566; baseline -0.002 -6"><span class='ocrx_word' id='word_1_187' title='bbox 517 1537 633 1560; x_wconf 85' lang='lat' dir='ltr'>bannum</span> <span class='ocrx_word' id='word_1_188' title='bbox 655 1536 691 1559; x_wconf 89' lang='lat' dir='ltr'>ibi</span> <span class='ocrx_word' id='word_1_189' title='bbox 713 1536 816 1559; x_wconf 80' lang='lat' dir='ltr'>nuntiat</span> <span class='ocrx_word' id='word_1_190' title='bbox 837 1535 941 1558; x_wconf 85' lang='lat' dir='ltr'>nomine</span> <span class='ocrx_word' id='word_1_191' title='bbox 963 1534 1080 1566; x_wconf 83' lang='lat' dir='ltr'>episcopi</span> <span class='ocrx_word' id='word_1_192' title='bbox 1102 1537 1128 1557; x_wconf 87' lang='lat' dir='ltr'>et</span> <span class='ocrx_word' id='word_1_193' title='bbox 1148 1534 1228 1565; x_wconf 78' lang='lat' dir='ltr'>regis.</span> <span class='ocrx_word' id='word_1_194' title='bbox 1251 1534 1322 1557; x_wconf 78' lang='lat' dir='ltr'>Alias</span> <span class='ocrx_word' id='word_1_195' title='bbox 1344 1533 1412 1565; x_wconf 81' lang='lat' dir='ltr'>layci</span> <span class='ocrx_word' id='word_1_196' title='bbox 1435 1534 1484 1557; x_wconf 86' lang='lat' dir='ltr'>sub</span> <span class='ocrx_word' id='word_1_197' title='bbox 1506 1534 1619 1557; x_wconf 82' lang='lat' dir='ltr'>seculari</span> <span class='ocrx_word' id='word_1_198' title='bbox 1638 1533 1728 1565; x_wconf 79' lang='lat' dir='ltr'>judice</span> <span class='ocrx_word' id='word_1_199' title='bbox 1750 1533 1846 1556; x_wconf 80' lang='lat' dir='ltr'>debent</span> <span class='ocrx_word' id='word_1_200' title='bbox 1867 1532 2002 1556; x_wconf 84' lang='lat' dir='ltr'>conveniri</span> <span class='ocrx_word' id='word_1_201' title='bbox 2025 1541 2047 1556; x_wconf 91' lang='lat'>».</span> <span class='ocrx_word' id='word_1_202' title='bbox 2071 1533 2140 1556; x_wconf 90' lang='lat' dir='ltr'>Bibl.</span> <span class='ocrx_word' id='word_1_203' title='bbox 2163 1535 2217 1556; x_wconf 81' lang='lat' dir='ltr'>nat.</span> <span class='ocrx_word' id='word_1_204' title='bbox 2241 1532 2325 1556; x_wconf 76' lang='lat' dir='ltr'>Puris.</span> <span class='ocrx_word' id='word_1_205' title='bbox 2349 1540 2399 1556; x_wconf 72' lang='lat' dir='ltr'>ms.</span> 
     </span>
     <span class='ocr_line' id='line_1_17' title="bbox 517 1577 2401 1610; baseline -0.002 -6"><span class='ocrx_word' id='word_1_206' title='bbox 517 1582 562 1604; x_wconf 84' lang='lat' dir='ltr'>lat.</span> <span class='ocrx_word' id='word_1_207' title='bbox 575 1582 657 1610; x_wconf 69' lang='lat'>39:31²,</span> <span class='ocrx_word' id='word_1_208' title='bbox 675 1581 709 1604; x_wconf 84' lang='lat' dir='ltr'>sol</span> <span class='ocrx_word' id='word_1_209' title='bbox 722 1582 769 1604; x_wconf 78' lang='lat'>.89.</span> <span class='ocrx_word' id='word_1_210' title='bbox 787 1580 858 1603; x_wconf 79' lang='lat' dir='ltr'>Alius</span> <span class='ocrx_word' id='word_1_211' title='bbox 875 1580 1007 1610; x_wconf 82' lang='lat' dir='ltr'>glossator</span> <span class='ocrx_word' id='word_1_212' title='bbox 1023 1579 1049 1601; x_wconf 89' lang='lat' dir='ltr'>in</span> <span class='ocrx_word' id='word_1_213' title='bbox 1065 1579 1133 1602; x_wconf 89' lang='lat' dir='ltr'>Bibl.</span> <span class='ocrx_word' id='word_1_214' title='bbox 1150 1582 1203 1602; x_wconf 88' lang='lat' dir='ltr'>nat.</span> <span class='ocrx_word' id='word_1_215' title='bbox 1220 1579 1304 1602; x_wconf 76' lang='lat' dir='ltr'>Paris.</span> <span class='ocrx_word' id='word_1_216' title='bbox 1323 1587 1371 1602; x_wconf 80' lang='lat' dir='ltr'>ms.</span> <span class='ocrx_word' id='word_1_217' title='bbox 1392 1579 1438 1602; x_wconf 83' lang='lat' dir='ltr'>lat.</span> <span class='ocrx_word' id='word_1_218' title='bbox 1451 1579 1536 1606; x_wconf 75' lang='lat'><strong>15:398,</strong></span> <span class='ocrx_word' id='word_1_219' title='bbox 1551 1579 1594 1602; x_wconf 82' lang='lat' dir='ltr'>sol.</span> <span class='ocrx_word' id='word_1_220' title='bbox 1612 1578 1667 1606; x_wconf 69' lang='lat' dir='ltr'>80b3</span> <span class='ocrx_word' id='word_1_221' title='bbox 1685 1579 1755 1606; x_wconf 82' lang='lat'>3932,</span> <span class='ocrx_word' id='word_1_222' title='bbox 1773 1578 1808 1601; x_wconf 82' lang='lat' dir='ltr'>t&#39;ol</span> <span class='ocrx_word' id='word_1_223' title='bbox 1825 1577 1867 1602; x_wconf 67' lang='lat'>761²,</span> <span class='ocrx_word' id='word_1_224' title='bbox 1879 1585 1884 1600; x_wconf 82' lang='lat' dir='ltr'><strong><em>z</em></strong></span> <span class='ocrx_word' id='word_1_225' title='bbox 1896 1586 1908 1600; x_wconf 88' lang='lat'>«</span> <span class='ocrx_word' id='word_1_226' title='bbox 1925 1596 1930 1600; x_wconf 95' lang='lat'>.</span> <span class='ocrx_word' id='word_1_227' title='bbox 1952 1596 1956 1601; x_wconf 93' lang='lat'>.</span> <span class='ocrx_word' id='word_1_228' title='bbox 1978 1595 1983 1600; x_wconf 87' lang='lat'>.</span> <span class='ocrx_word' id='word_1_229' title='bbox 2000 1577 2075 1601; x_wconf 86' lang='lat' dir='ltr'>Unde</span> <span class='ocrx_word' id='word_1_230' title='bbox 2095 1586 2155 1600; x_wconf 87' lang='lat' dir='ltr'>cum</span> <span class='ocrx_word' id='word_1_231' title='bbox 2170 1577 2308 1601; x_wconf 81' lang='lat' dir='ltr'>denuntiat</span> <span class='ocrx_word' id='word_1_232' title='bbox 2321 1585 2401 1609; x_wconf 81' lang='lat' dir='ltr'>preco</span> 
     </span>
     <span class='ocr_line' id='line_1_18' title="bbox 517 1621 2401 1655; baseline -0.002 -6"><span class='ocrx_word' id='word_1_233' title='bbox 517 1626 633 1649; x_wconf 85' lang='lat' dir='ltr'>bannum</span> <span class='ocrx_word' id='word_1_234' title='bbox 648 1625 775 1653; x_wconf 72' lang='lat' dir='ltr'>Parisiusy</span> <span class='ocrx_word' id='word_1_235' title='bbox 792 1633 885 1648; x_wconf 85' lang='lat' dir='ltr'>nomen</span> <span class='ocrx_word' id='word_1_236' title='bbox 901 1623 1019 1655; x_wconf 79' lang='lat' dir='ltr'>episcopi</span> <span class='ocrx_word' id='word_1_237' title='bbox 1035 1624 1125 1647; x_wconf 87' lang='lat' dir='ltr'>statim</span> <span class='ocrx_word' id='word_1_238' title='bbox 1140 1627 1202 1655; x_wconf 84' lang='lat' dir='ltr'>post.</span> <span class='ocrx_word' id='word_1_239' title='bbox 1220 1632 1315 1647; x_wconf 86' lang='lat' dir='ltr'>nomen</span> <span class='ocrx_word' id='word_1_240' title='bbox 1336 1623 1407 1654; x_wconf 82' lang='lat' dir='ltr'>regis</span> <span class='ocrx_word' id='word_1_241' title='bbox 1424 1623 1571 1655; x_wconf 73' lang='lat' dir='ltr'>subjungit.</span> <span class='ocrx_word' id='word_1_242' title='bbox 1589 1622 1657 1651; x_wconf 78' lang='lat' dir='ltr'>Quia</span> <span class='ocrx_word' id='word_1_243' title='bbox 1672 1631 1736 1654; x_wconf 81' lang='lat' dir='ltr'>crgo</span> <span class='ocrx_word' id='word_1_244' title='bbox 1752 1622 1894 1654; x_wconf 83' lang='lat' dir='ltr'>episcopus</span> <span class='ocrx_word' id='word_1_245' title='bbox 1910 1622 2083 1653; x_wconf 80' lang='lat' dir='ltr'>temporalem</span> <span class='ocrx_word' id='word_1_246' title='bbox 2097 1622 2178 1645; x_wconf 81' lang='lat' dir='ltr'>hahet</span> <span class='ocrx_word' id='word_1_247' title='bbox 2189 1621 2401 1653; x_wconf 75' lang='lat' dir='ltr'>jurisdictionem</span> 
     </span>
     <span class='ocr_line' id='line_1_19' title="bbox 517 1666 2400 1702; baseline -0.002 -8"><span class='ocrx_word' id='word_1_248' title='bbox 517 1679 598 1702; x_wconf 82' lang='lat' dir='ltr'>super</span> <span class='ocrx_word' id='word_1_249' title='bbox 616 1671 707 1698; x_wconf 86' lang='lat' dir='ltr'>laicos,</span> <span class='ocrx_word' id='word_1_250' title='bbox 728 1669 840 1701; x_wconf 80' lang='lat' dir='ltr'>precipit</span> <span class='ocrx_word' id='word_1_251' title='bbox 859 1669 928 1692; x_wconf 88' lang='lat' dir='ltr'>dom.</span> <span class='ocrx_word' id='word_1_252' title='bbox 944 1677 1024 1700; x_wconf 78' lang='lat' dir='ltr'>papa,</span> <span class='ocrx_word' id='word_1_253' title='bbox 1044 1672 1073 1692; x_wconf 87' lang='lat' dir='ltr'>ut</span> <span class='ocrx_word' id='word_1_254' title='bbox 1093 1677 1182 1691; x_wconf 88' lang='lat' dir='ltr'>coram</span> <span class='ocrx_word' id='word_1_255' title='bbox 1202 1677 1231 1691; x_wconf 88' lang='lat' dir='ltr'>eo</span> <span class='ocrx_word' id='word_1_256' title='bbox 1252 1668 1340 1691; x_wconf 81' lang='lat' dir='ltr'>clerici</span> <span class='ocrx_word' id='word_1_257' title='bbox 1361 1676 1405 1691; x_wconf 84' lang='lat' dir='ltr'>eos</span> <span class='ocrx_word' id='word_1_258' title='bbox 1426 1667 1584 1691; x_wconf 75' lang='lat' dir='ltr'>conveniant</span> <span class='ocrx_word' id='word_1_259' title='bbox 1599 1676 1611 1690; x_wconf 87' lang='lat'>»</span> <span class='ocrx_word' id='word_1_260' title='bbox 1628 1670 1675 1691; x_wconf 84' lang='lat' dir='ltr'>etc.</span> <span class='ocrx_word' id='word_1_261' title='bbox 1692 1681 1724 1684; x_wconf 97' lang='lat'><strong>—</strong></span> <span class='ocrx_word' id='word_1_262' title='bbox 1739 1668 1761 1690; x_wconf 79' lang='lat'>2.</span> <span class='ocrx_word' id='word_1_263' title='bbox 1783 1667 1852 1690; x_wconf 79' lang='lat' dir='ltr'>Bibl.</span> <span class='ocrx_word' id='word_1_264' title='bbox 1870 1670 1923 1690; x_wconf 82' lang='lat' dir='ltr'>nat.</span> <span class='ocrx_word' id='word_1_265' title='bbox 1945 1666 2029 1690; x_wconf 75' lang='lat' dir='ltr'>Paris.</span> <span class='ocrx_word' id='word_1_266' title='bbox 2046 1675 2096 1701; x_wconf 81' lang='lat' dir='ltr'>ms.</span> <span class='ocrx_word' id='word_1_267' title='bbox 2117 1667 2162 1690; x_wconf 80' lang='lat' dir='ltr'>lat.</span> <span class='ocrx_word' id='word_1_268' title='bbox 2180 1667 2257 1690; x_wconf 82' lang='lat'><strong>15398</strong></span> <span class='ocrx_word' id='word_1_269' title='bbox 2276 1666 2400 1699; x_wconf 73' lang='lat' dir='ltr'>(ineuntis</span> 
     </span>
    </p>
   </div>
   <div class='ocr_carea' id='block_1_8' title="bbox 518 1713 1310 1746">
    <p class='ocr_par' dir='ltr' id='par_1_8' title="bbox 518 1713 1310 1746">
     <span class='ocr_line' id='line_1_20' title="bbox 518 1713 1310 1746; baseline -0.004 -7"><span class='ocrx_word' id='word_1_270' title='bbox 518 1724 585 1739; x_wconf 74' lang='lat' dir='ltr'>suec.</span> <span class='ocrx_word' id='word_1_271' title='bbox 602 1715 680 1746; x_wconf 87' lang='lat' dir='ltr'>XIII.)</span> <span class='ocrx_word' id='word_1_272' title='bbox 696 1723 701 1738; x_wconf 72' lang='lat' dir='ltr'>t</span> <span class='ocrx_word' id='word_1_273' title='bbox 720 1724 731 1737; x_wconf 87' lang='lat'>«</span> <span class='ocrx_word' id='word_1_274' title='bbox 748 1715 861 1737; x_wconf 80' lang='lat' dir='ltr'>scolares</span> <span class='ocrx_word' id='word_1_275' title='bbox 878 1722 889 1736; x_wconf 86' lang='grc'>))</span> <span class='ocrx_word' id='word_1_276' title='bbox 906 1716 995 1736; x_wconf 81' lang='lat' dir='ltr'>contra</span> <span class='ocrx_word' id='word_1_277' title='bbox 1011 1722 1101 1736; x_wconf 89' lang='lat' dir='ltr'>omnes</span> <span class='ocrx_word' id='word_1_278' title='bbox 1116 1713 1182 1736; x_wconf 85' lang='lat' dir='ltr'>alios</span> <span class='ocrx_word' id='word_1_279' title='bbox 1198 1713 1310 1736; x_wconf 67' lang='lat' dir='ltr'>codices.</span> 
     </span>
    </p>
   </div>
   <div class='ocr_carea' id='block_1_9' title="bbox 523 1878 2402 2022">
    <p class='ocr_par' dir='ltr' id='par_1_9' title="bbox 523 1878 2402 2022">
     <span class='ocr_line' id='line_1_21' title="bbox 523 1878 2402 1923; baseline -0.002 -9"><span class='ocrx_word' id='word_1_280' title='bbox 523 1878 596 1915; x_wconf 80' lang='grc'>16.</span> <span class='ocrx_word' id='word_1_281' title='bbox 621 1887 802 1913; x_wconf 80' lang='lat' dir='ltr'>Innocentius</span> <span class='ocrx_word' id='word_1_282' title='bbox 830 1888 877 1912; x_wconf 93' lang='lat' dir='ltr'>III</span> <span class='ocrx_word' id='word_1_283' title='bbox 897 1886 988 1912; x_wconf 85' lang='lat' dir='ltr'>Odoni</span> <span class='ocrx_word' id='word_1_284' title='bbox 1010 1886 1151 1923; x_wconf 78' lang='lat' dir='ltr'>episcopo,</span> <span class='ocrx_word' id='word_1_285' title='bbox 1175 1886 1295 1921; x_wconf 78' lang='lat' dir='ltr'>cantori,</span> <span class='ocrx_word' id='word_1_286' title='bbox 1319 1889 1346 1912; x_wconf 83' lang='lat' dir='ltr'>et</span> <span class='ocrx_word' id='word_1_287' title='bbox 1365 1886 1504 1920; x_wconf 78' lang='lat' dir='ltr'>magistro</span> <span class='ocrx_word' id='word_1_288' title='bbox 1528 1886 1614 1911; x_wconf 79' lang='lat' dir='ltr'>Petro</span> <span class='ocrx_word' id='word_1_289' title='bbox 1636 1884 1672 1911; x_wconf 82' lang='lat' dir='ltr'>cle</span> <span class='ocrx_word' id='word_1_290' title='bbox 1697 1884 1826 1911; x_wconf 82' lang='lat' dir='ltr'>Corbolio</span> <span class='ocrx_word' id='word_1_291' title='bbox 1848 1884 2013 1911; x_wconf 82' lang='lat' dir='ltr'>Parisiensi</span> <span class='ocrx_word' id='word_1_292' title='bbox 2033 1885 2170 1910; x_wconf 89' lang='lat' dir='ltr'>canonico</span> <span class='ocrx_word' id='word_1_293' title='bbox 2188 1884 2344 1921; x_wconf 79' lang='lat' dir='ltr'>praecipit,</span> <span class='ocrx_word' id='word_1_294' title='bbox 2371 1887 2402 1910; x_wconf 74' lang='lat' dir='ltr'>ut</span> 
     </span>
     <span class='ocr_line' id='line_1_22' title="bbox 608 1932 2402 1972; baseline -0.002 -10"><span class='ocrx_word' id='word_1_295' title='bbox 608 1936 782 1972; x_wconf 79' lang='lat' dir='ltr'>Stephanum</span> <span class='ocrx_word' id='word_1_296' title='bbox 799 1936 883 1972; x_wconf 83' lang='lat' dir='ltr'>episc.</span> <span class='ocrx_word' id='word_1_297' title='bbox 906 1937 1109 1961; x_wconf 76' lang='lat' dir='ltr'>Tou-nacensem</span> <span class='ocrx_word' id='word_1_298' title='bbox 1125 1935 1428 1961; x_wconf 69' lang='lat' dir='ltr'>excommunicationis</span> <span class='ocrx_word' id='word_1_299' title='bbox 1442 1934 1586 1960; x_wconf 81' lang='lat' dir='ltr'>sententia</span> <span class='ocrx_word' id='word_1_300' title='bbox 1601 1934 1720 1969; x_wconf 80' lang='lat' dir='ltr'>feriant,</span> <span class='ocrx_word' id='word_1_301' title='bbox 1738 1934 1765 1960; x_wconf 82' lang='lat' dir='ltr'>si</span> <span class='ocrx_word' id='word_1_302' title='bbox 1779 1933 1929 1960; x_wconf 77' lang='lat' dir='ltr'>Bernardo</span> <span class='ocrx_word' id='word_1_303' title='bbox 1945 1933 1981 1960; x_wconf 88' lang='lat' dir='ltr'>de</span> <span class='ocrx_word' id='word_1_304' title='bbox 1991 1933 2093 1959; x_wconf 83' lang='lat' dir='ltr'>Insula</span> <span class='ocrx_word' id='word_1_305' title='bbox 2107 1934 2234 1960; x_wconf 80' lang='lat' dir='ltr'>renuerit</span> <span class='ocrx_word' id='word_1_306' title='bbox 2248 1932 2402 1960; x_wconf 73' lang='lat' dir='ltr'>concedere</span> 
     </span>
     <span class='ocr_line' id='line_1_23' title="bbox 603 1982 1823 2022; baseline -0.002 -11"><span class='ocrx_word' id='word_1_307' title='bbox 603 1985 811 2022; x_wconf 76' lang='lat' dir='ltr'>praebendam,</span> <span class='ocrx_word' id='word_1_308' title='bbox 830 1994 905 2021; x_wconf 86' lang='lat' dir='ltr'>quae</span> <span class='ocrx_word' id='word_1_309' title='bbox 920 1985 947 2011; x_wconf 85' lang='lat' dir='ltr'>ei</span> <span class='ocrx_word' id='word_1_310' title='bbox 960 1985 1094 2020; x_wconf 76' lang='lat' dir='ltr'>Parisiis,</span> <span class='ocrx_word' id='word_1_311' title='bbox 1112 1985 1199 2011; x_wconf 84' lang='lat' dir='ltr'>etiam</span> <span class='ocrx_word' id='word_1_312' title='bbox 1215 1984 1335 2010; x_wconf 80' lang='lat' dir='ltr'>consilio</span> <span class='ocrx_word' id='word_1_313' title='bbox 1351 1984 1553 2019; x_wconf 70' lang='lat' dir='ltr'>magistrorum</span> <span class='ocrx_word' id='word_1_314' title='bbox 1568 1982 1742 2020; x_wconf 79' lang='lat' dir='ltr'>adjudicata</span> <span class='ocrx_word' id='word_1_315' title='bbox 1757 1983 1823 2018; x_wconf 79' lang='lat' dir='ltr'>fuit.</span> 
     </span>
    </p>
   </div>
   <div class='ocr_carea' id='block_1_10' title="bbox 1755 2085 2112 2119">
    <p class='ocr_par' dir='ltr' id='par_1_10' title="bbox 1755 2085 2112 2119">
     <span class='ocr_line' id='line_1_24' title="bbox 1755 2085 2112 2119; baseline -0.003 -6"><span class='ocrx_word' id='word_1_316' title='bbox 1755 2086 1828 2116; x_wconf 84' lang='grc'><em>1198,</em></span> <span class='ocrx_word' id='word_1_317' title='bbox 1844 2085 1935 2119; x_wconf 69' lang='lat' dir='ltr'>Aprilis</span> <span class='ocrx_word' id='word_1_318' title='bbox 1949 2086 1995 2116; x_wconf 87' lang='grc'>29,</span> <span class='ocrx_word' id='word_1_319' title='bbox 2010 2086 2112 2112; x_wconf 73' lang='lat' dir='ltr'>nomae.</span> 
     </span>
    </p>
   </div>
   <div class='ocr_carea' id='block_1_11' title="bbox 518 2173 2402 2958">
    <p class='ocr_par' dir='ltr' id='par_1_11' title="bbox 518 2173 2402 2958">
     <span class='ocr_line' id='line_1_25' title="bbox 609 2173 2400 2221; baseline 0 -13"><span class='ocrx_word' id='word_1_320' title='bbox 609 2176 828 2221; x_wconf 82' lang='lat' dir='ltr'>Episcopo..</span> <span class='ocrx_word' id='word_1_321' title='bbox 861 2176 1013 2217; x_wconf 68' lang='lat' dir='ltr'>cantori,</span> <span class='ocrx_word' id='word_1_322' title='bbox 1044 2182 1079 2208; x_wconf 91' lang='lat' dir='ltr'>et</span> <span class='ocrx_word' id='word_1_323' title='bbox 1113 2175 1287 2220; x_wconf 84' lang='lat' dir='ltr'>magistro</span> <span class='ocrx_word' id='word_1_324' title='bbox 1318 2176 1355 2208; x_wconf 90' lang='lat' dir='ltr'>P.</span> <span class='ocrx_word' id='word_1_325' title='bbox 1388 2175 1432 2208; x_wconf 91' lang='lat' dir='ltr'>de</span> <span class='ocrx_word' id='word_1_326' title='bbox 1464 2174 1639 2208; x_wconf 88' lang='lat' dir='ltr'>Corbolio</span> <span class='ocrx_word' id='word_1_327' title='bbox 1675 2174 1851 2208; x_wconf 87' lang='lat' dir='ltr'>Parisien.</span> <span class='ocrx_word' id='word_1_328' title='bbox 1884 2174 2072 2207; x_wconf 91' lang='lat' dir='ltr'>canonico.</span> <span class='ocrx_word' id='word_1_329' title='bbox 2101 2173 2400 2208; x_wconf 79' lang='lat' dir='ltr'>confirmationis</span> 
     </span>
     <span class='ocr_line' id='line_1_26' title="bbox 519 2240 2401 2287; baseline -0.001 -12"><span class='ocrx_word' id='word_1_330' title='bbox 519 2249 643 2276; x_wconf 87' lang='lat' dir='ltr'>nostre</span> <span class='ocrx_word' id='word_1_331' title='bbox 665 2254 807 2275; x_wconf 89' lang='lat' dir='ltr'>manum</span> <span class='ocrx_word' id='word_1_332' title='bbox 830 2243 865 2275; x_wconf 87' lang='lat' dir='ltr'>in</span> <span class='ocrx_word' id='word_1_333' title='bbox 887 2242 971 2283; x_wconf 73' lang='lat' dir='ltr'>hiis,</span> <span class='ocrx_word' id='word_1_334' title='bbox 994 2254 1063 2287; x_wconf 90' lang='lat' dir='ltr'>que</span> <span class='ocrx_word' id='word_1_335' title='bbox 1085 2254 1150 2287; x_wconf 77' lang='lat' dir='ltr'>per</span> <span class='ocrx_word' id='word_1_336' title='bbox 1170 2242 1455 2287; x_wconf 80' lang='lat' dir='ltr'>predecessores</span> <span class='ocrx_word' id='word_1_337' title='bbox 1476 2248 1624 2275; x_wconf 88' lang='lat' dir='ltr'>nostros</span> <span class='ocrx_word' id='word_1_338' title='bbox 1644 2254 1718 2274; x_wconf 91' lang='lat' dir='ltr'>non</span> <span class='ocrx_word' id='word_1_339' title='bbox 1739 2242 1818 2274; x_wconf 86' lang='lat' dir='ltr'>sine</span> <span class='ocrx_word' id='word_1_340' title='bbox 1841 2241 2043 2275; x_wconf 85' lang='lat' dir='ltr'>maturitate</span> <span class='ocrx_word' id='word_1_341' title='bbox 2064 2241 2210 2274; x_wconf 89' lang='lat' dir='ltr'>consilii</span> <span class='ocrx_word' id='word_1_342' title='bbox 2231 2240 2401 2275; x_wconf 81' lang='lat' dir='ltr'>novimus</span> 
     </span>
     <span class='ocr_line' id='line_1_27' title="bbox 518 2307 2401 2354; baseline -0.001 -12"><span class='ocrx_word' id='word_1_343' title='bbox 518 2310 695 2351; x_wconf 78' lang='lat' dir='ltr'>instituta,</span> <span class='ocrx_word' id='word_1_344' title='bbox 723 2322 788 2342; x_wconf 90' lang='lat' dir='ltr'>nec</span> <span class='ocrx_word' id='word_1_345' title='bbox 810 2322 882 2342; x_wconf 92' lang='lat' dir='ltr'>non</span> <span class='ocrx_word' id='word_1_346' title='bbox 908 2316 944 2342; x_wconf 88' lang='lat' dir='ltr'>et</span> <span class='ocrx_word' id='word_1_347' title='bbox 964 2322 1007 2342; x_wconf 88' lang='lat' dir='ltr'>ex</span> <span class='ocrx_word' id='word_1_348' title='bbox 1034 2321 1159 2342; x_wconf 87' lang='lat' dir='ltr'>eorum</span> <span class='ocrx_word' id='word_1_349' title='bbox 1186 2310 1397 2342; x_wconf 81' lang='lat' dir='ltr'>auctoritate</span> <span class='ocrx_word' id='word_1_350' title='bbox 1424 2309 1559 2354; x_wconf 88' lang='lat' dir='ltr'>pariter</span> <span class='ocrx_word' id='word_1_351' title='bbox 1587 2315 1623 2342; x_wconf 90' lang='lat' dir='ltr'>et</span> <span class='ocrx_word' id='word_1_352' title='bbox 1649 2309 1816 2342; x_wconf 86' lang='lat' dir='ltr'>mandato</span> <span class='ocrx_word' id='word_1_353' title='bbox 1845 2309 1972 2342; x_wconf 85' lang='lat' dir='ltr'>sortita</span> <span class='ocrx_word' id='word_1_354' title='bbox 1998 2315 2084 2342; x_wconf 87' lang='lat' dir='ltr'>sunt</span> <span class='ocrx_word' id='word_1_355' title='bbox 2107 2308 2259 2341; x_wconf 86' lang='lat' dir='ltr'>effectus</span> <span class='ocrx_word' id='word_1_356' title='bbox 2286 2307 2401 2342; x_wconf 84' lang='lat' dir='ltr'>debiti</span> 
     </span>
     <span class='ocr_line' id='line_1_28' title="bbox 518 2375 2400 2422; baseline -0.001 -13"><span class='ocrx_word' id='word_1_357' title='bbox 518 2377 838 2422; x_wconf 78' lang='lat' dir='ltr'>complementum,</span> <span class='ocrx_word' id='word_1_358' title='bbox 865 2389 938 2409; x_wconf 92' lang='lat' dir='ltr'>non</span> <span class='ocrx_word' id='word_1_359' title='bbox 960 2383 1096 2410; x_wconf 88' lang='lat' dir='ltr'>tantum</span> <span class='ocrx_word' id='word_1_360' title='bbox 1123 2376 1281 2410; x_wconf 76' lang='lat' dir='ltr'>libenter</span> <span class='ocrx_word' id='word_1_361' title='bbox 1305 2377 1536 2422; x_wconf 78' lang='lat' dir='ltr'>apponimus,</span> <span class='ocrx_word' id='word_1_362' title='bbox 1560 2388 1686 2410; x_wconf 88' lang='lat' dir='ltr'>verum</span> <span class='ocrx_word' id='word_1_363' title='bbox 1708 2376 1814 2409; x_wconf 88' lang='lat' dir='ltr'>etiam</span> <span class='ocrx_word' id='word_1_364' title='bbox 1836 2376 1873 2409; x_wconf 89' lang='lat' dir='ltr'>in</span> <span class='ocrx_word' id='word_1_365' title='bbox 1897 2388 1975 2417; x_wconf 76' lang='lat' dir='ltr'>eos,</span> <span class='ocrx_word' id='word_1_366' title='bbox 1997 2375 2059 2421; x_wconf 91' lang='lat' dir='ltr'>qui</span> <span class='ocrx_word' id='word_1_367' title='bbox 2080 2375 2124 2409; x_wconf 93' lang='lat' dir='ltr'>ad</span> <span class='ocrx_word' id='word_1_368' title='bbox 2149 2375 2400 2409; x_wconf 84' lang='lat' dir='ltr'>institutiones</span> 
     </span>
     <span class='ocr_line' id='line_1_29' title="bbox 518 2442 2402 2489; baseline -0.001 -13"><span class='ocrx_word' id='word_1_369' title='bbox 518 2443 727 2488; x_wconf 78' lang='lat' dir='ltr'>hujusmodi</span> <span class='ocrx_word' id='word_1_370' title='bbox 759 2444 959 2476; x_wconf 89' lang='lat' dir='ltr'>eludendas</span> <span class='ocrx_word' id='word_1_371' title='bbox 990 2444 1026 2476; x_wconf 93' lang='lat' dir='ltr'>in</span> <span class='ocrx_word' id='word_1_372' title='bbox 1056 2444 1356 2477; x_wconf 83' lang='lat' dir='ltr'>contradictionis</span> <span class='ocrx_word' id='word_1_373' title='bbox 1382 2451 1418 2477; x_wconf 90' lang='lat' dir='ltr'>et</span> <span class='ocrx_word' id='word_1_374' title='bbox 1447 2443 1661 2477; x_wconf 86' lang='lat' dir='ltr'>rebellionis</span> <span class='ocrx_word' id='word_1_375' title='bbox 1690 2443 1856 2476; x_wconf 89' lang='lat' dir='ltr'>aculeum</span> <span class='ocrx_word' id='word_1_376' title='bbox 1887 2443 2093 2489; x_wconf 67' lang='lat' dir='ltr'>eriguntur,</span> <span class='ocrx_word' id='word_1_377' title='bbox 2120 2442 2280 2488; x_wconf 86' lang='lat' dir='ltr'>graviter</span> <span class='ocrx_word' id='word_1_378' title='bbox 2307 2442 2402 2476; x_wconf 86' lang='lat' dir='ltr'>sicut</span> 
     </span>
     <span class='ocr_line' id='line_1_30' title="bbox 520 2509 2399 2556; baseline 0 -14"><span class='ocrx_word' id='word_1_379' title='bbox 520 2517 685 2543; x_wconf 83' lang='lat' dir='ltr'>tenemur</span> <span class='ocrx_word' id='word_1_380' title='bbox 711 2511 936 2556; x_wconf 82' lang='lat' dir='ltr'>insurgimus</span> <span class='ocrx_word' id='word_1_381' title='bbox 957 2511 1000 2543; x_wconf 89' lang='lat' dir='ltr'>ad</span> <span class='ocrx_word' id='word_1_382' title='bbox 1021 2511 1231 2552; x_wconf 72' lang='lat' dir='ltr'>vindictam,</span> <span class='ocrx_word' id='word_1_383' title='bbox 1258 2517 1298 2544; x_wconf 91' lang='lat' dir='ltr'>ut</span> <span class='ocrx_word' id='word_1_384' title='bbox 1322 2511 1374 2543; x_wconf 82' lang='lat' dir='ltr'>sic</span> <span class='ocrx_word' id='word_1_385' title='bbox 1400 2510 1593 2543; x_wconf 78' lang='lat' dir='ltr'>rebellium</span> <span class='ocrx_word' id='word_1_386' title='bbox 1618 2517 1653 2544; x_wconf 90' lang='lat' dir='ltr'>et</span> <span class='ocrx_word' id='word_1_387' title='bbox 1679 2510 1922 2556; x_wconf 85' lang='lat' dir='ltr'>superborum</span> <span class='ocrx_word' id='word_1_388' title='bbox 1949 2509 2209 2543; x_wconf 87' lang='lat' dir='ltr'>contumacitas</span> <span class='ocrx_word' id='word_1_389' title='bbox 2231 2509 2399 2551; x_wconf 83' lang='lat' dir='ltr'>elidatur,</span> 
     </span>
     <span class='ocr_line' id='line_1_31' title="bbox 521 2575 2398 2622; baseline -0.001 -13"><span class='ocrx_word' id='word_1_390' title='bbox 521 2583 556 2609; x_wconf 88' lang='lat' dir='ltr'>et</span> <span class='ocrx_word' id='word_1_391' title='bbox 571 2577 725 2609; x_wconf 86' lang='lat' dir='ltr'>ecclesie</span> <span class='ocrx_word' id='word_1_392' title='bbox 743 2579 900 2610; x_wconf 86' lang='lat' dir='ltr'>Romane</span> <span class='ocrx_word' id='word_1_393' title='bbox 922 2578 1101 2610; x_wconf 78' lang='lat' dir='ltr'>institutio</span> <span class='ocrx_word' id='word_1_394' title='bbox 1119 2577 1288 2611; x_wconf 88' lang='lat' dir='ltr'>submoto</span> <span class='ocrx_word' id='word_1_395' title='bbox 1310 2577 1508 2622; x_wconf 83' lang='lat' dir='ltr'>cujuslibet</span> <span class='ocrx_word' id='word_1_396' title='bbox 1524 2577 1737 2611; x_wconf 79' lang='lat' dir='ltr'>teineritatis</span> <span class='ocrx_word' id='word_1_397' title='bbox 1754 2577 1943 2610; x_wconf 84' lang='lat' dir='ltr'>obstaculo</span> <span class='ocrx_word' id='word_1_398' title='bbox 1968 2589 2032 2610; x_wconf 85' lang='lat' dir='ltr'>sua</span> <span class='ocrx_word' id='word_1_399' title='bbox 2048 2576 2204 2622; x_wconf 81' lang='lat' dir='ltr'>gaudeat</span> <span class='ocrx_word' id='word_1_400' title='bbox 2219 2575 2398 2609; x_wconf 77' lang='lat' dir='ltr'>libertate.</span> 
     </span>
     <span class='ocr_line' id='line_1_32' title="bbox 521 2642 2397 2689; baseline 0.001 -13"><span class='ocrx_word' id='word_1_401' title='bbox 521 2645 641 2676; x_wconf 90' lang='lat' dir='ltr'>Tcnor</span> <span class='ocrx_word' id='word_1_402' title='bbox 666 2644 845 2688; x_wconf 87' lang='lat' dir='ltr'>siquidem</span> <span class='ocrx_word' id='word_1_403' title='bbox 867 2644 1066 2678; x_wconf 82' lang='lat' dir='ltr'>litterarum</span> <span class='ocrx_word' id='word_1_404' title='bbox 1092 2645 1214 2678; x_wconf 87' lang='lat' dir='ltr'>dilecti</span> <span class='ocrx_word' id='word_1_405' title='bbox 1240 2645 1305 2677; x_wconf 84' lang='lat' dir='ltr'>filii</span> <span class='ocrx_word' id='word_1_406' title='bbox 1327 2646 1369 2678; x_wconf 91' lang='lat' dir='ltr'>H.</span> <span class='ocrx_word' id='word_1_407' title='bbox 1398 2645 1525 2678; x_wconf 86' lang='lat' dir='ltr'>decani</span> <span class='ocrx_word' id='word_1_408' title='bbox 1546 2644 1779 2686; x_wconf 80' lang='lat' dir='ltr'>Parisiensis,</span> <span class='ocrx_word' id='word_1_409' title='bbox 1802 2656 1891 2689; x_wconf 83' lang='lat' dir='ltr'>quas</span> <span class='ocrx_word' id='word_1_410' title='bbox 1916 2643 2034 2676; x_wconf 85' lang='lat' dir='ltr'>felicis</span> <span class='ocrx_word' id='word_1_411' title='bbox 2055 2642 2320 2676; x_wconf 88' lang='lat' dir='ltr'>recordationis</span> <span class='ocrx_word' id='word_1_412' title='bbox 2342 2642 2397 2677; x_wconf 89' lang='lat' dir='ltr'>C.¹</span> 
     </span>
     <span class='ocr_line' id='line_1_33' title="bbox 522 2709 2399 2758; baseline 0 -16"><span class='ocrx_word' id='word_1_413' title='bbox 522 2723 611 2755; x_wconf 90' lang='lat' dir='ltr'>pape</span> <span class='ocrx_word' id='word_1_414' title='bbox 638 2710 891 2755; x_wconf 86' lang='lat' dir='ltr'>predecessori</span> <span class='ocrx_word' id='word_1_415' title='bbox 918 2718 1043 2744; x_wconf 88' lang='lat' dir='ltr'>nostro</span> <span class='ocrx_word' id='word_1_416' title='bbox 1070 2718 1248 2757; x_wconf 90' lang='lat' dir='ltr'>tamquam</span> <span class='ocrx_word' id='word_1_417' title='bbox 1271 2711 1378 2745; x_wconf 88' lang='lat' dir='ltr'>nobis</span> <span class='ocrx_word' id='word_1_418' title='bbox 1401 2712 1557 2745; x_wconf 85' lang='lat' dir='ltr'>directas</span> <span class='ocrx_word' id='word_1_419' title='bbox 1574 2711 1802 2758; x_wconf 71' lang='lat' dir='ltr'>accepimus,</span> <span class='ocrx_word' id='word_1_420' title='bbox 1829 2722 1897 2743; x_wconf 88' lang='lat' dir='ltr'>nos</span> <span class='ocrx_word' id='word_1_421' title='bbox 1923 2709 2107 2751; x_wconf 71' lang='lat' dir='ltr'>instruxit,</span> <span class='ocrx_word' id='word_1_422' title='bbox 2135 2709 2234 2754; x_wconf 91' lang='lat' dir='ltr'>quod</span> <span class='ocrx_word' id='word_1_423' title='bbox 2256 2716 2399 2743; x_wconf 86' lang='lat' dir='ltr'>mortuo</span> 
     </span>
     <span class='ocr_line' id='line_1_34' title="bbox 521 2776 2399 2824; baseline 0 -15"><span class='ocrx_word' id='word_1_424' title='bbox 521 2777 557 2809; x_wconf 93' lang='lat' dir='ltr'>in</span> <span class='ocrx_word' id='word_1_425' title='bbox 584 2777 681 2810; x_wconf 87' lang='lat' dir='ltr'>Urbe</span> <span class='ocrx_word' id='word_1_426' title='bbox 716 2777 810 2810; x_wconf 90' lang='lat' dir='ltr'>bone</span> <span class='ocrx_word' id='word_1_427' title='bbox 848 2778 1021 2810; x_wconf 86' lang='lat' dir='ltr'>memorie</span> <span class='ocrx_word' id='word_1_428' title='bbox 1059 2779 1233 2824; x_wconf 85' lang='lat' dir='ltr'>magistro</span> <span class='ocrx_word' id='word_1_429' title='bbox 1274 2779 1430 2812; x_wconf 79' lang='lat' dir='ltr'>Hem-ico</span> <span class='ocrx_word' id='word_1_430' title='bbox 1466 2779 1510 2811; x_wconf 90' lang='lat' dir='ltr'>de</span> <span class='ocrx_word' id='word_1_431' title='bbox 1551 2778 1708 2824; x_wconf 86' lang='lat' dir='ltr'>Sognies</span> <span class='ocrx_word' id='word_1_432' title='bbox 1751 2777 1926 2811; x_wconf 85' lang='lat' dir='ltr'>canonico</span> <span class='ocrx_word' id='word_1_433' title='bbox 1961 2777 2206 2810; x_wconf 88' lang='lat' dir='ltr'>Tornacensis</span> <span class='ocrx_word' id='word_1_434' title='bbox 2244 2776 2399 2810; x_wconf 87' lang='lat' dir='ltr'>ecclesie</span> 
     </span>
     <span class='ocr_line' id='line_1_35' title="bbox 522 2842 2399 2888; baseline -0.001 -12"><span class='ocrx_word' id='word_1_435' title='bbox 522 2843 741 2888; x_wconf 86' lang='lat' dir='ltr'>prebendam</span> <span class='ocrx_word' id='word_1_436' title='bbox 769 2845 847 2888; x_wconf 85' lang='lat' dir='ltr'>ejus</span> <span class='ocrx_word' id='word_1_437' title='bbox 878 2844 1009 2878; x_wconf 86' lang='lat' dir='ltr'>dilecto</span> <span class='ocrx_word' id='word_1_438' title='bbox 1040 2845 1114 2878; x_wconf 83' lang='lat' dir='ltr'>filio</span> <span class='ocrx_word' id='word_1_439' title='bbox 1142 2846 1328 2879; x_wconf 87' lang='lat' dir='ltr'>Bernardo</span> <span class='ocrx_word' id='word_1_440' title='bbox 1359 2845 1493 2878; x_wconf 87' lang='lat' dir='ltr'>clerico</span> <span class='ocrx_word' id='word_1_441' title='bbox 1515 2845 1559 2878; x_wconf 90' lang='lat' dir='ltr'>de</span> <span class='ocrx_word' id='word_1_442' title='bbox 1590 2844 1712 2877; x_wconf 89' lang='lat' dir='ltr'>Insula</span> <span class='ocrx_word' id='word_1_443' title='bbox 1739 2844 1783 2877; x_wconf 89' lang='lat' dir='ltr'>de</span> <span class='ocrx_word' id='word_1_444' title='bbox 1814 2843 1914 2877; x_wconf 83' lang='lat' dir='ltr'>sedis</span> <span class='ocrx_word' id='word_1_445' title='bbox 1943 2843 2144 2888; x_wconf 85' lang='lat' dir='ltr'>apostolice</span> <span class='ocrx_word' id='word_1_446' title='bbox 2173 2842 2399 2888; x_wconf 88' lang='lat' dir='ltr'>benignitate</span> 
     </span>
     <span class='ocr_line' id='line_1_36' title="bbox 522 2909 2399 2958; baseline 0 -16"><span class='ocrx_word' id='word_1_447' title='bbox 522 2910 717 2952; x_wconf 85' lang='lat' dir='ltr'>concessit,</span> <span class='ocrx_word' id='word_1_448' title='bbox 744 2923 898 2955; x_wconf 90' lang='lat' dir='ltr'>eumque</span> <span class='ocrx_word' id='word_1_449' title='bbox 929 2911 972 2944; x_wconf 88' lang='lat' dir='ltr'>de</span> <span class='ocrx_word' id='word_1_450' title='bbox 1000 2912 1077 2957; x_wconf 87' lang='lat' dir='ltr'>ipsa</span> <span class='ocrx_word' id='word_1_451' title='bbox 1104 2925 1168 2958; x_wconf 89' lang='lat' dir='ltr'>per</span> <span class='ocrx_word' id='word_1_452' title='bbox 1194 2912 1341 2945; x_wconf 91' lang='lat' dir='ltr'>anulum</span> <span class='ocrx_word' id='word_1_453' title='bbox 1369 2912 1515 2958; x_wconf 89' lang='lat' dir='ltr'>propria</span> <span class='ocrx_word' id='word_1_454' title='bbox 1545 2924 1652 2945; x_wconf 88' lang='lat' dir='ltr'>manu</span> <span class='ocrx_word' id='word_1_455' title='bbox 1678 2911 1894 2950; x_wconf 76' lang='lat' dir='ltr'>investienS,</span> <span class='ocrx_word' id='word_1_456' title='bbox 1923 2909 2145 2956; x_wconf 86' lang='lat' dir='ltr'>prebendam</span> <span class='ocrx_word' id='word_1_457' title='bbox 2171 2910 2241 2955; x_wconf 92' lang='lat' dir='ltr'>ipsi</span> <span class='ocrx_word' id='word_1_458' title='bbox 2266 2909 2399 2942; x_wconf 85' lang='lat' dir='ltr'>confir-</span> 
     </span>
    </p>
   </div>
   <div class='ocr_carea' id='block_1_12' title="bbox 523 2976 2397 3023">
    <p class='ocr_par' dir='ltr' id='par_1_12' title="bbox 523 2976 2397 3023">
     <span class='ocr_line' id='line_1_37' title="bbox 523 2976 2397 3023; baseline 0 -14"><span class='ocrx_word' id='word_1_459' title='bbox 523 2977 631 3010; x_wconf 88' lang='lat' dir='ltr'>mavit</span> <span class='ocrx_word' id='word_1_460' title='bbox 660 2977 822 3009; x_wconf 89' lang='lat' dir='ltr'>eandem.</span> <span class='ocrx_word' id='word_1_461' title='bbox 861 2978 976 3022; x_wconf 89' lang='lat' dir='ltr'>Super</span> <span class='ocrx_word' id='word_1_462' title='bbox 1014 2991 1085 3023; x_wconf 91' lang='lat' dir='ltr'>quo</span> <span class='ocrx_word' id='word_1_463' title='bbox 1121 2986 1189 3012; x_wconf 85' lang='lat' dir='ltr'>tam</span> <span class='ocrx_word' id='word_1_464' title='bbox 1224 2978 1425 3013; x_wconf 85' lang='lat' dir='ltr'>venerabili</span> <span class='ocrx_word' id='word_1_465' title='bbox 1459 2978 1559 3012; x_wconf 88' lang='lat' dir='ltr'>fratri</span> <span class='ocrx_word' id='word_1_466' title='bbox 1595 2985 1758 3011; x_wconf 83' lang='lat' dir='ltr'>nostro..</span> <span class='ocrx_word' id='word_1_467' title='bbox 1795 2977 2019 3011; x_wconf 86' lang='lat' dir='ltr'>Tornacensi</span> <span class='ocrx_word' id='word_1_468' title='bbox 2054 2976 2266 3022; x_wconf 74' lang='lat' dir='ltr'>episcopo²‚</span> <span class='ocrx_word' id='word_1_469' title='bbox 2293 2988 2397 3022; x_wconf 87' lang='lat' dir='ltr'>quam</span> 
     </span>
    </p>
   </div>
   <div class='ocr_carea' id='block_1_13' title="bbox 2558 0 2618 3234">
    <p class='ocr_par' dir='ltr' id='par_1_13' title="bbox 2558 0 2618 3234">
     <span class='ocr_line' id='line_1_38' title="bbox 2558 0 2618 3234; baseline 0 0"><span class='ocrx_word' id='word_1_470' title='bbox 2558 0 2618 3234; x_wconf 95' lang='lat' dir='ltr'> </span> 
     </span>
    </p>
   </div>
  </div>
 </body>
</html>
