2580 3528
267 419 364 460 1241]
608 427 655 450 ΑΒ
689 427 795 449 Anno
829 426 907 450 mcc
942 426 1074 455 usque
1108 426 1157 448 an
1193 426 1425 448 rmmrpuu
1460 426 1500 447 iv
1534 426 1622 448 nae.
1659 426 1797 448 ruane.
2081 418 2142 452 171

360 502 521 543 Tertius,
548 500 648 546 quod
678 500 835 546 Spiritus
865 501 1031 541 Sanctus,
1060 505 1170 545 prout
1195 506 1252 532 est
1270 511 1387 532 nexus
1406 499 1464 533 vel
1485 511 1599 540 amor,
1620 511 1695 532 non
1715 499 1881 544 procedit
1906 512 1924 532 a
1951 499 2054 540 Filio,
2077 500 2151 533 sed·

267 575 402 602 tantum
422 579 441 601 a
462 568 578 601 Patre.

354 635 458 668 Hunc
481 645 644 668 errorem
673 632 926 679 reprobamus,
952 632 1104 666 firmiter
1129 633 1224 666 enim
1251 632 1451 673 credimus,
1472 632 1570 678 quod
1599 639 1707 678 prout
1731 638 1788 665 est
1812 643 1927 665 nexus
1945 631 2003 665 vel
2028 643 2142 673 amor,

266 701 431 748 procedit
449 700 494 735 ab
514 700 714 746 utroquefl.

355 767 563 813 Quartus¹¹,
585 766 684 812 quod
704 766 823 800 anime
843 765 1046 812 glorificate
1071 778 1145 799 non
1166 773 1252 800 sunt
1271 766 1308 799 in
1329 765 1408 799 celo
1434 766 1597 811 empireo
1617 778 1699 799 cum
1720 764 1876 811 angelis,
1899 776 1966 798 nec
1990 776 2143 810 corpora

265 834 465 882 glorificata
494 839 603 868 erunt
635 833 699 875 ibi,
736 833 802 867 sed
835 833 873 866 in
902 833 982 866 celo
1012 845 1128 879 aqueo
1162 832 1220 867 vel
1254 832 1469 875 cristallino,
1500 832 1598 878 quod
1633 844 1742 878 supra
1777 831 2042 865 firmamentum
2074 837 2141 872 est,

265 901 364 948 quod
372 902 397 920 ¹³
416 907 453 935 et
471 901 517 935 de
537 900 641 934 beata
659 900 814 946 Virgine
835 900 1069 945 presumitur.

355 969 459 1002 Hunc
493 979 656 1001 errorem
690 966 943 1013 reprobamus,
978 966 1130 1000 firmiter
1163 967 1260 1000 enim
1294 966 1490 1009 credimus,
1526 966 1624 1012 quod
1659 966 1754 1000 idem
1790 966 1893 1000 locus
1927 964 2141 1011 corporalis,

266 1034 408 1068 scilicet
434 1033 554 1068 celum
584 1033 798 1080 empireum,
828 1033 1043 1079 angelorum
1069 1040 1105 1067 et
1128 1033 1327 1067 animarum
1358 1040 1560 1067 sanctarum
1593 1033 1662 1066 erit
1686 1040 1722 1066 et
1741 1044 1933 1078 corporum
1961 1031 2143 1078 glorifica-

267 1100 431 1135 torum¹⁴.

356 1167 556 1214 Quinta-5¹⁸,
583 1167 683 1213 quod
714 1167 829 1200 malus
859 1166 1014 1212 angelus
1044 1167 1080 1200 in
1106 1166 1286 1212 principio
1317 1178 1382 1200 suc
1412 1166 1607 1200 creationis
1635 1166 1702 1199 suit
1721 1165 1850 1207 malus,
1873 1166 1938 1199 et¹⁸
1959 1177 2143 1211 nunquam

266 1234 335 1268 suit
353 1234 425 1269 nisi
445 1233 575 1268 malus.

358 1302 460 1335 Hunc
484 1312 646 1340 errorem
674 1300 926 1346 reprobamus,
953 1300 1104 1334 firmiter
1129 1300 1224 1333 enim
1250 1300 1446 1341 credimus,
1474 1300 1607 1345 quod¹⁷
1628 1299 1748 1334 bonus
1772 1306 1915 1333 creatus
1940 1299 1988 1332 sit
2008 1305 2043 1332 et
2063 1305 2147 1344 post

268 1367 452 1414 peccando
472 1367 589 1401 factus
609 1367 658 1400 sit
677 1366 805 1400 malus.

355 1434 531 1476 Sextus¹⁸,
557 1433 656 1479 quod
683 1433 838 1479 angelus
864 1433 901 1466 in
927 1433 1055 1467 eodem
1077 1433 1226 1466 instanti
1252 1439 1373 1478 potest
1398 1445 1481 1467 esse
1502 1433 1538 1466 in
1559 1433 1717 1467 diversis
1738 1432 1829 1466 locis
1850 1439 1886 1465 et
1906 1443 1988 1465 esse
2010 1431 2146 1477 ubique

267 1501 299 1536 si
319 1500 488 1536 voluerit.

358 1569 460 1601 Hunc
490 1578 652 1602 errorem
683 1566 936 1612 reprobamus,
967 1567 1151 1600 credimus
1186 1567 1296 1608 enim,
1327 1567 1426 1612 quod
1460 1566 1614 1612 angelus
1644 1572 1701 1599 est
1733 1566 1771 1598 in
1804 1565 1886 1598 loco
1920 1577 1986 1610 per
2015 1564 2148 1598 diffini-

269 1635 417 1676 tionem,
439 1634 487 1668 ita
507 1633 606 1680 quod
630 1634 662 1668 si
689 1640 746 1668 est
771 1633 843 1675 hic,
865 1646 938 1667 non
958 1640 1015 1667 est
1032 1633 1119 1667 alibi
1140 1633 1178 1667 in
1198 1633 1327 1667 eodem
1349 1633 1515 1673 instanti3
1538 1632 1768 1678 impossibile
1789 1638 1846 1666 est
1864 1632 1960 1665 enim
1982 1631 2081 1677 quod
2102 1632 2152 1678 sit

268 1701 418 1747 ubique,
440 1700 509 1734 hoc
529 1700 633 1738 ,enim
654 1701 841 1746 proprium
864 1707 920 1734 est
940 1700 1057 1734 solius
1080 1700 1159 1733 Dei.

357 1766 586 1814 Septimus¹⁸,
608 1768 707 1813 quod
729 1767 839 1801 multe
859 1767 1030 1801 veritates
1051 1767 1173 1801 sunt’⁰
1194 1766 1239 1800 ab
1260 1774 1401 1809 eterno,
1423 1779 1493 1813 que
1515 1779 1588 1800 non
1608 1773 1694 1800 sunt
1713 1767 1823 1800 Deus.

359 1836 463 1869 Hune
496 1846 660 1869 errorem
694 1834 949 1881 reprobamus,
984 1834 1136 1868 firmiter
1169 1834 1266 1868 enim
1300 1834 1498 1876 credimus,
1529 1834 1627 1879 quod
1658 1845 1727 1867 una
1758 1833 1835 1867 sola
1864 1833 1997 1866 veritas
2029 1832 2077 1866 sit
2105 1832 2149 1865 ab

270 1908 410 1944 eterno,
431 1913 502 1947 que
523 1907 580 1935 est
600 1901 746 1935 Deus¹¹.

358 1969 512 2003 Octavus
522 1969 562 2010 ²²,
585 1969 684 2014 quod
706 1969 860 2014 primum
884 1979 979 2001 nunc
1001 1974 1037 2002 et
1055 1968 1330 2014 creatio-passio
1352 1968 1470 2013 possit
1490 1979 1563 2001 non
1583 1979 1666 2001 esse
1686 1973 1816 2000 creata.

360 2035 463 2069 Hunc
484 2047 648 2069 errorem
674 2034 926 2081 reprobamuS,
950 2035 1102 2068 firmiter
1122 2034 1217 2068 enim
1239 2034 1436 2075 credimus,
1459 2034 1558 2080 quod
1586 2041 1780 2079 utrumque
1801 2040 1837 2066 ct
1858 2040 1915 2066 est
1934 2039 2093 2066 creatum
2116 2039 2150 2066 et

270 2108 446 2136 creatura.

360 2169 498 2211 Nonus,
514 2168 613 2214 quod
625 2168 688 2214 qui
702 2167 811 2202 habet
821 2168 972 2202 meliora
984 2167 1173 2210 naturalia,
1188 2167 1233 2202 de
1251 2168 1470 2202 necessitate
1484 2167 1567 2214 plus
1581 2166 1730 2201 habebit
1743 2167 1788 2200 de
1800 2166 1915 2212 gratia
1931 2173 1967 2199 et
1981 2165 2148 2211 g101·ia”.

362 2235 465 2268 Hunc
498 2245 662 2268 errorem
697 2234 951 2280 reprobamus,
986 2234 1139 2268 firmiter
1173 2235 1270 2268 enim
1305 2235 1504 2275 credimus,
1540 2234 1638 2280 quod
1673 2235 1772 2267 Deus
1811 2233 2012 2267 secundum
2051 2232 2149 2277 quod

276 2300 455 2347 preelegit
474 2307 512 2335 et
530 2301 828 2347 preordinavitfl,
851 2300 951 2335 dabit
971 2301 1169 2347 unicuique
1190 2301 1341 2347 gratiam
1363 2308 1399 2334 et
1418 2300 1584 2347 gloriam.

362 2367 540 2409 Decimus,
562 2367 662 2413 quod
690 2367 806 2401 malus
830 2367 985 2414 angelus
996 2368 1024 2387 ²⁸
1046 2379 1231 2413 nunquam
1258 2367 1396 2409 habuit,
1419 2368 1515 2401 unde
1541 2374 1636 2401 stare
1657 2373 1795 2412 posset,
1818 2378 1884 2399 nec
1909 2365 2015 2399 etiam
2036 2364 2150 2398 Adam

275 2434 312 2468 in
332 2441 427 2468 statu
447 2433 668 2468 innocentie.

364 2501 468 2534 Hunc
501 2511 663 2534 errorem
701 2500 952 2546 reprobamus,
989 2500 1140 2534 firmiter
1175 2501 1271 2534 enim
1308 2500 1506 2541 credimus,
1538 2499 1637 2545 quod
1667 2505 1820 2544 uterque
1851 2497 2021 2539 habuit'⁸,
2054 2497 2151 2531 unde

275 2574 403 2614 posset
422 2574 532 2609 stare,
553 2578 627 2601 non
648 2573 782 2609 tamen,
805 2567 901 2601 unde
923 2573 1049 2613 posset
1069 2566 1259 2613 proficere.

368 2665 438 2690 Bibl.
452 2665 586 2690 Arseualis
606 2664 701 2694 Paris..
717 2673 767 2689 ms.
783 2666 837 2694 532,
854 2665 899 2689 sol.
918 2665 972 2689 219.
993 2678 1024 2683 -
1039 2665 1071 2689 ui
1085 2665 1175 2689 decem
1194 2673 1298 2689 errores
1318 2664 1474 2696 saepissimo
1489 2667 1632 2688 occurrunt
1650 2663 1676 2687 in
1696 2671 1759 2687 mss.
1781 2666 1807 2687 et
1825 2662 1927 2695 passim
1947 2663 2017 2695 apud
2033 2666 2152 2687 auctores

274 2717 342 2735 saec.
359 2710 427 2735 xm.
444 2710 473 2734 ln
493 2717 557 2734 mss.
574 2709 703 2742 Burghes.
721 2710 767 2734 296
781 2709 817 2742 (in
833 2709 884 2734 fine
899 2709 1092 2735 Sententiarum
1109 2709 1269 2741 Lombardi),
1285 2712 1311 2734 et
1325 2709 1379 2738 361,
1401 2710 1417 2733 f.
1435 2708 1505 2733 219⁵.
1522 2708 1590 2733 Bibl.
1607 2708 1716 2740 capitul,
1737 2708 1838 2732 valent.
1859 2708 1886 2731 in
1902 2707 2030 2740 Hispania
2051 2707 2087 2738 (in
2103 2707 2154 2731 fine

274 2754 377 2787 primas
390 2753 476 2787 partis
491 2754 615 2778 Summas
633 2754 659 2778 S.
678 2754 812 2786 Thomna).
830 2754 898 2778 Bibl.
915 2757 968 2778 nat.
990 2754 1085 2782 Paris.,
1106 2762 1169 2778 mss.
1190 2754 1236 2778 lat.
1258 2754 1344 2782 16681,
1365 2754 1409 2778 rol.
1425 2755 1468 2782 99;
1490 2753 1575 2782 15820,
1593 2753 1636 2777 fol.
1654 2753 1712 2781 193;
1730 2753 1815 2781 16533,
1833 2753 1876 2776 t'ol.
1894 2753 1923 2776 54
1938 2752 2034 2783 (tribus
2053 2759 2117 2776 mss.
2139 2760 2154 2775 a

275 2798 444 2831 D’Atgontre,
460 2799 527 2825 coll.
541 2800 619 2831 jud„
635 2799 655 2828 Ι,
671 2799 726 2827 186,
741 2799 889 2830 adhibitis);
906 2799 990 2828 18360,
1008 2799 1052 2823 sol.
1069 2800 1097 2828 3;
1115 2799 1184 2823 Bibl.
1199 2799 1350 2827 d'Auxcrre,
1367 2806 1416 2822 ms.
1434 2799 1488 2827 200,
1505 2798 1549 2822 sol.
1568 2798 1611 2826 78;
1623 2797 1686 2822 Cod.
1703 2797 1760 2822 Vat.
1778 2797 1823 2821 lut.
1840 2798 1911 2826 4847,
1924 2798 1941 2821 s.
1955 2797 2011 2825 66²5
2028 2796 2153 2825 Oxoniue,

275 2843 377 2868 xenon
391 2843 468 2873 Con..
484 2851 533 2868 ms.
551 2844 607 2872 2⁶7,
624 2844 669 2868 sol.
683 2843 756 2872 115¹».
772 2844 870 2876 legitur
885 2843 936 2868 ista
951 2843 1110 2868 introductio
1126 2851 1132 2867 2
1151 2852 1163 2867 α
1179 2843 1226 2868 Isti
1246 2847 1308 2867 sunt
1325 2851 1429 2867 errores
1444 2842 1613 2867 detestabiles
1628 2845 1719 2866 contru
1734 2841 1891 2866 catholicam
1908 2841 2044 2865 veritatem
2059 2840 2152 2873 (Paris.

277 2887 354 2912 tomo
376 2887 471 2912 addit:
494 2896 506 2912 α
530 2896 597 2921 quos
620 2888 811 2921 dogmatisavit
833 2890 864 2912 fr.
889 2888 1039 2921 Stephanus
1062 2897 1084 2917 »,
1105 2891 1131 2912 et
1151 2896 1203 2912 om.
1229 2897 1240 2911 (ι
1262 2887 1388 2920 πρανῆ...
1412 2887 1519 2919 scriptis
1542 2886 1565 2919 u)
1586 2886 1684 2919 roperti
1708 2886 1734 2910 in
1757 2886 1916 2919 quibusdam
1946 2885 2062 2918 seriptis,
2088 2893 2154 2917 quos

277 2931 427 2965 quicunque
444 2932 664 2966 dogmatizaverit
677 2933 719 2957 vel
734 2933 891 2957 sustinuerit
908 2933 1081 2965 (defenderit).
1097 2942 1113 2956 a
1128 2941 1185 2957 ven.
1203 2936 1278 2965 patre
1297 2932 1439 2957 Guillelmo
1454 2931 1596 2956 parisiensi
1616 2931 1740 2963 episcopo
1755 2934 1898 2955 convocato
1913 2929 2023 2954 consilio
2037 2929 2154 2953 omnium

278 2976 468 3008 mad-trorum
487 2977 620 3009 theologis
643 2980 705 3002 tune
728 2977 846 3002 Parisius
871 2978 1018 3010 regsntium
1041 2977 1146 3002 vinculo
1167 2977 1344 3002 anathematis
1365 2980 1406 3001 est
1429 2976 1579 3001 innodatus.
1606 2976 1638 3000 Et
1658 2975 1716 3000 ideo
1740 2975 1787 2999 lios
1812 2983 1915 2999 errores
1938 2982 2031 2998 cavere
2059 2973 2155 2998 debent
