2580 3528
198 428 296 470 1285]
536 437 582 460 ΑΒ
617 437 725 459 Auno
759 436 838 460 mcc
871 436 1006 466 usour.
1040 437 1089 459 An
1124 437 1357 459 PniLlrrux
1393 437 1433 459 1v
1467 437 1557 460 uso.
1594 437 1732 460 fame.
2009 429 2072 461 631

195 512 378 554 concedit,
406 523 552 557 semper
578 510 798 557 intelligitur
821 511 1024 544 concedere
1050 511 1131 545 sine
1156 511 1360 556 prejudicio
1386 510 1539 544 aliorum
1569 517 1604 544 et
1630 511 1826 556 cujuslibet
1849 513 1933 556 jure
1960 512 2073 549 salvo,

196 579 269 613 nisi
287 579 326 612 in
346 578 525 624 rescripto
547 589 720 623 expresse
741 578 962 611 contrarium
983 583 1165 620 caveatur,
1186 583 1226 611 ut
1244 577 1373 611 volunt
1385 578 1481 622 jura.

286 646 375 679 Item
400 644 489 679 alias
513 645 581 678 suit
601 644 838 679 Universitati
858 644 1056 678 Parisiensi
1077 644 1282 678 consimilis
1301 643 1531 677 contribucio
1552 656 1571 677 a
1592 644 1740 677 domino
1770 656 1858 689 papa
1886 656 2074 683 concessa,

197 718 234 747 et
255 711 352 746 bone
378 711 552 745 memorie
577 711 762 745 ,lohannes
787 711 1088 757 archiepiscopus
1109 711 1301 745 Remensis
1325 717 1360 744 et
1384 711 1506 745 Guido
1532 711 1730 756 episcopus
1757 710 2075 744 Autisiodorensis

197 785 412 813 executores
432 778 506 812 dati
526 790 639 824 super
657 777 727 812 hoe
746 777 791 811 ab
812 778 964 820 eodem;
986 778 1049 823 qui
1069 784 1297 819 executores,
1319 789 1400 811 cum
1422 777 1651 812 Universitas
1676 783 1818 823 peteret
1836 777 1881 810 ab
1901 777 1956 810 eis
1977 777 2073 822 quod

196 845 363 880 canonici
387 845 594 879 beneficiati
614 851 651 879 et
669 845 794 879 clerici
814 844 916 879 chori
937 844 1093 878 ecclesie
1114 844 1333 879 Parisiensis
1353 844 1662 890 compellerentur
1685 844 1730 877 ad
1754 843 2074 885 contribuendum,

196 912 330 947 virtute
358 911 518 946 mandati
543 911 736 958 apostolici
763 911 835 945 sibi
862 911 990 945 directi
1016 923 1128 957 super
1152 911 1372 945 execucione
1398 911 1559 957 predicta
1587 910 1863 944 declaraverunt
1889 917 1925 944 et
1950 910 2077 944 decre-

197 985 342 1021 verunt,
371 979 475 1025 ipsos
501 979 546 1012 ad
570 978 885 1012 contribucionem
913 977 1124 1023 hujusmodi
1149 990 1222 1012 non
1247 978 1376 1019 teneri,
1404 984 1439 1011 et
1464 989 1549 1011 suas
1575 984 1741 1023 patentes
1768 977 1907 1011 litteras
1936 977 2074 1011 eisdem

199 1057 312 1092 super
331 1045 400 1079 hoc
421 1045 722 1079 concesserunt‘.
1188 1035 1191 1044 ³

288 1113 442 1158 Propter
457 1123 547 1157 quas
562 1111 729 1145 raciones
750 1123 878 1145 omnes
899 1118 935 1145 et
954 1111 1120 1158 singulas
1141 1111 1368 1157 supradictas
1384 1118 1420 1145 et
1434 1111 1522 1145 alias
1539 1111 1619 1145 loco
1641 1117 1677 1145 et
1696 1118 1858 1157 tempore
1875 1111 1906 1145 si
1922 1122 2076 1144 necesse

198 1178 310 1214 suerit
335 1178 606 1224 proponendas,
628 1189 698 1224 ego
725 1177 939 1224 Arnulphus
966 1178 1012 1211 de
1037 1178 1218 1211 Borcendi
1239 1178 1362 1220 Curia,
1385 1185 1598 1223 procurator
1623 1178 1886 1212 venerabilium
1914 1178 2075 1212 virorum

199 1245 348 1292 capituli
373 1245 592 1279 Parisiensis
618 1251 654 1279 et
677 1245 936 1279 canonicorum
958 1245 1219 1278 Parisiensium
1240 1244 1500 1290 predictorum,
1523 1257 1588 1291 pro
1610 1245 1701 1291 ipsis
1723 1251 1758 1278 et
1777 1257 1902 1278 eorum
1929 1244 2076 1277 nomine

199 1312 283 1347 dico
303 1318 340 1346 et
358 1301 527 1358 propono¹
541 1311 640 1358 quod
660 1311 731 1358 ipsi
751 1312 917 1345 canonici
934 1312 1011 1345 sive
1028 1312 1141 1345 eciam
1161 1311 1222 1345 alii
1243 1312 1288 1344 de
1309 1312 1450 1357 gremio
1467 1312 1685 1346 Patisiensis
1701 1311 1856 1345 ecclesie
1877 1311 1921 1345 ad
1941 1311 2076 1345 contri-

199 1378 393 1413 bucionem
419 1378 618 1424 predictam
644 1390 719 1411 non
743 1385 926 1419 tenentur,
947 1390 1014 1412 nec
1035 1378 1079 1412 ad
1103 1377 1172 1411 hoc
1198 1378 1281 1424 cogi
1307 1385 1463 1423 possunt
1488 1378 1546 1412 vel
1571 1378 1707 1412 debent
1730 1378 1863 1412 virtute
1888 1378 2075 1412 memorati

200 1445 382 1492 rescripti,
402 1445 561 1479 offerens
583 1457 639 1478 me
660 1445 808 1479 nomine
829 1457 902 1490 quo
923 1456 1033 1490 supra
1053 1445 1152 1491 quod
1173 1444 1328 1478 sufficiat
1347 1445 1392 1478 de
1413 1445 1605 1490 premissis
1626 1445 1657 1478 si
1679 1457 1831 1478 necesse
1853 1445 1961 1478 suerit
1985 1445 2078 1491 legi-

200 1512 286 1547 time
306 1511 556 1558 probaturum.

293 1610 431 1643 Originale
445 1618 498 1634 non
513 1610 670 1642 sigillatum,
684 1609 711 1634 in
725 1609 803 1634 Δηὼ.
819 1612 874 1634 nat.
890 1609 975 1638 Paris,
991 1609 1025 1634 Μ.
1041 1610 1071 1633 67
1079 1613 1100 1638 ·,
1117 1613 1146 1633 n‘·
1163 1610 1204 1634 12.

295 1695 317 1719 1.
333 1694 399 1719 Vide
412 1694 446 1718 ad
458 1694 523 1718 haec
540 1702 623 1726 supra
635 1698 665 1718 ηδ
680 1694 735 1718 519.
749 1707 781 1713 —
795 1695 818 1718 2.
834 1694 864 1718 C.
880 1694 913 1722 11,
929 1695 967 1718 50.
983 1707 1015 1713 —
1028 1694 1052 1718 3.
1069 1694 1108 1718 Cf.
1125 1694 1159 1718 nl·
1171 1694 1225 1723 515,
1241 1694 1297 1719 516.
1311 1707 1343 1712 -
1356 1695 1379 1718 l«.
1397 1694 1484 1726 Supra
1499 1698 1528 1718 n⁰
1542 1695 1596 1718 427.

202 1868 315 1908 521.
341 1878 504 1916 Capitulum
519 1878 686 1906 Parisieme
701 1887 782 1916 opem
797 1878 959 1906 cardinalis
974 1878 1124 1906 Benedicti
1140 1879 1274 1915 Cajetam'
1292 1882 1392 1906 contra
1407 1879 1608 1916 oppressiones
1623 1878 1753 1916 Phihppi
1768 1880 1814 1905 ΙΙΙ
1826 1879 1902 1914 regis
1919 1882 1947 1904 ee
1966 1878 2080 1905 Univer-

293 1928 393 1955 sitatis
407 1928 586 1955 Parisiemis
601 1927 746 1965 implorat.

1398 1973 1476 2003 128⁵,
1491 1973 1561 2000 circa
1573 1980 1689 2000 moneam
1703 1972 1794 1999 Nat-tii.

293 2047 509 2083 Reverendo
535 2048 626 2094 patri
652 2047 800 2082 domino
826 2055 862 2082 et
885 2048 1000 2082 amico
1026 2048 1220 2082 karissimo
1245 2048 1393 2082 domino
1420 2049 1460 2081 B.
1483 2047 1550 2082 Dei
1573 2047 1687 2093 gratia
1713 2047 1834 2081 Sancti
1855 2046 2017 2081 Nicholai
2044 2047 2080 2080 in

204 2126 350 2149 carcere
378 2113 547 2149 Tulliano
576 2115 740 2161 dyacono
766 2114 941 2148 cardinali
970 2114 1167 2161 capitulum
1197 2114 1353 2149 ecclesie
1383 2114 1602 2148 parisiensis
1629 2114 1782 2148 salutem
1810 2121 1846 2148 et
1871 2126 1951 2147 eum
1982 2114 2079 2147 omni

205 2181 416 2215 reverencia
440 2187 478 2215 et
499 2180 640 2215 honore
660 2193 700 2216 se
721 2182 758 2215 in
779 2181 951 2215 omnibus
976 2189 1120 2228 paratos
1139 2182 1184 2216 ad
1206 2183 1286 2228 ejus
1306 2181 1533 2228 beneplacita
1558 2187 1594 2215 et
1617 2181 1793 2214 mandata.
1817 2182 1865 2214 Ea
1890 2193 1960 2226 que
1985 2181 2079 2214 eirca

204 2259 273 2282 nos
293 2254 330 2282 et
348 2247 541 2282 ecclesiam
561 2254 720 2282 nostram
741 2255 912 2295 aguntur,
935 2249 1013 2283 sive
1034 2261 1222 2295 prospera,
1245 2249 1322 2283 sive
1343 2249 1495 2282 adversa
1515 2248 1663 2290 suerint,
1686 2254 1783 2281 tanto
1808 2247 1991 2281 curiosius
2016 2259 2081 2292 per

205 2326 274 2348 nos
306 2313 412 2348 vobis
446 2314 617 2348 convenit
649 2314 828 2357 nunciari,
858 2322 993 2360 quanto
1023 2327 1067 2349 ex
1096 2316 1285 2361 prosperis
1315 2327 1388 2349 non
1418 2314 1626 2348 dubitamus
1655 2313 1827 2360 gaudium
1858 2319 1894 2347 et
1923 2313 2078 2346 leticiam

204 2392 415 2415 accrescere
435 2380 538 2414 cordi
557 2387 693 2421 vestro,
715 2387 752 2415 et
771 2381 808 2414 in
828 2381 994 2415 adversis
1013 2381 1280 2427 compassionis
1300 2388 1336 2414 et
1355 2380 1618 2415 consolationis
1635 2380 1834 2414 remedium
1857 2380 2021 2413 invenire
2042 2380 2078 2413 in

206 2446 313 2482 vobis
332 2446 584 2481 confidencius
603 2446 788 2481 credimus
808 2454 844 2481 et
862 2459 1064 2494 speramus.
1084 2449 1190 2487 Ecce,
1213 2454 1313 2493 pater
1333 2454 1369 2481 et
1388 2447 1548 2489 domine,
1571 2446 1843 2480 desolacionum
1864 2447 2078 2492 urgeneium

207 2513 402 2548 multitudo
427 2512 534 2547 nobis
558 2520 595 2547 et
618 2513 774 2547 ecclesie
798 2514 926 2555 Paris„
948 2514 1060 2560 procli
1086 2514 1205 2550 dolor.
1231 2513 1302 2547 hiis
1332 2513 1464 2547 diebus
1489 2513 1660 2555 occurrit,
1690 2513 1800 2546 immo
1825 2513 1928 2559 quasi
1953 2514 2080 2558 eonju-

208 2586 282 2615 rate
315 2580 360 2614 ad
394 2580 548 2614 invicem
585 2579 845 2614 tribulaciones
877 2580 1113 2627 multiplicate
1147 2586 1383 2622 concurrunt,
1414 2580 1498 2614 dum
1529 2579 1613 2613 hinc
1647 2579 1782 2626 regalis
1816 2586 1977 2626 potestas
2012 2591 2080 2613 nos

207 2646 380 2694 opprimit
397 2647 481 2692 jure
507 2646 606 2693 quod
630 2646 738 2681 nobis
763 2647 934 2693 competit
960 2647 997 2681 in
1021 2646 1239 2693 quibusdam
1265 2646 1488 2681 molendinis
1512 2646 1633 2692 magni
1660 2646 1782 2692 pontis
1810 2646 1922 2680 Paris.
1952 2658 2019 2680 nos
2044 2652 2080 2680 et

206 2712 538 2759 ipsamecclesiam
564 2713 891 2747 inmisericorditer
911 2713 1117 2760 spoliando,
1138 2712 1239 2747 illinc
1261 2713 1487 2748 Universitas
1514 2713 1732 2747 Parisiensis
1763 2711 1870 2746 nobis
1895 2718 1931 2746 et
1955 2719 2079 2746 nostre

207 2779 363 2814 ecclesie
396 2780 527 2814 infesta
560 2780 754 2814 admodum
789 2792 863 2814 non
895 2779 1015 2814 solum
1051 2780 1087 2814 in
1123 2791 1278 2826 persona
1312 2787 1348 2814 et
1381 2780 1500 2813 ossicio
1534 2779 1740 2813 cancellarii
1774 2791 1842 2813 nos
1874 2778 2078 2819 conturbat,

207 2857 333 2880 verum
370 2846 476 2880 etiam
516 2859 611 2881 novo
649 2846 739 2881 dure
777 2853 813 2881 et
851 2847 929 2881 dire
966 2858 1104 2893 genere
1138 2846 1325 2881 servitutis
1359 2858 1536 2892 personas
1574 2852 1719 2880 nostras
1752 2845 1822 2880 sibi
1856 2845 2078 2879 constituere

208 2911 384 2947 obnoxias
411 2913 603 2959 exquisitis
632 2914 809 2948 insudans
836 2913 982 2956 studiis,
1010 2913 1054 2948 ad
1081 2913 1387 2948 contribuendum
1414 2925 1538 2947 secum
1565 2913 1602 2947 in
1629 2913 1814 2959 expensis,
1843 2924 1932 2958 quas
1962 2913 2078 2945 facere

209 2990 286 3014 eam
303 2990 391 3026 sepe
405 2980 598 3027 contingit,
615 2980 653 3015 in
668 2981 801 3015 virtute
816 2981 1003 3027 cujusdam
1021 2980 1141 3015 littere
1157 2980 1356 3027 apostolice
1375 2980 1419 3014 ad
1439 2979 1603 3014 abbatem
1625 2986 1660 3014 et
1679 2978 1932 3013 cancellarium
1951 2979 2079 3011 Sanc-te
