2618 3640
515 432 565 454 ΧΠ
1093 430 1414 452 CHARTULARIUM
1449 430 1639 452 UNIVERS.
1677 430 1806 451 PARIS.

519 507 649 543 terium
690 510 875 542 assecutus
917 509 1022 550 esset,
1053 505 1362 553 quemadmodum
1396 505 1471 553 jam
1517 504 1662 541 saeculo
1692 506 1757 540 Xll
1791 517 1918 541 omnes
1949 504 2160 541 Cancellarii
2191 504 2409 541 Parisienses

520 578 678 625 magistri
694 581 885 621 vocantur;
909 577 1000 614 forte
1017 577 1125 613 etiam
1143 588 1225 612 eum
1242 577 1408 612 docuisse
1425 587 1571 612 necesse
1589 580 1675 612 erat.
1696 578 1775 612 Non
1799 580 1918 612 tamen
1941 576 2149 624 exigebatur
2169 580 2206 612 ut
2228 576 2409 624 ipse,*q‘uo

520 654 681 698 tempore
704 649 813 685 fiebat
837 649 1092 692 CancellariuS,
1116 648 1346 696 Theologiam
1369 648 1530 692 doceret;
1557 659 1639 683 nam
1662 648 1776 683 multo
1798 648 1976 696 posterius
2001 659 2041 684 ea
2062 647 2226 689 condicio
2246 648 2409 684 nondum

520 721 787 769 imponebatur,
815 733 898 757 cum
926 720 1110 756 videamus
1137 720 1361 768 Stephanum
1389 720 1557 767 Tempier
1583 719 1738 755 electum
1767 719 2030 756 Cancell'arium
2053 720 2288 756 Parisiensem
2311 723 2412 755 ante-

520 805 627 841 quam
647 793 683 828 in
701 793 885 829 Facultate
900 792 1083 839 praedicta
1100 791 1345 827 Universitatis
1361 790 1571 827 Parisiensis
1590 794 1670 827 actu
1692 803 1812 839 regere
1827 791 2001 839 inciperet
2017 791 2116 838 (Vicl.
2136 792 2183 827 nis
2203 793 2289 835 396,
2309 790 2407 839 399).

525 867 638 900 11111110
662 864 780 900 evenit
796 868 833 899 ut
848 864 979 911 aliquis
1006 863 1155 911 paululo
1186 866 1326 898 tantum
1354 866 1435 898 ante
1462 865 1606 898 vocatus
1634 862 1678 898 sit
1705 862 1859 898 Parisios
1884 875 1994 910 quam
2015 863 2261 899 Cancellarius
2284 863 2407 904 fieret;

521 937 623 984 cujus
644 936 692 972 rei
716 935 923 983 exemplum
939 934 1084 982 praehet
1106 934 1246 970 celeber
1262 934 1448 981 Philippus
1469 934 1513 969 de
1538 936 1663 977 (11ον0,
1682 934 1743 981 qui
1764 936 1806 969 15
1829 934 1919 970 febr.
1943 935 2050 978 1217,
2068 934 2176 970 etiam
2193 938 2270 970 tum
2286 933 2411 970 archi—

521 1008 694 1044 diaconus
721 1006 980 1050 Noviomensis,
1006 1009 1186 1042 annuente
1212 1006 1371 1041 Honorio
1394 1007 1458 1048 111,
1481 1005 1526 1041 ab
1546 1005 1714 1053 episcopo
1735 1005 1926 1041 Parisiensi
1954 1006 1999 1041 ad
2023 1005 2212 1042 ecclesiam
2233 1005 2410 1042 Parisien-

520 1090 596 1116 sem
612 1078 845 1122 vocabatur⁴,
869 1082 903 1114 et
920 1078 1048 1114 saltem
1065 1078 1139 1125 jam
1157 1089 1253 1113 anno
1271 1079 1363 1112 1218
1379 1076 1500 1113 officio
1517 1076 1731 1112 Cancellarii
1749 1076 1978 1124 fungebatur.

619 1150 735 1198 Vulgo
763 1152 951 1185 autumant
976 1148 1251 1184 Universitatem
1282 1147 1533 1196 magistrorum
1559 1151 1593 1184 et
1616 1147 1835 1184 scholarium
1862 1159 1938 1184 sese
1961 1148 1998 1183 in
2028 1159 2158 1196 corpus
2183 1147 2411 1185 constituisse

519 1222 694 1270 litigando
710 1233 791 1256 cum
814 1220 1036 1256 Cancellario
1059 1219 1262 1256 Parisiensi.
1291 1220 1394 1261 Quod
1414 1232 1496 1256 cum
1513 1231 1596 1255 vero
1620 1219 1784 1267 congruit
1806 1219 1834 1255 si
1858 1223 2027 1267 quattuor
2051 1219 2236 1264 Nationes,
2262 1219 2413 1256 minime

519 1298 637 1345 tamen
651 1293 679 1328 si
700 1292 814 1340 ipsam
829 1291 1103 1328 Universitatem
1118 1291 1313 1340 intelligas.
1333 1293 1496 1338 Namque
1520 1291 1734 1327 Unix‘ersitas
1750 1295 1831 1339 post
1847 1291 2039 1328 formatam
2055 1292 2263 1328 societatem
2285 1295 2413 1328 contra

519 1364 787 1401 Cancellarium
811 1364 1016 1409 insurrexit,
1040 1365 1179 1400 tametsi
1210 1364 1247 1399 in
1270 1363 1334 1400 illa
1367 1363 1597 1400 contentione
1621 1363 1831 1400 sustinenda
1860 1363 2011 1400 societas
2042 1363 2293 1400 cohaerentior
2318 1363 2412 1399 facta

518 1441 582 1473 est.
602 1439 671 1472 Per
685 1439 838 1472 conatus
854 1437 1110 1484 magistrorum
1126 1439 1160 1472 et
1175 1435 1395 1472 scholarium
1414 1447 1489 1471 sese
1504 1435 1541 1470 in
1558 1435 1766 1472 societatem
1784 1435 2027 1472 constituendi
2044 1435 2289 1472 Cancellarius
2308 1446 2412 1471 suam

515 1508 801 1557 jurisdictionem
826 1519 901 1544 non
924 1508 961 1543 in
978 1507 1172 1544 discrimen
1199 1508 1391 1544 adductam
1420 1507 1603 1552 credebat,
1627 1519 1834 1555 quanquam
1857 1507 2009 1543 formata
2031 1507 2264 1544 Universitate
2280 1506 2413 1543 intelli-

518 1592 599 1628 gere
627 1580 764 1623 debuit,
794 1579 974 1627 magistris
996 1583 1030 1616 et
1053 1579 1280 1615 scholaribus
1307 1579 1415 1614 simul
1436 1579 1662 1627 congregatis
1685 1579 1794 1627 longe
1817 1579 1924 1615 aliam
1953 1579 2028 1615 fore
2052 1579 2303 1616 condicionem
2329 1589 2413 1623 erga

520 1652 638 1700 ipsum
662 1663 772 1699 quam
795 1655 898 1687 antea
914 1651 1079 1699 singulis.
1106 1652 1195 1686 Nam
1218 1654 1345 1687 mutuo
1361 1650 1511 1698 obligari
1528 1663 1591 1698 per
1606 1654 1871 1687 sacramentum
1888 1651 2070 1687 fidelitatis
2093 1650 2358 1687 contendebant
2378 1654 2413 1687 et

521 1726 654 1759 statuta
670 1722 753 1759 boni
771 1722 974 1759 communis
991 1723 1106 1770 gratia
1121 1722 1295 1771 redigere.
1324 1722 1437 1766 Unde,
1463 1723 1712 1770 progrediente
1737 1722 1906 1759 consortii
1931 1722 2203 1771 temperatione,
2229 1734 2286 1759 res
2308 1722 2346 1758 in
2369 1734 2412 1758 eo

520 1798 595 1831 erat
611 1799 648 1830 ut
664 1806 862 1831 concursus
880 1806 962 1830 cum
986 1794 1211 1830 Cancellario
1227 1793 1328 1830 vitari
1350 1806 1422 1830 non
1436 1797 1565 1842 posset.
1585 1794 1747 1842 Denique
1759 1794 1977 1842 jampridem
1998 1795 2113 1830 multa
2133 1793 2311 1843 magistris
2331 1798 2409 1830 stu-

521 1867 761 1914 dentibusque
785 1866 973 1914 displicere
988 1869 1181 1914 potuerunt
1202 1877 1295 1914 quae
1317 1869 1436 1902 tamen
1454 1865 1627 1915 abrogare
1645 1878 1719 1902 non
1736 1869 1918 1914 poterant;
1942 1866 2074 1915 quippe
2094 1879 2177 1902 cum
2194 1866 2327 1912 singuli
2348 1878 2412 1914 pro

520 1950 556 1974 se
573 1942 725 1974 starent:
749 1937 941 1974 constituta
958 1942 1077 1973 autem
1094 1937 1343 1979 Universitate,
1370 1937 1499 1985 injuria
1515 1937 1551 1972 in
1571 1938 1747 1986 privatum
1763 1937 1860 1973 illata
1875 1937 2156 1982 Universitatem,
2180 1938 2283 1986 cujus
2299 1937 2411 1986 parti-

521 2022 603 2058 ceps
628 2014 715 2053 erat,
738 2009 958 2046 offendebat.
984 2011 1086 2045 Parte
1109 2009 1223 2045 altera
1240 2009 1495 2054 Cancellarius,
1515 2021 1557 2046 eo
1578 2009 1674 2057 quod
1692 2009 1852 2046 officium
1871 2009 1906 2045 in
1924 2009 2197 2046 Universitatem
2219 2009 2411 2046 formatam

521 2086 712 2118 exsecutus
729 2085 794 2123 est,
815 2081 960 2129 majoris
981 2081 1152 2128 ponderis
1166 2084 1381 2128 potestatem
1407 2081 1580 2124 ohtinuit;
1607 2081 1723 2129 major
1740 2081 1847 2117 etiam
1868 2093 1910 2118 ea
1925 2085 2081 2129 potestas
2103 2081 2211 2118 evasit
2232 2093 2275 2117 ex
2298 2080 2412 2129 privi-

522 2153 615 2201 legio
643 2153 799 2200 Philippi
826 2152 992 2200 Augusti,
1024 2152 1084 2200 qui
1115 2152 1301 2200 magistros
1331 2156 1365 2189 et
1404 2153 1599 2198 scholares,
1641 2153 1685 2189 ab
1722 2153 1933 2189 auctoritate
1972 2153 2164 2201 Praepositi
2204 2153 2408 2201 subreptos,

616 2278 640 2302 l.
655 2277 779 2309 Legimus
794 2277 821 2301 in
836 2277 957 2308 Registro
968 2277 1076 2301 Honorii
1089 2277 1126 2301 111
1139 2277 1247 2301 ArchiV.
1263 2277 1357 2306 Vatic„
1370 2284 1412 2302 an.
1425 2278 1445 2306 1,
1458 2277 1501 2302 sol.
1515 2277 1555 2307 57,
1570 2285 1610 2310 ep.
1624 2277 1671 2302 257
1685 2277 1726 2308 (cf.
1743 2278 1851 2307 Honov,
1865 2279 1988 2303 Honorii
2003 2278 2055 2303 III
2064 2285 2138 2309 opp„
2153 2278 2186 2308 11,
2201 2286 2226 2310 p.
2242 2277 2316 2308 276):

616 2333 628 2344 «
646 2322 769 2354 Episcopo
785 2321 934 2346 Parisiensi.
949 2322 999 2346 Per
1014 2323 1074 2346 tuas
1090 2321 1163 2346 nobis
1176 2321 1279 2346 litteras
1288 2322 1426 2347 humiliter
1441 2322 1602 2355 supplicasti,
1619 2324 1650 2346 ut
1664 2322 1790 2347 dilectum
1805 2323 1888 2347 filium
1904 2323 2054 2356 Philippum
2069 2323 2266 2347 Noviomensem
2281 2322 2412 2347 archidia-

522 2375 613 2391 conum
625 2367 674 2391 tibi
689 2374 780 2391 vocare
800 2366 832 2390 ad
849 2366 1026 2390 Parisiensem
1043 2365 1177 2391 ecclesiam
1193 2366 1224 2391 de
1245 2368 1334 2391 nostra
1348 2367 1521 2399 permissione
1541 2367 1640 2396 liceret,
1656 2367 1724 2400 quod
1743 2375 1759 2391 a
1778 2367 1843 2392 bone
1861 2368 1982 2392 memorie
2003 2367 2051 2392 Ph.
2070 2367 2211 2392 Parisiensi
2231 2367 2413 2392 archidiacono

522 2412 628 2443 genitus
638 2411 726 2436 extitit
739 2418 789 2435 11011
800 2411 928 2435 obstante.
943 2410 1071 2439 Quoniam
1086 2410 1171 2442 igitur
1185 2419 1244 2435 cum
1252 2411 1343 2436 eodem
1356 2411 1540 2436 archidiacono
1551 2411 1583 2436 ad
1593 2411 1720 2436 humilem
1734 2411 1879 2436 multorum
1895 2412 2075 2444 episcoporum
2086 2413 2113 2437 et
2124 2411 2236 2436 aliorum
2250 2411 2413 2444 prelatorum

521 2456 675 2480 instantiam
697 2456 728 2480 de
747 2456 801 2480 vita
813 2458 839 2480 et
852 2455 962 2480 scientia
981 2456 1030 2480 sibi
1046 2456 1228 2480 testimonium
1243 2455 1374 2480 laudabile
1386 2455 1580 2488 perhibentium
1598 2464 1677 2489 super
1690 2457 1839 2489 hujusmodi
1852 2456 1954 2481 defectu
1967 2457 1998 2482 de
2014 2456 2175 2489 benignitate
2191 2457 2261 2481 sedis
2274 2455 2412 2489 apostolice

522 2500 737 2533 dispensavimus,
760 2500 809 2525 tibi
830 2501 989 2533 presentium
1013 2500 1170 2525 auctoritate
1189 2500 1363 2531 concedimus,
1385 2502 1416 2525 ut
1437 2500 1622 2533 impedimento
1637 2509 1688 2526 non
1704 2501 1825 2526 obstante
1845 2501 1972 2534 predicto,
1988 2502 2074 2534 ipsum
2089 2502 2121 2526 ad
2139 2504 2214 2526 tuam
2234 2501 2313 2526 libere
2335 2506 2411 2526 voces

525 2545 666 2574 eeclesiam,
683 2546 704 2569 si
720 2545 775 2577 ejus
791 2546 948 2570 vocationem
968 2545 1019 2577 ipsi
1037 2545 1142 2570 ecclesie
1158 2545 1254 2570 videris
1273 2545 1451 2578 profuturam.
1467 2546 1526 2570 Dat.
1542 2546 1666 2570 Laterani
1680 2554 1712 2570 xv
1725 2546 1777 2571 kal.
1793 2546 1892 2576 Martii,
1910 2546 2081 2579 pontificatus
2102 2547 2185 2571 nostri
2202 2553 2270 2570 anno
2289 2545 2382 2578 primo.
2395 2555 2410 2567 w

618 2590 693 2614 Certe
710 2590 742 2613 ad
758 2590 806 2613 1100
824 2590 960 2622 pertinent
972 2598 1039 2622 quae
1053 2591 1090 2614 ait
1102 2590 1245 2615 Gervasius
1263 2590 1344 2615 abbas
1360 2591 1632 2615 Praemonstratensis
1648 2590 1675 2615 111
1695 2590 1804 2623 epistola
1818 2591 1851 2616 ad
1865 2591 2008 2616 Honorium
2028 2591 2076 2622 111,
2096 2591 2142 2623 qui
2161 2592 2267 2623 propter
2282 2589 2410 2622 quasdam

525 2635 753 2660 insimulationes
766 2634 916 2667 Philippum
932 2635 963 2658 ad
978 2635 1078 2659 curiam
1093 2635 1222 2659 citaverat
1233 2635 1308 2665 (Vid.
1323 2635 1390 2659 infra
1403 2640 1433 2660 n⁰
1443 2635 1483 2665 31,
1501 2643 1526 2668 p.
1544 2635 1584 2666 90)
1602 2644 1608 2660 ε
1629 2646 1642 2658 α
1659 2635 1847 2660 Α(]11111·311(111111
1861 2638 1902 2661 est
1916 2636 2020 2666 merito,
2034 2635 2149 2668 qualiter
2160 2636 2229 2660 fama
2242 2635 2325 2667 ipsius
2340 2634 2409 2668 apud

523 2687 568 2704 vos
584 2679 698 2711 potuerit
712 2678 851 2708 obfuscari,
869 2680 915 2711 qui
929 2687 990 2703 eum
1010 2680 1157 2712 nuperrime
1170 2680 1197 2704 in
1215 2682 1315 2704 tantam
1332 2680 1443 2712 gratiam
1460 2680 1593 2713 recepistis
1607 2682 1706 2713 quanta
1718 2688 1768 2705 non
1786 2680 1838 2705 nisi
1856 2681 1997 2713 praeclaris
2017 2680 2121 2705 meritis
2142 2682 2170 2705 et
2190 2680 2308 2712 integrae
2327 2680 2411 2704 famae

524 2723 628 2748 videtur
649 2724 764 2756 potuisse
787 2725 960 2755 competenter
979 2723 1094 2756 impendi
1098 2742 1148 2748 .....
1172 2724 1227 2756 Ego
1247 2726 1335 2749 autem
1358 2724 1442 2749 sciens
1465 2724 1534 2757 quod
1559 2725 1595 2749 sit
1616 2725 1692 2749 homo
1706 2725 1818 2749 affabilis
1832 2726 1858 2750 et
1871 2725 2000 2757 benignus
2024 2726 2051 2749 et
2070 2724 2214 2749 eminenter
2233 2724 2410 2748 litteratorum

523 2768 639 2792 virorum
653 2768 748 2800 judicio
761 2768 905 2798 litteratus,
922 2768 981 2793 illos
998 2776 1102 2800 quoque
1117 2769 1160 2801 qui
1180 2769 1362 2793 testimonium
1382 2768 1521 2801 perhibent
1543 2770 1626 2794 famae
1650 2777 1721 2799 suae,
1738 2769 1850 2794 maxime
1866 2769 1999 2794 dominum
2020 2769 2172 2793 Remensem
2187 2768 2410 2801 archiepiscopum

523 2815 643 2837 nostrum
659 2816 685 2837 et
699 2812 822 2836 decanum
838 2814 864 2837 et
879 2813 1024 2845 capitulum
1038 2813 1185 2838 Parisiense
1195 2814 1314 2845 integrae
1329 2813 1412 2838 famae
1426 2821 1492 2843 esse,
1510 2822 1521 2837 »
1537 2815 1586 2838 etc.
1603 2815 1710 2839 Sacrae
1722 2814 1903 2846 antiquitatis
1918 2818 2115 2844 monumenta,
2126 2814 2180 2838 not.
2191 2813 2229 2838 ill.
2242 2813 2309 2838 C.L.
2321 2813 2411 2843 1111110,

524 2857 645 2889 stivagii,
663 2857 733 2888 1725,
748 2857 824 2890 epist.
842 2857 880 2887 10,
895 2866 919 2889 p.
937 2858 966 2882 14
981 2865 1018 2889 sq.
1036 2858 1075 2883 Cf.
1091 2858 1227 2890 epistolam
1242 2858 1281 2888 87,
1298 2866 1323 2891 p.
1339 2858 1379 2882 78.
1391 2858 1528 2883 Occasione
1543 2858 1637 2888 oblata,
1653 2858 1808 2891 adjiciemus
1823 2858 1985 2891 Philippum,
1997 2860 2138 2890 antequam
2152 2859 2220 2882 esset
2232 2857 2410 2882 Cancellarius

524 2902 691 2931 Parisiensis,
716 2902 798 2926 fuisse
821 2909 873 2926 una
896 2910 955 2926 cum
976 2903 1077 2934 Rogero
1093 2902 1124 2927 de
1142 2903 1271 2927 νει-1110113
1292 2903 1415 2927 canonico
1430 2903 1457 2927 S.
1473 2903 1612 2935 Gaugerici
1634 2903 1836 2934 Cameracensis,
1859 2902 2048 2927 cathedralium
2071 2902 2239 2927 ecclesiarum
2262 2902 2411 2935 provinciae

523 2947 661 2971 Remensis
675 2948 870 2979 procuratorem
886 2947 1030 2978 generalem
1051 2947 1077 2971 in
1097 2947 1216 2972 Romana
1227 2947 1309 2978 curia,
1326 2949 1358 2972 ut
1371 2949 1479 2980 apparet
1493 2955 1524 2972 ex
1538 2947 1659 2980 epistolis
1674 2948 1825 2972 memoratis
1838 2949 1865 2973 et
1881 2956 1912 2972 ex
1926 2948 2039 2979 Regesto
2054 2947 2139 2972 Vatic.
2155 2947 2264 2972 Honorii
2278 2947 2315 2971 111
2330 2954 2372 2971 an.
2387 2946 2408 2976 1,

523 2999 581 3024 epp.
597 2992 643 3016 444
662 2993 688 3016 et
704 2991 751 3015 445
768 2991 817 3021 (Cf.
832 2991 940 3022 Honor,
959 2991 975 3015 Ι.
993 2999 1026 3021 0,,
1042 3000 1067 3024 p.
1083 2992 1219 3024 418).1pse
1232 2992 1357 3017 remansit
1376 2992 1455 3016 etiam
1478 2992 1675 3017 archidiaconus
1693 2992 1874 3018 Noviomensis
1896 2992 1973 3017 simul
1993 3000 2022 3017 ac
2043 2991 2220 3017 cancellarius
2242 2991 2409 3016 parisiensis.

522 3037 603 3067 (Vide
617 3036 686 3061 infra
700 3036 734 3060 n¹¹
747 3036 779 3060 97
792 3038 819 3061 et
832 3036 882 3066 98).
