2618 3640
483 441 527 474 46
1065 452 1387 474 CHARTULARIUM
1422 452 1614 475 UNIVERS.
1650 453 1780 475 PARIS.

481 573 562 611 46,
592 581 755 618 Stephanus
791 582 979 608 Tornacensis
1007 581 1048 608 ad
1083 581 1263 608 Guillelmum
1291 583 1458 609 Remensem
1491 583 1740 620 archiepiscopum
1761 593 1815 620 pro
1842 583 1948 610 celebri
1976 585 2114 619 magistro
2133 585 2219 611 Petro
2246 586 2367 612 Cantor-o

571 631 735 658 Parisiensi
749 631 778 657 in
793 631 956 667 episcopum
975 632 1180 657 Tornacensem
1195 631 1293 658 electo.

1543 695 1691 726 1191-1192,
1707 695 1753 730 [ln
1766 698 1853 722 monte
1868 696 1891 723 δ’.
1908 697 2052 723 Genorefae
2053 696 2080 732 J.

574 782 776 816 Commune
813 782 993 827 refugium
1028 788 1155 827 patens
1190 781 1361 815 omnibus
1396 783 1637 816 mansuetudo
1671 790 1803 825 vestra,
1840 791 1954 829 pater,
1995 784 2047 818 sic
2082 785 2290 818 extenditur
2322 784 2368 818 ad

483 849 653 894 singulos
680 855 720 882 ut
746 848 894 894 colligat
919 849 1127 882 universos.
1156 849 1320 882 Veniunt
1346 848 1390 881 ab
1418 849 1559 883 oriente
1593 856 1628 883 et
1653 850 1842 884 occidente
1873 857 1909 884 et
1937 851 2156 885 recumbunt
2181 852 2219 884 in
2246 852 2366 885 sinum

482 926 657 961 vestrum,
686 932 752 953 nec
779 919 883 952 facilc
912 919 1026 953 semel
1053 919 1236 953 admissus
1264 920 1453 961 emittitur,
1481 920 1553 953 nisi
1580 921 1778 967 contigerit
1803 921 1847 954 ab
1875 934 1918 955 eo
1948 922 2136 965 committi,
2168 923 2267 968 quod
2293 935 2368 956 non

483 992 664 1019 mereatur
688 986 834 1019 remitti.
863 987 936 1018 Hec
965 992 1050 1019 sunt
1077 998 1147 1031 que
1174 986 1284 1019 michi
1311 986 1554 1032 pluribusque
1579 987 1660 1020 aliis
1685 987 1854 1021 fiduciam
1881 995 2055 1033 prestant,
2081 996 2122 1022 ut
2144 1001 2210 1035 pro
2235 989 2367 1023 devoto

482 1053 558 1086 filio
592 1060 714 1086 vestro
752 1053 925 1098 magistro
955 1054 992 1085 P.
1023 1059 1170 1086 cantore
1200 1053 1398 1086 Parisiensi
1429 1054 1607 1099 pandatur
1634 1054 1741 1088 nobis
1769 1055 1889 1088 aditus
1916 1055 2160 1101 supplicandi,
2190 1069 2236 1090 ne
2262 1056 2369 1091 vobis

482 1126 657 1166 provocet
685 1119 987 1165 indignationem,
1020 1120 1082 1164 qui
1112 1119 1182 1152 sibi
1213 1132 1287 1152 non
1316 1120 1468 1153 advocat
1496 1121 1724 1166 dignitatem,
1760 1133 1805 1154 ne
1835 1122 1894 1155 cui
1923 1122 2093 1156 meritum
2123 1123 2257 1157 sufficit
2284 1135 2371 1169 pro-

483 1186 614 1231 prium,
644 1186 775 1219 sactum
797 1186 929 1219 officiat
953 1186 1124 1219 alienum.
1151 1186 1217 1220 Vir
1243 1193 1299 1219 est
1323 1187 1429 1232 cujus
1454 1199 1520 1232 per
1545 1199 1673 1221 omnes
1700 1188 1875 1222 ecclesias
1896 1189 1988 1222 fame
2010 1189 2133 1223 suavis
2154 1190 2371 1224 diffunditur

482 1253 620 1298 opinio,
652 1253 713 1297 qui
742 1253 887 1298 gemina
916 1253 1068 1286 scientia
1095 1253 1345 1286 efficacissime
1373 1253 1516 1287 clarens
1542 1261 1579 1287 et
1605 1255 1807 1288 doctrinam
1834 1255 1983 1289 monitis
2011 1263 2116 1290 ornat
2142 1263 2178 1290 et
2204 1256 2369 1291 moribus

481 1319 724 1365 disciplinam.
747 1319 909 1365 :Origeni
937 1332 1058 1365 parem
1089 1320 1126 1352 in
1147 1320 1316 1365 eloquio*
1340 1321 1393 1354 sic
1415 1333 1497 1354 eum
1524 1321 1657 1355 docere
1678 1322 1862 1356 credimus
1889 1329 1927 1356 ut
1946 1323 2084 1366 vivere,
2113 1324 2166 1357 sic
2185 1324 2310 1358 vivere
2329 1330 2371 1358 ut

482 1387 628 1419 docere.
659 1386 766 1419 Tales
796 1387 834 1419 in
863 1386 1085 1420 candelabro
1114 1393 1238 1420 vestro
1269 1387 1452 1430 lucernas,
1483 1388 1574 1422 tales
1603 1389 1641 1421 in
1671 1389 1873 1422 diademate
1903 1389 2032 1435 capitis
2060 1390 2184 1423 Aaron
2213 1390 2369 1436 lapides,

482 1453 572 1487 tales
593 1454 631 1486 in
652 1460 774 1486 sancta
796 1454 967 1487 Remensi
989 1453 1144 1487 ecclesia
1165 1454 1417 1499 suffraganeos
1438 1466 1520 1488 esse
1543 1455 1660 1497 decet,
1682 1462 1722 1489 ut
1741 1456 1860 1489 vicine
1881 1457 2068 1502 provincie
2090 1464 2212 1490 sancta
2233 1457 2372 1491 emula-

482 1521 581 1554 tione
607 1527 821 1553 moveantur
847 1520 892 1553 ad
920 1521 1188 1565 promotionem
1217 1521 1476 1563 consimilium,
1506 1528 1542 1555 et
1569 1521 1779 1556 sollicitudo
1807 1522 1913 1556 vohis
1940 1523 2135 1557 commissa
2162 1524 2305 1558 facilius
2335 1530 2372 1558 et

482 1587 711 1632 frequentius
736 1588 885 1631 juvetur
915 1599 980 1632 per
1010 1587 1228 1632 religionem
1259 1594 1295 1620 et
1323 1588 1552 1633 prudentiam
1583 1589 1759 1634 ipsorum.
1793 1590 1829 1623 Si
1860 1590 1947 1635 quid
1981 1590 2102 1624 minus
2133 1591 2298 1624 ordinate
2332 1591 2372 1625 in

485 1653 664 1686 electione
695 1654 811 1699 ipsius
842 1666 860 1686 a
889 1654 1186 1687 Tornacensibus
1217 1654 1361 1688 clericis
1390 1655 1523 1688 factum
1554 1662 1622 1698 est,
1650 1668 1717 1689 nec
1744 1656 1907 1690 absentis
1934 1657 2177 1703 ignorantiam
2205 1664 2369 1704 tangere,

485 1732 552 1753 nec
582 1721 829 1753 innocentiam
854 1721 945 1765 justi
975 1721 1099 1754 ledere
1130 1721 1252 1763 debet,
1281 1734 1363 1754 cum
1393 1722 1577 1765 facillime,
1609 1723 1640 1756 si
1669 1723 1775 1757 vobis
1805 1723 1934 1769 placet,
1966 1724 2084 1769 possit
2111 1725 2310 1767 emendari,
2338 1725 2370 1759 si

485 1787 573 1832 quid
608 1799 797 1832 perperam
831 1788 961 1820 factum
996 1794 1063 1829 est,
1100 1788 1294 1821 commissa
1327 1788 1433 1822 vobis
1460 1801 1479 1822 a
1513 1790 1590 1822 Deo
1625 1796 1661 1823 et
1693 1797 1871 1836 potestate
1906 1791 2130 1836 corripiendi
2160 1803 2305 1825 errores
2335 1797 2372 1826 et

485 1854 637 1887 scientia
672 1854 894 1900 corrigendi.
929 1856 975 1887 Ut
1005 1855 1100 1887 enim
1131 1855 1228 1888 salva
1258 1856 1372 1900 gratia
1401 1863 1522 1889 vestra
1558 1857 1637 1890 sine
1667 1858 1870 1902 prejudicio
1900 1857 2045 1903 loquor,
2081 1865 2306 1892 concurrunt
2333 1858 2371 1892 in

486 1920 665 1954 electione
690 1921 751 1954 illa
777 1928 931 1966 quatuor
957 1933 1027 1966 que
1052 1934 1070 1954 a
1096 1923 1218 1955 Leone
1244 1922 1362 1967 primo
1385 1923 1479 1956 dicta
1500 1930 1586 1957 sunt
1607 1935 1613 1957 :
1636 1931 1718 1957 vota
1739 1924 1885 1966 civium,
1908 1925 2116 1958 testimonia
2136 1925 2370 1970 populorum,

486 1987 747 2020 honoratorum
769 1987 972 2029 arbitrium,
995 1988 1125 2021 electio
1146 1988 1377 2022 clericorum.
1401 1989 1479 2023 Hiis
1500 1990 1641 2023 accedit
1660 1990 1852 2037 integritas
1873 2003 2043 2036 persone,
2072 1991 2244 2037 hylaritas
2263 1992 2371 2035 fame,

487 2054 688 2087 necessitas
714 2054 822 2087 simul
848 2061 884 2087 et
903 2054 1039 2087 utilitas
1066 2055 1220 2088 ecclesie
1245 2055 1403 2089 viduate.
1433 2056 1504 2089 Sed
1525 2063 1561 2090 et
1580 2056 1648 2090 hoc
1668 2057 1880 2102 frequenter
1905 2064 1942 2091 et
1965 2057 2204 2103 solempniter
2224 2058 2370 2101 dicitur,

488 2121 572 2166 quia
607 2121 778 2154 dominus
813 2133 888 2162 rex,
925 2133 1032 2166 quem
1068 2123 1167 2155 Deus
1203 2129 1325 2156 servet
1359 2134 1398 2155 ac
1433 2122 1541 2156 nohis
1575 2124 1754 2166 restituat,
1786 2136 1980 2170 personam
2015 2125 2119 2158 istam
2158 2125 2372 2178 nominatim

488 2188 682 2233 expressit,
717 2188 929 2221 nominatim
963 2200 1028 2233 pro
1059 2200 1100 2221 ea
1131 2189 1285 2234 rogavit,
1316 2189 1528 2223 nominatim
1559 2190 1714 2224 ecclesie
1744 2192 1969 2225 Tornacensi
2003 2203 2154 2237 preesse
2187 2191 2305 2226 voluit
2337 2198 2374 2227 et

488 2254 656 2287 intendit.
681 2254 716 2287 Si
737 2254 842 2287 aliter
861 2261 978 2288 actum
1000 2255 1121 2296 suerit,
1144 2256 1344 2288 verendum
1371 2263 1427 2290 est
1451 2263 1487 2290 et
1510 2257 1603 2290 forte
1623 2269 1764 2300 verum,
1791 2270 1836 2291 ne
1862 2258 2151 2304 indignationem
2173 2265 2209 2292 et
2226 2259 2322 2292 iram⁴
2337 2265 2375 2293 et

489 2321 738 2354 immissiones
756 2333 821 2366 per
841 2321 994 2367 angelos
1016 2321 1130 2355 malos
1151 2323 1344 2368 concipiat,
1370 2329 1406 2356 et
1425 2323 1602 2357 adversus
1624 2336 1702 2364 eos,
1724 2325 1785 2370 qui
1807 2325 2074 2370 promotionem
2097 2332 2192 2359 tante
2213 2337 2373 2371 persone

489 2388 736 2433 impedierint,
767 2388 927 2434 regalem
958 2395 994 2422 et
1017 2389 1219 2434 juvenilem
1250 2390 1474 2423 iracundiam
1503 2391 1687 2425 accendat.
1720 2393 1761 2424 In
1790 2391 1861 2425 hiis
1891 2391 2075 2434 omnibus,
2107 2399 2209 2438 pater
2235 2399 2371 2435 sancte,

491 2454 679 2500 providete
700 2454 832 2488 honori
853 2461 989 2497 vestro,
1012 2455 1193 2489 consulite
1215 2468 1302 2489 sane
1319 2456 1504 2502 opinionis
1522 2464 1644 2491 vestre
1661 2459 1884 2501 testimonio,
1908 2459 2046 2493 deferte
2065 2459 2169 2505 regio
2190 2459 2372 2502 mandato,

493 2527 528 2554 et
557 2528 725 2567 correpto
757 2522 873 2567 prius,
904 2522 999 2555 sicut
1028 2522 1205 2565 decuerit,
1237 2535 1361 2557 errore
1392 2523 1620 2570 eligentium,
1652 2525 1862 2559 confirmata
1891 2526 2070 2560 electione
2104 2532 2255 2572 paterno
2290 2525 2374 2560 sinu

493 2587 668 2633 suscipite
689 2588 844 2621 electum
865 2595 901 2622 et
921 2589 1092 2622 dilectum
1114 2597 1289 2623 vestrum.

587 2685 713 2709 Biblioth.
728 2689 781 2709 nat.
798 2686 881 2710 Paris.
895 2695 944 2711 ms.
959 2688 1005 2711 lat.
1022 2688 1146 2717 2923,r01.
1164 2689 1217 2713 139.
1227 2703 1259 2707 -
1269 2689 1365 2721 Migne,
1377 2690 1487 2715 Patrol.
1502 2690 1561 2720 lat„
1577 2693 1639 2714 tom.
1652 2691 1736 2719 CCXI,
1749 2699 1789 2722 ep.
1803 2691 1856 2719 175,
1873 2699 1899 2722 p.
1910 2691 1965 2714 462.
1977 2704 2009 2708 —
2019 2690 2168 2722 Stephanus
2184 2690 2225 2714 die
2236 2690 2266 2714 12
2276 2690 2375 2723 Aprilis

494 2728 556 2753 enni
576 2729 636 2752 1192
656 2733 824 2754 consecratus
840 2734 880 2754 cst
894 2731 921 2754 in
940 2731 1095 2763 episcopum
1114 2733 1316 2757 Tornncensem.
1338 2735 1418 2758 Sedes
1434 2735 1608 2758 Tornacensis
1624 2735 1736 2759 vacabat
1754 2735 1788 2758 ab
1804 2736 1833 2758 28
1850 2734 1982 2767 Septemb.
1999 2735 2069 2764 1191,
2084 2734 2248 2767 proindeque
2263 2735 2376 2767 epistola

495 2773 595 2805 scripta
609 2777 650 2798 est
664 2783 706 2798 an.
723 2775 871 2799 1191-1192.
887 2775 951 2799 Vide
969 2776 1053 2805 Feret,
1069 2776 1215 2808 L’Abbaye
1232 2779 1266 2802 de
1281 2778 1545 2804 Sainte-Genevieve
1559 2780 1579 2808 1,
1596 2779 1650 2803 141.

591 2859 613 2882 1.
629 2858 659 2882 In
674 2867 723 2882 ms.
741 2862 767 2883 et
781 2858 807 2882 in
822 2859 880 2883 edd.
899 2868 911 2883 «
928 2860 1017 2892 aliquo
1034 2869 1056 2885 ».
