2580 3528
461 375 527 407 414
1043 386 1362 408 CHARTULAMUM
1397 386 1587 408 umvmts.
1624 386 1753 408 PAnls.
2239 376 2341 417 [1260

463 458 696 504 theologiam.
729 460 773 492 Et
802 466 841 492 ut
868 459 992 505 plures
1023 460 1166 505 possint
1193 460 1413 505 promoveri,
1443 460 1546 493 missi
1577 460 1738 493 Parisius
1767 472 1840 493 non
1868 466 2057 493 morentur
2083 459 2219 492 ibidem
2247 459 2340 493 ultra

462 525 663 567 biennium,
682 526 754 559 nisi
775 538 818 559 ex
838 538 944 559 causa
964 526 1126 572 legitima
1146 526 1250 559 aliter
1270 527 1512 560 ordinaretur.
1531 527 1743 560 Conventus
1762 533 1895 568 autem,
1913 539 1978 572 pro
1997 526 2132 571 quibus
2153 526 2341 560 mittentur

463 592 653 626 studentes
696 593 870 634 Parisius,
923 593 1040 626 statim
1085 593 1331 638 provisionem
1378 592 1535 625 debitam
1580 592 1724 626 solvant
1764 592 1848 634 sibi,
1899 605 1981 626 cum
2024 592 2191 626 mittendi
2233 599 2342 626 erunt

462 659 665 700 studentes,
688 666 879 704 antequam
901 659 969 692 iter
989 659 1173 704 arripiant,
1197 659 1359 704 alioquin
1380 659 1481 704 prior
1502 658 1736 704 provincialis
1758 658 1860 691 illum
1882 665 2041 701 revocet,
2063 666 2099 692 et
2122 659 2232 692 alium
2257 659 2340 693 loco

462 726 542 770 ejus
576 726 702 767 mittat,
735 726 792 759 cui
823 726 939 759 statim
974 726 1220 771 provideatur.
1252 727 1341 758 Item
1371 737 1452 758 cum
1483 725 1616 770 aliquis
1646 725 1799 758 studens
1829 725 1874 758 de
1903 726 2065 759 Parisius
2094 726 2205 759 suerit
2236 738 2341 760 revo-

461 793 611 833 candus,
649 793 685 824 in
720 792 929 837 precedenti
961 792 1173 837 provinciali
1209 791 1376 836 Capitulo
1412 791 1511 837 prior
1541 791 1776 836 provincialis
1805 803 1886 824 eum
1916 791 2071 825 consilio
2102 792 2339 826 diffinitorum

461 859 617 900 ordinet,
642 859 723 904 quis
743 859 779 891 in
801 859 1031 892 revocatione
1053 858 1202 891 alterius
1224 858 1396 891 mittatur.

555 948 617 970 Cod.
635 948 721 971 Tolos.
745 948 800 975 490,
827 948 870 970 sol.
893 948 947 971 294.
967 947 1037 971 Bibl.
1057 947 1193 974 Avenion.,
1215 955 1263 970 me.
1286 948 1340 976 229,
1357 947 1401 970 sol.
1423 947 1463 971 88.
1478 961 1509 964 —
1523 947 1561 970 Ex
1582 946 1696 978 epistola
1711 946 1849 970 Humberti
1865 947 1988 979 magistri
2012 947 2143 979 generalis
2158 948 2219 974 Ord.
2236 948 2341 976 Praed„

461 992 560 1022 scripta
576 995 692 1022 tempore
709 991 824 1023 Capituli
837 991 968 1022 generalis
985 992 1033 1014 hoc
1053 1000 1121 1014 anno
1139 991 1299 1022 Argentinae
1313 991 1438 1014 celebrati
1459 991 1603 1014 ediscimus
1618 999 1687 1015 anno
1701 992 1762 1014 1260
1777 991 1947 1023 septuaginta
1958 992 2092 1016 scholares
2103 992 2223 1016 habitum
2234 992 2343 1016 Ordinis

461 1036 570 1059 Parisiis
587 1036 742 1067 sumpsisse.
759 1037 806 1059 Ms.
822 1037 895 1060 Rom.
913 1036 996 1067 Capp.
1011 1036 1127 1067 general.
1144 1036 1208 1059 Ord.
1224 1036 1327 1064 Praed.¹
1345 1036 1390 1060 sol.
1406 1037 1445 1060 30.
1461 1036 1533 1059 Idem
1548 1036 1635 1059 evenit
1649 1044 1692 1061 un.
1707 1036 1776 1059 1262.
1789 1036 1829 1060 Cf.
1844 1036 1908 1060 ibid.
1925 1036 1970 1060 sol.
1987 1036 2043 1061 35¹².

460 1190 573 1226 366.
597 1198 764 1224 ΑΙε.ταιιάει·
779 1200 823 1225 IV
832 1198 994 1233 Reginaldo
1020 1199 1153 1234 episcopo
1178 1199 1273 1225 Paris.
1302 1199 1433 1225 concedit
1452 1198 1626 1234 facultatem
1649 1199 1818 1226 absolvendi
1838 1208 1857 1225 α
1877 1200 2022 1226 sententia
2037 1199 2342 1230 excommunicationis

549 1248 615 1274 illos
631 1248 758 1282 clericos,
777 1248 827 1283 qui
841 1247 930 1274 libros
945 1250 1074 1282 famosos
1093 1247 1237 1274 Guillelmi
1252 1247 1288 1274 de
1305 1250 1331 1274 S.
1350 1249 1452 1274 Amore
1468 1252 1495 1274 et
1510 1248 1634 1274 aliorum
1650 1248 1844 1275 detinuerant.

1628 1338 1706 1368 7260,
1722 1337 1870 1364 Decembris
1885 1338 1910 1368 3,
1927 1338 2053 1364 Laterani.

549 1412 756 1457 Alexander
790 1412 988 1457 episcopus
1025 1423 1154 1445 servus
1190 1424 1381 1445 servorum
1415 1412 1482 1445 Dei
1516 1411 1717 1446 venerabili
1748 1413 1849 1446 fratri
1881 1439 1902 1445 ..
1936 1413 2110 1458 episcopo
2142 1412 2343 1447 Parisiensi

461 1480 613 1513 salutem
653 1486 688 1512 et
721 1479 956 1524 apostolicam
992 1478 1299 1512 benedictionem.
1336 1480 1411 1512 Tua
1446 1478 1554 1512 nobis
1587 1479 1793 1512 fraternitas
1827 1479 2007 1513 intimavit
2039 1479 2138 1524 quod
2172 1479 2342 1514 nonnulli

460 1546 583 1579 clerici
606 1553 665 1579 tue
686 1546 841 1579 civitatis
863 1552 898 1578 et
918 1545 1077 1579 diocesis
1099 1546 1333 1578 incurrerunt
1355 1546 1742 1579 excommunicationis
1765 1546 1981 1580 sententiam
2002 1545 2108 1579 latam
2128 1546 2342 1580 auctoritate

462 1620 585 1646 nostra
615 1613 651 1645 in
679 1624 806 1645 omnes
836 1612 933 1654 illos,
965 1612 1027 1657 qui
1057 1612 1204 1645 libellos
1236 1613 1396 1646 famosos
1427 1619 1551 1646 contra
1582 1613 1853 1646 Predicatorum
1884 1619 1919 1646 et
1948 1613 2131 1646 Minorum
2162 1612 2341 1646 Ordinum

460 1680 590 1713 fratres
621 1692 639 1712 a
670 1679 843 1725 magistro
872 1679 1076 1713 Guillermo
1105 1679 1149 1712 de
1178 1679 1308 1712 Sancto
1336 1679 1469 1712 Amore
1498 1691 1564 1712 seu
1592 1679 1673 1712 aliis
1701 1679 1821 1713 editos
1847 1679 2054 1725 publicare¹
2087 1686 2343 1725 presumerent

462 1758 527 1779 seu
549 1747 653 1779 etiam
676 1746 846 1779 retinere.
869 1747 988 1789 Quare
1010 1745 1118 1778 nobis
1138 1745 1325 1779 humiliter
1345 1745 1560 1791 supplicasti
1581 1752 1621 1779 ut
1639 1758 1720 1779 cum
1742 1746 1936 1779 multitudo
1962 1746 2010 1780 sit
2029 1746 2067 1779 in
2088 1758 2208 1788 causa,
2230 1749 2344 1792 super

461 1813 530 1846 hoc
567 1825 692 1846 eorum
724 1813 831 1846 saluti
866 1813 1060 1858 providere
1096 1813 1383 1846 misericorditer
1417 1825 1641 1846 curaremus.
1678 1814 1731 1846 De
1763 1819 1823 1846 tua
1857 1813 1978 1858 itaque
2013 1813 2342 1858 circumspectione

462 1879 590 1913 confisi
621 1880 846 1925 presentimn
876 1879 942 1912 tibi
971 1879 1183 1912 auctoritate
1209 1879 1446 1913 concedimus
1476 1886 1527 1921 ut,
1559 1879 1603 1912 ab
1634 1879 1772 1913 eisdem
1798 1879 2119 1912 excommunicatis
2147 1879 2343 1918 sufficienti

462 1947 629 1979 cautione
658 1946 819 1991 prestita,
843 1946 940 1991 quod
968 1945 1115 1979 libellos
1141 1945 1366 1991 hujusmodi,
1389 1958 1481 1991 quos
1507 1946 1673 1979 comburi
1699 1945 1823 1988 facias,
1849 1946 2020 1980 decetero
2048 1958 2121 1979 non
2150 1945 2342 1987 tenebunt,

463 2013 564 2057 ipsos
594 2013 637 2045 ab
668 2013 878 2057 hujusmodi
908 2012 1087 2045 sententia
1118 2012 1286 2045 absolvas
1317 2012 1382 2045 hac
1412 2013 1491 2046 vice
1516 2014 1617 2057 juxta
1647 2013 1797 2045 sormam
1829 2012 1984 2045 ecclesie
2017 2012 2096 2046 vice
2131 2018 2269 2054 nostra,
2301 2024 2343 2046 ac

462 2080 599 2112 faciens
634 2092 697 2112 eos
731 2079 775 2112 ab
810 2080 1023 2112 executione
1060 2091 1209 2112 suorum
1245 2079 1414 2112 ordinum
1450 2091 1567 2124 usque
1601 2079 1646 2112 ad
1680 2085 1818 2112 certum
1853 2086 1997 2124 tempus
2029 2085 2137 2124 prout
2170 2078 2344 2124 expedire

462 2147 613 2187 videris,
635 2159 780 2179 manere
802 2158 1017 2191 suspensos,
1042 2146 1186 2179 tandem
1207 2158 1287 2178 cum
1310 2146 1400 2191 ipsis
1422 2157 1533 2191 super
1553 2145 1835 2191 irregularitate,
1858 2146 1889 2179 si
1910 2158 2016 2190 quam
2038 2145 2159 2178 medio
2179 2152 2344 2191 tempore

464 2213 683 2246 celebrando
709 2213 830 2246 divina
856 2213 971 2246 officia
996 2225 1061 2246 seu
1087 2213 1326 2245 immiscendo
1348 2224 1388 2245 se
1413 2212 1486 2246 illis
1512 2213 1770 2254 contraxerint,
1793 2213 2008 2258 dispensare
2035 2223 2211 2258 procures
2236 2218 2346 2258 prout

466 2280 665 2312 secundum
694 2281 806 2312 Deum
833 2280 1031 2312 animarum
1054 2291 1199 2312 suarum
1223 2279 1330 2312 saluti
1352 2279 1489 2312 videris
1511 2279 1695 2325 expedire.
1719 2280 1797 2312 Dat.
1821 2279 1986 2312 Laterani
2014 2279 2051 2324 iij
2078 2291 2164 2312 non.
2192 2280 2345 2312 Decem—

468 2346 555 2388 bris,
579 2346 809 2391 pontificatus
831 2347 946 2379 nostri
967 2358 1062 2379 anno
1084 2352 1198 2379 sexto.

559 2436 756 2460 Firmamenta
773 2436 861 2460 trium
877 2437 937 2460 ord.
954 2436 982 2460 S.
1000 2435 1150 2460 Francisci
1167 2435 1295 2465 (Parisiis,
1317 2435 1397 2465 1512),
1418 2439 1493 2467 parte
1514 2436 1536 2464 2,
1553 2439 1585 2459 tr.
1608 2436 1630 2463 1,
1648 2436 1691 2459 tol.
1710 2435 1803 2459 wiv.
1819 2449 1850 2453 —
1869 2435 2008 2467 Wadding,
2032 2437 2109 2460 Arm.
2130 2435 2212 2463 Min„
2229 2435 2271 2463 lv,
2288 2434 2343 2458 127.

467 2481 590 2510 Bulaeus,
607 2481 652 2508 ΙΙΙ,
666 2481 719 2503 361.

560 2547 582 2569 1.
599 2546 662 2569 Vide
678 2547 746 2569 infra
762 2551 799 2569 n⁰⁸
813 2548 867 2574 367,
882 2548 935 2574 368,
953 2550 1038 2570 notas.

469 2645 580 2682 367,
605 2655 743 2689 Magister·
765 2656 792 2681 G.
817 2659 883 2680 actu
904 2664 1003 2690 regens
1023 2655 1148 2681 Parisiis
1169 2656 1197 2681 in
1218 2655 1362 2690 theologia
1383 2657 1551 2691 magistrum
1575 2657 1602 2682 T.
1626 2655 1761 2691 objurgat
1780 2655 1856 2691 quod
1877 2655 1935 2681 sibi
1956 2654 1991 2681 de
2010 2654 2072 2680 suis
2092 2654 2165 2680 nihil
2183 2654 2342 2680 retinuerit.

558 2703 639 2729 Dolet
654 2712 684 2729 sc
700 2703 825 2729 libellum
843 2704 949 2730 editum
965 2708 1065 2730 contra
1082 2708 1236 2730 tractatum
1255 2704 1399 2730 Guillelmi
1414 2704 1449 2731 de
1466 2706 1493 2731 S.
1511 2706 1614 2731 Amore
1629 2704 1736 2730 habere
1751 2712 1806 2730 non
1817 2704 1958 2740 potuisse.

1670 2793 1743 2819 cit-ca
1757 2801 1795 2819 an.
1812 2793 1891 2823 1260,
1906 2792 1925 2827 [
1926 2792 2032 2819 Par-lelio
2032 2792 2058 2827 J.

561 2866 734 2911 Magister
757 2867 823 2899 G.¹
851 2867 895 2899 de
922 2874 945 2899 t.
968 2867 991 2900 l.
1015 2867 1293 2901 archidiaconus
1315 2868 1359 2901 de
1380 2875 1403 2901 t.
1426 2868 1450 2901 l.
1473 2867 1635 2901 Parisius
1661 2879 1794 2913 regens
1815 2867 1853 2900 in
1873 2866 2057 2912 theologia
2082 2866 2283 2912 predilecto
2311 2872 2347 2899 et

472 2932 570 2965 fideli
596 2933 710 2967 amico
736 2945 803 2966 suo
825 2933 999 2978 magistro
1020 2935 1060 2966 T.
1084 2934 1128 2966 de
1149 2941 1172 2967 t.
1196 2934 1219 2967 1.
1243 2941 1341 2980 optat
1361 2934 1526 2976 salutem,
1549 2941 1586 2968 et
1605 2934 1779 2979 quicquid
1800 2933 1985 2967 salubrius
2010 2939 2066 2967 est
2090 2933 2286 2978 optandum
2307 2932 2346 2965 in

2575 2797 2580 2832 ι

2574 2832 2580 2876 ÷

2575 2878 2580 2935 Ξ
