2580 3528
483 418 549 451 618
1066 426 1387 449 011ΑιιτυῙ,ΑῐιιυΜ
1422 424 1612 447 UNlVERS.
1649 423 1780 445 rmus.
2260 415 2359 456 [1284

485 502 788 547 quandocumque
818 501 995 547 placuerit
1022 501 1160 541 eidem;
1197 512 1268 545 quo
1302 501 1408 540 sacto,
1444 499 1475 531 si
1509 504 1658 543 propter
1687 497 1927 530 intentionem
1954 497 2134 531 facultatis
2166 497 2357 532 obscuram

485 569 609 602 credat
644 568 742 614 quod
769 569 846 613 ipsa
883 568 1069 609 erraverit,
1103 567 1340 600 intentionem
1370 577 1474 610 quam
1502 564 1628 597 habuit
1659 564 1696 596 in
1729 563 1791 597 illa
1825 565 2016 598 statuendo
2053 577 2290 610 exponemus,
2327 565 2359 599 si

485 636 529 668 ad
563 635 632 668 hoc
664 635 773 668 fuerit
806 641 926 668 vestre
956 634 1160 667 Sanctitatis
1195 633 1352 673 libitum,
1381 638 1464 677 post
1491 631 1558 663 hec
1589 630 1709 663 onmia
1734 631 1953 676 corrigenda
1978 638 2014 665 et
2037 644 2111 665 non
2140 632 2357 678 corrigenda

485 709 607 736 vestro
628 702 778 735 arbitrio
799 701 1053 746 supponendo.

574 770 642 801 Per
666 768 733 801 hec
759 768 877 801 soluta
902 774 987 800 sunt
1012 779 1052 800 ac
1079 766 1183 799 etiam
1215 772 1383 798 enervata
1410 777 1449 797 ea
1476 776 1558 810 que,
1584 776 1649 809 per
1673 764 1928 798 cancellarium
1954 765 2197 799 Parisiensem
2225 778 2359 812 propo-

485 836 565 878 sita,
587 835 791 868 artistarum
812 834 1015 867 facultatem
1038 833 1161 865 ledere
1182 831 1411 866 videbantur.

573 968 671 1000 Sicut
691 974 804 1000 mater
824 967 897 999 filie
923 967 1005 1010 jure
1033 965 1186 998 naturali
1207 971 1350 998 tenetur
1370 965 1408 997 in
1429 977 1505 998 eam
1527 965 1737 1020 nutriendo,
1755 965 1807 998 sic
1827 964 1899 998 filia
1921 965 2024 999 matri
2044 965 2082 998 in
2102 966 2182 1011 ejus
2203 965 2359 999 exhono-

485 1034 642 1067 rationes
670 1033 895 1078 extirpando,
919 1033 1088 1078 quoniam
1116 1032 1147 1065 si
1172 1032 1411 1065 infortunium
1438 1031 1543 1064 amici
1569 1031 1702 1065 mortui
1727 1031 1908 1065 redundat
1933 1032 1971 1065 in
1995 1032 2131 1075 vivum,
2157 1033 2256 1078 quod
2281 1032 2360 1066 vult

485 1100 725 1145 philosophus
746 1100 840 1132 libro
861 1100 1089 1140 Ethicorum,
1114 1098 1328 1131 rationabile
1350 1105 1406 1132 est
1426 1105 1466 1131 ut
1485 1098 1722 1131 exhonoratio
1744 1099 1857 1144 patris
1878 1110 1944 1132 seu
1970 1099 2095 1132 matris
2120 1099 2302 1133 redundet
2321 1099 2358 1133 in

482 1167 589 1200 filiam
618 1179 682 1199 seu
713 1166 845 1203 filium:
875 1173 908 1199 et
938 1166 1109 1211 quoniam
1143 1165 1294 1198 facultas
1322 1165 1527 1198 artistarum
1557 1165 1718 1198 Parisius
1747 1165 2005 1199 Universitatis
2031 1166 2289 1212 magistrorum
2323 1173 2360 1200 et

482 1233 673 1266 scolarium
702 1233 865 1277 ejusdem
892 1232 963 1265 loci
989 1239 1045 1265 est
1064 1232 1149 1273 filia,
1172 1231 1387 1265 rationabile
1414 1239 1482 1274 est,
1503 1238 1543 1265 ut
1567 1232 1719 1266 rationis
1744 1244 1841 1265 arma
1867 1239 1902 1265 et
1926 1239 2069 1266 scutum
2096 1233 2357 1278 apprehendat,

482 1300 714 1345 exsurgendo
736 1299 806 1332 sibi
827 1300 865 1332 in
886 1299 1105 1344 adjutorium
1127 1305 1252 1332 contra
1273 1299 1518 1332 Parisiensem
1539 1299 1808 1341 cancellarium,
1833 1301 1938 1332 ea1n²⁴
1959 1299 2054 1333 sieut
2078 1306 2228 1333 matrem
2255 1312 2356 1334 suam

481 1366 727 1400 dulcissimam
759 1373 1049 1412 oppugnantem3
1082 1373 1118 1399 et
1151 1378 1219 1411 ego
1256 1365 1453 1399 clientulus
1487 1365 1574 1407 filie,
1607 1366 1651 1399 ad
1680 1366 1858 1399 honorem
1890 1367 1982 1411 ejus,
2014 1379 2079 1412 per
2113 1367 2260 1400 modum
2295 1367 2358 1413 qui

484 1433 661 1478 sequitur,
685 1433 935 1465 defensionem
957 1433 1081 1465 matris
1102 1432 1311 1478 aggredior.

569 1500 659 1533 Cum
686 1500 802 1545 primo
829 1499 923 1532 dicat
949 1499 1187 1532 cancellarius
1218 1499 1373 1532 ecclesie
1394 1499 1612 1532 I'arisiensis
1639 1511 1678 1532 se
1704 1499 1748 1533 ab
1774 1500 2018 1534 Universitate
2044 1501 2186 1546 gravari
2211 1501 2248 1533 in
2273 1500 2355 1543 hoc,

482 1566 578 1611 quod
598 1566 683 1599 facit
702 1566 820 1611 ipsum
843 1566 943 1599 citari
964 1578 1028 1611 per
1048 1566 1227 1607 bedellos,
1247 1566 1450 1600 servientes
1473 1578 1573 1608 suos⁷
1592 1566 1636 1599 ad
1656 1567 1983 1612 eongregaciones,
2003 1566 2071 1600 suh
2092 1579 2184 1612 pena
2206 1579 2358 1613 suspen-

482 1633 597 1665 sionis
624 1633 820 1666 lectionum
849 1645 1008 1674 suarum,
1037 1633 1191 1666 dicimus
1220 1633 1317 1678 quod
1348 1633 1576 1667 Universitas
1607 1633 1826 1667 Parisiensis
1855 1634 1941 1667 facit
1969 1634 2071 1667 citari
2101 1633 2358 1668 cancellarium

481 1699 735 1740 Parisiensem⁷
765 1712 837 1732 non
864 1706 902 1732 ut
926 1699 1193 1741 cancellarium,
1217 1700 1282 1733 sed
1309 1706 1347 1732 ut
1367 1712 1478 1733 unum
1506 1700 1551 1733 de
1577 1700 1762 1745 magistris
1790 1700 2006 1746 regentibus
2033 1701 2070 1733 in
2097 1700 2354 1735 Universitate.

481 1768 553 1799 Nec
579 1767 615 1798 in
641 1766 708 1799 hoc
735 1766 843 1799 debet
863 1766 1101 1799 cancellarius
1123 1779 1161 1799 se
1184 1774 1351 1812 reputare
1373 1774 1571 1812 gravatum,
1600 1779 1680 1800 cuin
1701 1767 1739 1800 in
1759 1767 1873 1800 altero
1899 1767 2176 1813 privilegiorum
2202 1767 2357 1802 Univer-

480 1833 596 1865 sitatis
617 1833 668 1866 sic
690 1832 825 1865 scribat
845 1833 1015 1865 dominus
1037 1845 1126 1878 papa
1147 1834 1332 1878 magistris
1350 1834 1635 1867 Universitatis²⁵
1654 1845 1660 1866 :
1681 1848 1697 1866 «
1716 1834 1930 1867 Mandamus
1945 1833 2051 1868 vobis
2068 1834 2238 1879 quatinus
2259 1834 2356 1868 citati

480 1895 523 1927 ad
550 1895 862 1940 eongregaciones
884 1895 1087 1940 generales,
1111 1895 1290 1929 intersitis
1311 1896 1464 1937 eisdem,
1488 1896 1725 1930 Universitati
1746 1896 1940 1929 consilium
1962 1903 1997 1929 et
2017 1895 2190 1929 auxilium
2217 1897 2357 1942 impen-

481 1962 568 1994 suri.
598 1975 614 1992 »
646 1962 735 1995 Cum
767 1962 861 1994 dicat
890 1962 984 1994 idem
1018 1962 1256 1995 cancellarius
1287 1963 1324 1995 in
1357 1963 1495 1995 ratione
1522 1975 1587 2008 per
1611 1975 1718 2007 quam
1743 1963 1870 1996 nititur
1895 1962 2079 1996 declarare
2103 1974 2142 1996 se
2169 1969 2355 2008 gravatum

481 2040 574 2069 esse,
599 2029 695 2073 quod
722 2029 800 2073 ipse
828 2035 998 2073 tanquam
1023 2029 1262 2062 cancellarius
1291 2035 1347 2062 est
1372 2029 1489 2074 capud
1510 2029 1780 2071 Universitatis,
1804 2041 1874 2063 una
1902 2030 2097 2075 negatione
2123 2029 2215 2062 illud
2239 2029 2356 2075 capud

482 2094 715 2136 destruendo,
740 2095 895 2128 dicimus
917 2095 1014 2140 quod
1035 2095 1114 2140 ipse
1135 2107 1208 2128 non
1229 2102 1286 2128 est
1305 2095 1421 2140 capud
1443 2095 1712 2137 Universitatis,
1732 2096 1915 2140 quoniam,
1935 2096 2030 2129 sicut
2049 2096 2279 2129 manifestum
2301 2102 2357 2129 est

482 2161 650 2194 omnibus
676 2162 737 2206 qui
763 2168 892 2194 statum
925 2161 1180 2195 L'niversitatis
1211 2168 1403 2203 noverunt,
1436 2162 1664 2195 Universitas
1689 2161 1799 2195 habet
1825 2162 1923 2195 aliud
1950 2162 2067 2208 capud
2093 2175 2112 2196 a
2139 2162 2356 2197 cancellario

482 2228 697 2261 Parisicnsis
736 2228 910 2270 ecclesie;
950 2235 985 2261 et
1026 2228 1122 2269 ideo,
1160 2228 1191 2261 si
1225 2228 1464 2261 cancellarius
1499 2229 1686 2274 predictus
1720 2229 1832 2262 vellet
1864 2241 1903 2262 se
1934 2229 2029 2262 sieut
2061 2229 2178 2275 capud
2211 2229 2356 2275 corpori

483 2294 751 2336 Universitatis,
773 2295 872 2340 quod
893 2294 1016 2327 nobile
1038 2301 1104 2334 est,
1127 2307 1208 2327 eum
1229 2307 1316 2328 vero
1339 2295 1595 2328 Universitatis
1617 2295 1732 2341 eapite
1754 2295 1916 2341 alligare,
1941 2296 2196 2341 deturparetur
2222 2307 2356 2342 corpus

482 2361 747 2403 Universitatis,
777 2374 856 2394 nam
888 2374 953 2406 per
982 2361 1050 2394 hoc
1080 2362 1307 2395 Universitas
1337 2362 1374 2394 in
1404 2362 1553 2395 formam
1584 2363 1739 2396 monstri
1775 2362 1937 2408 bicipitis
1971 2363 2221 2408 redigeretur3
2258 2362 2356 2408 quod

483 2434 555 2455 non
585 2424 827 2457 sustineretur
855 2424 898 2456 ab
932 2424 1185 2457 Universitate.
1214 2425 1315 2465 Item,
1345 2425 1375 2457 si
1397 2424 1635 2458 cancellarius
1656 2425 1767 2458 vellet
1787 2437 1869 2458 esse
1890 2437 1971 2458 cum
1991 2437 2078 2458 vero
2100 2425 2356 2459 Universitatis

483 2489 596 2533 capite
619 2489 734 2522 adhuc
751 2491 879 2535 capud,
900 2492 972 2535 jam
989 2490 1100 2524 vellet
1122 2503 1186 2535 per
1208 2490 1289 2532 hoc,
1315 2497 1354 2523 ut
1375 2491 1531 2532 videtur,
1559 2491 1838 2525 Universitatem
1867 2492 1945 2537 regi
1968 2504 2033 2537 per
2059 2491 2130 2524 duo
2154 2491 2287 2537 capita;
2312 2491 2357 2524 ad

484 2555 579 2599 quod
603 2563 829 2600 sequeretur,
858 2557 954 2601 quod
981 2557 1220 2598 Universitas‚
1250 2564 1284 2590 et
1310 2569 1374 2602 per
1404 2570 1498 2596 eum,
1527 2558 1563 2590 in
1592 2570 1769 2603 processu
1793 2558 1968 2603 temporis
1997 2558 2151 2603 periret;
2186 2557 2355 2603 quoniam

485 2621 571 2653 dicit
609 2621 848 2667 philosophus
880 2624 977 2668 quod
1011 2624 1106 2668 perit
1136 2624 1262 2657 civitas
1295 2636 1364 2669 que
1405 2624 1500 2669 pluri
1538 2637 1609 2658 uno
1640 2625 1780 2670 regitur
1812 2625 1940 2670 capite.
1973 2626 2074 2666 Item,
2114 2624 2355 2664 Universitas,

485 2687 579 2719 sicut
609 2687 686 2732 ipsa
716 2694 788 2721 tota
820 2689 1024 2731 confitetur,
1056 2690 1157 2723 nullo
1192 2691 1313 2723 medio
1348 2691 1507 2736 pertinet
1542 2691 1585 2724 ad
1623 2692 1817 2724 Romanam
1856 2691 2066 2732 eeclesiam3
2109 2702 2176 2735 pro
2207 2697 2354 2735 quanto,

486 2759 584 2798 pater
616 2760 751 2792 sancte,
778 2755 993 2788 Parisiensis
1027 2757 1254 2790 Universitas
1289 2769 1363 2790 non
1395 2757 1510 2790 credit
1546 2769 1611 2790 nec
1647 2757 1840 2791 confitetur
1875 2759 2014 2802 supra²⁶
2038 2769 2144 2790 suum
2177 2763 2355 2790 rectorem

484 2819 616 2852 habere
640 2820 756 2865 capud
779 2821 875 2853 aliud
899 2834 916 2853 a
939 2829 1058 2855 vestra
1083 2823 1293 2865 Sanctitate3
1324 2823 1368 2857 ad
1393 2824 1491 2868 quod
1515 2824 1681 2869 sequitur
1701 2823 1799 2869 quod
1820 2823 2058 2857 cancellarius
2078 2823 2115 2855 in
2138 2823 2293 2856 dicendo
2317 2835 2355 2856 se

487 2886 738 2919 Universitatis
782 2887 898 2932 capud
936 2900 1030 2930 esse,
1069 2888 1213 2922 locutus
1253 2897 1308 2923 est
1346 2897 1471 2923 contra
1509 2897 1663 2924 vestram
1703 2890 1933 2924 Sanctitatem
1973 2890 2134 2935 capitose
2173 2895 2209 2922 et
2245 2890 2353 2923 fatue.

483 2953 671 2997 Nunquam
702 2959 821 2986 tamen
852 2960 985 2986 tantum
1017 2954 1166 2987 verbum
1200 2968 1265 2989 nec
1296 2957 1343 2989 ita
1372 2956 1502 2990 elatum
1531 2957 1687 2990 fuissent
1716 2957 1794 2989 ausi
1824 2956 1881 2990 sui
1910 2963 2176 2998 antecessores,
2201 2968 2367 3001 quorunr

605 3011 642 3034 78.

2574 2113 2580 2183 ἒ

2572 2236 2580 2330 5

2577 2417 2580 2446 ξ
