2580 3528
516 408 580 442 542
1099 419 1421 442 CHARTULARIUM
1455 419 1645 441 umvnns.
1682 418 1810 441 PARIS.
2291 410 2390 451 [1277

516 501 593 525 quem
615 493 764 516 Salimbene
786 493 812 516 in
835 502 882 517 suo
906 494 1010 518 Chron.
1033 494 1082 523 (ed.
1104 494 1201 522 Parm.,
1224 503 1251 525 p.
1275 494 1328 524 133)
1350 502 1476 525 magnum
1499 493 1655 524 sophistam,
1678 492 1803 524 logicum,
1828 493 2021 525 disputatorem
2044 496 2070 518 et
2089 494 2243 526 theologum
2263 494 2390 519 nominat.

515 538 612 561 Auctor
631 546 688 561 esse
709 537 806 561 dicitur
826 538 1049 562 summularum
1065 538 1237 569 loyicalium,
1254 538 1317 561 olim
1332 538 1359 561 in
1375 538 1473 561 scholis
1488 537 1677 561 adhibiturum.
1693 538 1722 562 In
1737 537 1819 561 veteri
1833 538 1954 570 catalogo
1969 538 2129 570 scriptorum
2142 538 2205 563 ord.
2221 539 2315 563 praed.
2331 542 2392 564 ante

515 590 558 605 an.
575 582 635 605 1323
655 581 801 613 composito
820 583 851 605 fr.
867 582 942 605 Petro
958 582 1085 614 Alphonsi
1102 583 1229 614 Hispano,
1246 582 1309 606 ord.
1326 582 1429 610 Praed.,
1446 581 1617 605 ascribuntur
1632 581 1701 613 (vide
1719 582 1825 607 Archiv
1843 584 1864 613 f.
1881 582 2055 608 Litteralur-
2069 590 2098 608 u.
2114 583 2330 615 Kirchmqesch.
2343 584 2392 609 des

516 626 660 651 Mittelalt.
678 627 711 656 ΙΙ,
733 627 787 655 233,
803 631 833 649 n⁰
850 628 899 656 63),
916 627 985 658 quod
1000 630 1088 650 tamen
1103 627 1208 650 admitti
1222 627 1321 658 nequit,
1341 635 1400 650 cum
1422 626 1449 649 in
1464 635 1527 650 mse.
1546 626 1662 658 antiquis
1678 629 1770 650 auctor
1784 635 1919 659 nunquam
1935 635 1946 651 «
1961 629 1994 651 fr.
2010 627 2074 652 Ord.
2090 628 2183 652 Praed.
2199 636 2212 651 a
2231 628 2390 653 nominetur.

516 670 559 694 Sic
574 679 598 694 v.
615 679 640 702 g.
657 670 683 694 in
699 671 787 694 codice
801 679 883 702 paene
898 679 994 695 coaevo
1009 671 1077 695 Bibl.
1093 671 1178 703 Capit.
1195 671 1373 695 Cordubensis
1389 675 1417 694 11⁰
1432 671 1478 694 318
1499 671 1612 694 habetur
1626 671 1653 694 in
1669 671 1720 695 fine
1735 679 1740 694 :
1759 679 1771 695 ι(
1786 671 1938 703 Expliciunt
1950 671 2211 704 Sincategoreumata
2229 681 2300 705 mag.
2320 673 2391 697 Petri

516 715 635 746 Hispani.
653 723 665 738 n

610 800 632 822 1.
651 799 714 822 Vide
727 803 756 822 n0
768 800 822 835 473.
839 813 870 817 —
885 800 907 823 2.
924 799 1046 828 Bulaeus,
1066 800 1083 823 l.
1100 808 1132 828 c.,
1148 799 1314 831 D'Argentre,
1333 799 1399 824 Coll.
1415 801 1491 830 Jud„
1512 800 1532 828 1,
1550 800 1605 830 175,
1621 800 1759 829 Jourduin,
1780 804 1809 823 n⁰
1831 801 1886 830 249,
1911 809 2052 833 perperam
2068 809 2079 825 c«
2095 810 2112 825 v
2127 802 2179 825 kal.
2196 801 2271 825 Febr.
2289 810 2312 830 υ,
2333 801 2350 826 ἰ.
2366 809 2389 826 e.

515 843 545 866 28
558 843 686 867 Januarii.

514 979 627 1016 472,
654 988 804 1014 Ordinatio
823 988 976 1022 facultatis
996 991 1178 1015 Dect-etatum
1199 993 1299 1015 contra
1315 990 1483 1024 magistram
1499 989 1724 1025 Emmanuelem,
1748 989 1985 1017 archidiaconum
2008 992 2228 1027 Cremonensem,
2243 992 2390 1028 per-jurum

604 1040 630 1063 et
645 1041 847 1063 COlllllnlacenl.

1662 1085 1738 1115 1277,
1754 1084 1887 1111 Februarit'
1900 1085 1938 1115 18.
1953 1084 1972 1120 [
1972 1085 2079 1112 Parisiis
2079 1085 2105 1120 J.

603 1156 709 1188 Anno
732 1156 877 1189 Domini
898 1157 1221 1198 M⁰CC⁰LXX⁰V1⁰‚
1248 1157 1307 1190 die
1330 1158 1428 1202 jovis
1449 1164 1532 1203 post
1554 1158 1763 1192 brandones
1783 1159 1852 1192 fuit
1871 1159 2059 1193 recitatum
2080 1160 2175 1193 inter
2195 1160 2390 1206 magistros

515 1222 743 1255 decretorum
775 1223 870 1268 apud
898 1224 1066 1257 Sanctum
1087 1224 1283 1266 Julianum,
1307 1225 1418 1258 missa
1447 1225 1600 1271 expleta,
1624 1225 1779 1271 qualiter
1805 1226 1980 1272 magister
2009 1227 2185 1260 Emanuel
2213 1226 2391 1261 archidia-

514 1301 629 1322 conus
651 1290 926 1330 Cremonensis.
950 1297 987 1323 ut
1011 1291 1110 1332 dicit,
1133 1291 1273 1337 legerat
1293 1291 1330 1324 in
1358 1303 1425 1325 suo
1447 1292 1594 1325 nomine
1620 1293 1657 1325 in
1682 1293 1794 1326 scolis
1815 1293 1980 1339 magistri
2005 1294 2049 1327 G.
2077 1294 2122 1327 de
2148 1294 2287 1336 Cutri',
2317 1306 2389 1340 quo

516 1362 678 1400 pretextu
701 1356 770 1389 sibi
792 1357 909 1390 fuerat
928 1357 1131 1402 injunctum
1154 1358 1293 1403 pluries
1314 1365 1353 1391 ut
1373 1358 1534 1392 solveret
1558 1359 1787 1393 medietatem
1814 1360 2005 1405 pensionis
2027 1360 2220 1403 scolarum,
2250 1361 2391 1395 scilicet

514 1434 578 1455 sex
602 1422 726 1464 libras,
755 1430 815 1456 aut
842 1424 1023 1457 racionem
1054 1425 1225 1459 redderet
1251 1437 1362 1470 quare
1383 1437 1457 1459 non
1478 1432 1677 1468 teneretur7
1708 1438 1788 1460 cum
1816 1427 1854 1460 in
1882 1439 1986 1460 mane
2013 1439 2053 1461 se
2079 1427 2217 1473 legisse
2243 1428 2389 1462 confite·

514 1495 614 1522 retur
633 1489 670 1522 in
692 1490 845 1531 eisdem,
868 1491 961 1524 datis
981 1491 1211 1525 auditoribus
1236 1504 1254 1525 a
1280 1491 1438 1538 collegio
1464 1493 1644 1526 facultatis
1672 1493 1716 1526 ad
1743 1493 1909 1527 raciones
1930 1494 2142 1528 audiendas.
2165 1495 2235 1538 Qui
2255 1494 2389 1529 auditis

515 1555 677 1600 partibus
711 1556 869 1602 collegio
904 1557 1108 1591 retulerunt
1141 1558 1199 1591 die
1229 1559 1328 1604 jovis
1355 1566 1437 1592 ante
1467 1559 1617 1593 eosdem
1647 1559 1880 1594 brandones'
1915 1572 1988 1593 non
2018 1561 2202 1595 audivisse
2229 1573 2386 1604 causam,

514 1633 625 1666 quare
646 1623 742 1655 idem
766 1624 940 1657 Emanuel
962 1624 1056 1657 dicte
1078 1625 1269 1670 pensionis
1290 1626 1520 1659 medietatem
1542 1626 1686 1660 solvere
1708 1639 1782 1660 non
1803 1626 1966 1660 deberet.
1988 1628 2032 1660 Et
2052 1627 2104 1661 sic
2125 1627 2260 1661 dictum
2281 1627 2388 1662 colle—

514 1688 611 1734 gium
642 1701 706 1734 per
728 1690 989 1734 juramentum,
1019 1692 1117 1736 quod
1152 1692 1288 1725 fecerat
1315 1693 1433 1726 eidem
1462 1692 1634 1739 collegio,
1662 1693 1820 1739 injunxit
1850 1706 1915 1739 per
1943 1693 2128 1727 bedellum
2159 1706 2386 1728 communem

514 1755 631 1788 eidem
660 1756 783 1789 multis
805 1757 1052 1802 presentibus,
1074 1759 1172 1803 quod
1201 1759 1428 1793 satisfaceret
1454 1760 1572 1793 eidem
1598 1760 1762 1794 Gerardo
1789 1760 1834 1794 de
1860 1761 1954 1794 dicta
1981 1762 2171 1806 pensionis
2195 1761 2388 1796 medietate

512 1821 604 1854 infra
638 1822 773 1855 dictum
809 1823 904 1856 diem
934 1825 1032 1869 jovis
1067 1832 1150 1870 post
1182 1825 1405 1868 brandones,
1441 1826 1604 1872 alioquin
1637 1827 1879 1861 interdicebat
1911 1828 2008 1861 idem
2037 1828 2233 1874 collegium
2269 1828 2386 1862 eidem

511 1894 628 1921 actum
649 1888 797 1934 legendi
819 1902 884 1923 seu
906 1897 1121 1936 potestatem
1149 1899 1318 1938 tanquam
1347 1894 1495 1938 perjuro
1520 1900 1626 1939 atque
1652 1893 1793 1927 rebelli.
1821 1895 1865 1927 Et
1892 1894 1975 1940 quia
1995 1906 2069 1928 non
2090 1901 2146 1928 est
2165 1895 2386 1929 satisfactum

512 1955 606 1988 dicta
632 1955 703 1997 die,
726 1956 822 1990 idem
851 1957 894 1990 ab
916 1958 1044 1991 eodem
1072 1959 1244 2004 collegiO,
1273 1959 1317 1993 ad
1343 1960 1557 1994 instanciam
1585 1961 1764 2006 ejusdem,
1786 1961 1948 2007 privatus
1973 1968 2030 1994 est
2053 1968 2134 1994 actu
2154 1968 2190 1995 et
2209 1968 2387 2007 potestate

512 2021 659 2066 legendi
685 2023 887 2057 decretales
915 2025 1088 2058 Parisius.
1119 2027 1207 2059 Item
1236 2038 1317 2059 cum
1345 2027 1441 2060 idem
1462 2028 1625 2072 jurasset
1652 2027 1770 2061 eidem
1797 2027 1955 2074 collegio
1982 2027 2134 2062 obedire
2159 2035 2196 2062 et
2218 2028 2263 2062 ad
2287 2040 2387 2063 man-

513 2088 632 2121 datum
655 2089 782 2122 decani
802 2091 928 2124 venire
948 2104 1029 2124 cum
1050 2099 1253 2134 vocaretur,
1284 2100 1343 2126 aut
1369 2101 1524 2139 quatuor
1550 2094 1690 2128 solidos
1711 2094 1872 2128 solveret
1891 2095 2062 2141 collegio,
2085 2096 2116 2128 si
2137 2107 2211 2129 non
2230 2096 2385 2137 veniret,

511 2161 547 2187 et
567 2155 761 2201 quinquies
789 2157 898 2190 suerit
923 2165 1085 2199 vocatus,
1115 2171 1182 2192 nec
1211 2171 1251 2193 se
1278 2161 1506 2194 excusaverit
1532 2173 1598 2194 nec
1627 2162 1845 2195 satisfecerit
1868 2174 1934 2207 pro
1960 2162 2111 2204 eisdem,
2138 2162 2224 2196 licet
2246 2162 2386 2208 pluries

510 2221 619 2254 fuerit
649 2223 823 2264 monitus,
855 2230 1023 2269 tanquam
1054 2225 1295 2267 inobedienti,
1328 2228 1475 2271 perjuro
1507 2234 1542 2260 et
1571 2229 1775 2261 contumaci
1805 2235 1906 2262 actus
1935 2229 2123 2274 predictus
2152 2229 2301 2275 legendi
2330 2236 2386 2264 est

510 2288 620 2321 eciam
643 2301 686 2322 ex
706 2289 777 2323 hiis
798 2291 918 2323 causis
940 2291 973 2324 ei
994 2303 1067 2324 non
1089 2292 1270 2326 immerito
1291 2293 1520 2327 interdictus.
1544 2295 1658 2327 Immo
1679 2294 1776 2340 plus⁷
1798 2307 1878 2328 cum
1900 2295 1996 2329 idem
2019 2295 2194 2329 Emanuel
2213 2307 2384 2330 reveren·

509 2354 598 2387 ciam
621 2362 656 2388 et
675 2356 926 2390 obedienciam
949 2359 1113 2403 jurasset
1137 2359 1275 2393 decano
1303 2360 1484 2394 facultatis
1510 2361 1672 2406 predicte
1698 2368 1734 2395 et
1758 2374 1798 2395 ea
1824 2374 1894 2407 que
1920 2362 2130 2396 dicerentur
2154 2363 2191 2395 in
2215 2362 2383 2396 facultate

509 2421 640 2463 celare,
676 2423 754 2467 ipse
789 2425 976 2469 proprium
1006 2426 1252 2470 juramentum
1288 2434 1552 2473 contempnens
1583 2428 1739 2461 eundem
1775 2429 1951 2462 decanum
1981 2430 2226 2464 irreverenter
2258 2436 2383 2463 contra

510 2494 638 2521 statuta
669 2495 704 2521 et
732 2491 1036 2524 consuetudinem
1067 2493 1324 2526 Universitatis
1354 2506 1475 2527 coram
1507 2495 1650 2528 officiali
1680 2495 1879 2529 Parisiensi
1908 2495 2051 2529 trahere
2081 2496 2229 2529 minime
2258 2496 2382 2530 sormi-

510 2553 606 2586 davit
625 2566 735 2599 super
754 2555 839 2597 hiis,
861 2569 930 2602 que
952 2558 1047 2591 idem
1069 2559 1256 2593 asserebat
1275 2572 1340 2605 per
1361 2561 1516 2594 eundem
1540 2562 1716 2595 decanum
1737 2562 1774 2595 in
1795 2562 1953 2608 collegio
1975 2562 2046 2596 sibi
2066 2563 2160 2596 dicta
2179 2563 2306 2596 fuisse.
2329 2563 2381 2596 De

510 2619 643 2663 quibus
665 2621 770 2654 dictis
791 2622 909 2656 dictus
931 2624 1107 2667 officialis,
1131 2626 1214 2671 quia
1235 2627 1363 2671 pocius
1384 2628 1427 2660 ad
1448 2628 1644 2674 collegium
1667 2635 1703 2662 et
1722 2629 2003 2663 Universitatem
2025 2629 2256 2675 pertinebant
2274 2641 2379 2675 quam

509 2685 552 2718 ad
574 2698 626 2727 se,
649 2698 688 2719 se
710 2687 950 2723 intromittere
972 2692 1116 2735 penitus
1138 2705 1211 2725 non
1237 2694 1387 2735 curavit,
1416 2695 1521 2727 etiam
1551 2695 1725 2741 episcopo
1751 2696 1949 2729 Parisiensi
1969 2695 2038 2729 hoc
2059 2695 2130 2729 sibi
2150 2696 2378 2742 injungente.

603 2785 697 2808 Chart.
713 2786 813 2814 facult.
828 2787 935 2811 Decrec.
951 2788 976 2811 in
993 2789 1060 2812 Bibl.
1078 2791 1168 2814 Arsen.
1186 2791 1281 2821 Paris.y
1297 2800 1346 2816 ms.
1363 2793 1433 2821 1121,
1451 2794 1495 2816 fol.
1513 2794 1583 2817 176¹».

601 2868 623 2891 1.
643 2868 753 2892 Gerardi
766 2869 797 2892 de
811 2870 891 2893 Cutri.
909 2871 972 2895 Vide
987 2880 1068 2904 supra
1083 2878 1112 2896 n0
1126 2875 1180 2898 442.
1198 2888 1227 2892 —
1240 2876 1262 2898 2.
1280 2876 1307 2899 11
1325 2876 1470 2900 Februarii.
