2580 3528
517 400 583 433 458
1099 407 1416 431 ann‘ruLAniun
1451 406 1642 429 umvsns.
1680 406 1809 428 rimis.
2289 398 2390 440 [1266

517 484 694 515 Rothomay„
710 484 742 512 11,
758 492 785 515 p.
801 484 856 511 657,
872 483 905 506 ad
919 491 978 506 ann.
994 483 1063 511 1256,
1080 483 1148 506 1257.
1165 496 1195 499 —
1211 483 1233 505 3.
1251 483 1304 505 Vnt.
1322 482 1384 512 Reg.
1398 489 1402 504 z
1415 489 1427 504 «
1442 480 1647 512 procurantibus
1663 480 1836 504 commissum
1852 488 1873 504 ».
1891 494 1923 498 -
1936 482 1960 504 4.
1977 481 2034 504 Vat.
2049 481 2112 513 Reg.
2130 489 2136 505 ι
2154 490 2166 505 α
2181 482 2349 507 extendente·
2364 490 2388 508 t.

516 542 548 548 -
566 531 588 552 5.
608 529 665 551 Vat.
686 529 748 560 Reg.
766 536 771 551 ε
790 537 801 551 «
817 528 869 559 ipsi
886 536 906 551 n.
923 541 953 545 —-
964 529 986 550 6.
1004 527 1039 550 De
1058 527 1117 558 ipso
1137 527 1196 549 vide
1218 526 1287 549 infra
1308 526 1340 548 ad
1360 529 1411 548 num
1430 526 1485 549 432.
1496 539 1527 543 —
1542 526 1564 548 7.
1581 524 1661 548 Istius
1677 524 1787 548 Guilloti
1799 525 1856 556 jam
1875 533 1957 557 supra
1972 529 2001 549 n⁰
2015 526 2061 550 342
2078 526 2175 550 mentio
2190 526 2279 556 fiebat,
2295 527 2342 551 ubi
2356 527 2390 552 do

517 572 597 596 simili
617 574 684 596 facto
706 575 828 603 suspecto
843 575 980 595 accusatus
996 574 1043 595 est.
1060 585 1091 589 —-
1106 572 1128 595 8.
1147 571 1205 594 vat.
1221 571 1283 601 Reg.
1301 570 1360 593 add.
1384 578 1395 592 ι(
1416 569 1541 593 Picardos
1561 577 1583 592 n.
1604 582 1635 586 —
1649 569 1672 593 9.
1690 577 1702 592 α
1718 569 1838 593 Secundo
1903 578 1954 602 que
1972 578 1984 593 n
2005 578 2056 594 om.
2073 571 2132 594 Vat.
2148 571 2212 603 Reg.
2227 584 2259 589 ——
2274 571 2312 595 10,
2329 572 2386 597 vat.

516 618 579 648 Reg.
593 625 598 640 z
617 620 731 640 «contra
745 625 767 640 ».
780 630 811 634 —
826 617 863 639 11.
878 617 934 639 Vat.
950 616 1013 647 Reg.
1031 623 1036 638 t
1054 624 1065 638 «
1080 618 1142 647 post
1156 623 1179 639 ›).
1194 629 1225 632 -
1240 615 1277 637 12.
1294 614 1357 637 Mss.
1373 617 1478 645 praeter
1493 613 1575 637 Oxon.
1589 621 1594 636 z
1609 621 1620 637 t(
1635 613 1857 645 inseparabilium
1872 622 1895 638 ».
1908 628 1939 632 -
1955 615 1994 639 13.
2008 615 2066 639 Vat.
2083 615 2147 647 Reg.
2164 623 2170 639 :
2189 624 2202 639 a
2215 615 2352 640 divulsum
2363 624 2386 641 ιν.

515 661 591 684 -14,
603 662 659 684 Vnt.
677 662 738 692 neg.
751 669 755 684 :
771 670 782 684 «
798 660 908 692 recipiat
923 669 944 684 n.
962 674 990 678 —
1007 660 1043 683 15.
1057 660 1154 683 Oxon.:
1173 668 1184 682 α
1200 658 1359 690 antipriores
1372 666 1393 682 ι).
1407 666 1419 681 «
1431 658 1590 689 Theologice
1604 657 1738 681 facultatis
1809 658 1867 686 Quo
1882 667 1946 682 casu
1959 659 2002 683 vel
2017 659 2039 682 si
2056 667 2067 682 »
2083 668 2110 691 p.
2126 661 2173 684 456
2187 668 2239 684 om.
2250 661 2308 684 Vnt.
2322 661 2386 694 Reg.

515 714 563 737 per
577 705 706 729 incuriam
722 705 907 736 sc1·ipt0ris.-
922 705 959 728 16.
973 704 1054 728 Oxon.
1072 712 1077 727 :
1095 713 1107 727 «
1123 703 1241 726 invenire
1258 711 1279 726 ».
1295 717 1327 721 —
1342 703 1380 727 17.
1395 702 1477 726 Oxon.
1488 710 1494 726 ;
1506 711 1517 726 (ι
1533 702 1701 734 exigentibus
1711 710 1732 726 ».
1746 703 1824 727 —18.
1841 703 1923 727 Oxon.
1939 711 1944 728 ι
1958 712 1970 727 «
1981 703 2099 736 recipere
2109 705 2218 729 ».—19.
2230 704 2385 730 Cheltenh.:

516 759 528 773 (ι
540 750 655 782 ligentur
667 758 687 774 n.
703 763 734 767 —
744 751 782 773 20.
799 750 855 773 Om.
873 749 954 773 Oxon.
965 763 996 766 —
1011 749 1049 772 21.
1066 748 1112 771 Hic
1130 756 1223 771 rursus
1239 747 1366 770 habemus
1382 747 1438 770 Vnt.
1455 747 1520 778 Reg.
1536 761 1567 765 —-
1581 748 1619 771 22.
1637 748 1724 779 Supra
1738 751 1767 771 1ιο
1785 747 1838 772 187.
1850 761 1882 766 ·-·
1892 749 1932 772 23.
1947 748 2030 774 Oxon.
2043 757 2048 772 ι
2062 757 2074 772 α
2087 749 2174 773 Fertel
2189 758 2210 773 n.
2225 763 2256 768 —
2270 751 2309 775 24.
2322 750 2388 774 Per-

515 795 603 826 sonas]
617 803 665 826 per
675 794 825 822 sententias,
839 793 920 817 Oxon.
932 807 962 810 —
976 794 1013 816 25.
1028 794 1056 816 ln
1071 792 1240 824 sequentibus
1252 791 1314 814 libri
1331 791 1505 823 manuscripti
1520 794 1627 823 praeter
1638 791 1721 816 Oxon.
1737 795 1837 816 textum
1852 793 2008 816 mendosum
2020 793 2158 825 praebent.
2168 795 2245 818 —26.
2258 794 2385 820 Guiuow.

511 973 622 1010 410.
648 984 790 1008 Statutum
809 982 899 1018 Capit.
916 981 1060 1016 generalis
1079 981 1144 1007 ord.
1166 981 1280 1007 Cisterc.
1299 981 1334 1007 de
1350 981 1496 1007 monachis
1511 981 1638 1008 Parisiis
1653 981 1845 1009 studentibus.

1598 1070 1673 1100 1286,
1690 1069 1849 1103 Septembris
1865 1071 1901 1100 12,
1916 1069 2081 1106 [efflare-171.

597 1138 728 1171 Abbati
748 1138 959 1172 Clarevallis
984 1138 1209 1184 indulgetur,
1236 1139 1334 1184 quod
1360 1146 1435 1172 tres
1461 1139 1519 1173 vel
1545 1146 1700 1185 quatuor
1725 1140 1924 1174 monachos
1949 1140 1994 1174 de
2020 1140 2142 1174 studio
2169 1141 2382 1184 Parisiensi,

509 1216 600 1250 quos
627 1205 784 1238 voluerit
812 1211 847 1238 et
870 1205 1089 1250 judicaverit
1116 1204 1300 1247 meliores,
1330 1206 1364 1238 ei
1390 1205 1499 1239 liceat
1524 1206 1698 1249 retinere,
1726 1219 1794 1240 nec
1820 1207 1924 1241 inviti
1950 1207 2184 1252 preficiantur
2209 1208 2247 1241 in
2273 1207 2382 1242 domo

508 1271 625 1316 aliqua
646 1272 683 1304 in
703 1270 863 1304 abbates.

599 1352 660 1375 Cod.
684 1351 782 1375 definit.
799 1354 824 1375 et
838 1352 920 1383 Capp.
944 1352 1060 1383 general.
1081 1352 1143 1376 Ord.
1161 1352 1268 1376 Cisterc.
1283 1352 1310 1376 in
1329 1353 1407 1377 Arch.
1424 1356 1510 1377 status
1526 1353 1552 1377 in
1572 1354 1682 1382 Luzern,
1703 1354 1722 1378 l.
1738 1354 1761 1383 1,
1777 1357 1853 1386 parte
1873 1354 1895 1383 1,
1915 1363 1942 1386 p.
1959 1355 2014 1378 236.
2030 1367 2062 1373 —
2076 1355 2202 1384 Murteae,
2221 1355 2300 1381 Thes.
2315 1361 2381 1381 nov·

505 1397 612 1424 anecd„
630 1396 671 1424 lv,
688 1396 756 1424 1426,
773 1400 802 1419 11⁰
816 1396 852 1419 11.
868 1409 899 1413 —
913 1396 1004 1419 Simile
1020 1399 1147 1419 statutum
1159 1396 1216 1428 jam
1230 1397 1257 1420 in
1270 1397 1335 1428 Cap.
1350 1405 1410 1429 gen.
1427 1406 1469 1421 nn.
1491 1398 1550 1421 1251
1570 1398 1702 1422 celebrato
1717 1399 1865 1422 contectum
1880 1401 1920 1422 est
1935 1406 1942 1422 t
1960 1407 1972 1423 «
1988 1398 2082 1422 Petitio
2098 1399 2204 1422 abbatis
2225 1399 2381 1424 Clarevalli·

505 1441 536 1464 de
550 1440 635 1463 trihus
654 1440 788 1463 monachis
808 1441 974 1464 studentibus
994 1441 1111 1464 Pau-isius
1127 1449 1178 1464 non
1198 1442 1387 1473 compellendis
1402 1442 1436 1465 ad
1459 1442 1666 1466 abbatizantium
1687 1442 1710 1466 si
1724 1443 1866 1475 eligantur,
1886 1451 1946 1467 cum
1961 1451 2022 1475 spes
2038 1443 2074 1467 sit
2088 1443 2120 1467 de
2138 1443 2176 1467 eis
2192 1444 2262 1476 quod
2276 1444 2382 1476 possint

504 1485 632 1516 proficere
646 1485 679 1508 ad
693 1485 834 1516 legendum
847 1485 980 1509 ordinarie
995 1485 1122 1514 Pax-isius,
1138 1486 1165 1509 in
1181 1487 1299 1510 favorem
1311 1486 1469 1510 Purisiensis
1483 1487 1564 1511 studii
1578 1487 1717 1511 exauditur
1733 1496 1754 1511 u.
1772 1488 1896 1518 Mai-tene,
1913 1489 1930 1512 l.
1947 1496 1980 1518 c.,
1995 1497 2022 1520 p.
2040 1488 2110 1518 1394,
2126 1492 2156 1512 n⁰
2170 1489 2193 1512 2.

503 1664 616 1701 411.
643 1673 768 1700 Clemens
790 1675 833 1701 IV
851 1675 998 1702 Guillelmo
1025 1675 1060 1702 de
1083 1677 1192 1712 Saana,
1221 1676 1404 1703 thesaurario
1429 1678 1642 1713 Rotomagensi,
1672 1677 1802 1704 concedit
1821 1681 1853 1704 ut
1873 1678 1901 1704 in
1926 1679 2054 1705 oratorio
2077 1678 2187 1714 domus,
2215 1687 2302 1716 quam
2322 1687 2378 1717 pro

590 1722 790 1749 saecularibus
804 1723 984 1751 scholar-ibus
1000 1725 1218 1760 Rotomagensis
1233 1725 1374 1752 dioecesis
1388 1727 1515 1753 Parisiis
1530 1726 1691 1763 acquisivit,
1710 1726 1807 1753 divina
1823 1726 2009 1754 celebrentur.

1705 1808 1780 1838 1266,
1798 1807 1916 1835 Octobris
1931 1809 1964 1839 11,
1981 1808 2090 1835 riter-⁶1²1:

591 1873 760 1908 Clemens
788 1875 983 1921 episcopus
1011 1888 1139 1910 servus
1172 1888 1361 1911 servorum
1392 1878 1459 1911 Dei
1487 1878 1620 1911 dilecto
1647 1878 1722 1911 filio
1749 1878 1953 1912 Guillermo
1984 1878 2028 1912 de
2057 1879 2204 1921 Saana1,
2231 1878 2376 1913 thesau-

502 1940 595 1972 rario
617 1940 770 1974 ecclesie
792 1941 1096 1988 Rothomagensis
1121 1943 1274 1977 salutem
1300 1951 1336 1977 et
1361 1945 1597 1990 apostolicam
1625 1945 1935 1979 benedictionem.
1963 1945 2155 1979 Desideria
2180 1946 2302 1980 cordis
2323 1946 2375 1980 tui

501 2006 599 2039 velut
619 2007 739 2051 pietati
764 2020 923 2042 consona
947 2009 1107 2055 benigno
1133 2010 1356 2044 delectamur
1381 2011 1505 2045 auditu
1534 2012 1722 2057 suscipere
1748 2024 1788 2046 ac
1813 2012 1938 2046 favore
1965 2011 2138 2046 benivolo
2160 2012 2372 2059 adimplere.

501 2073 592 2105 Sane
620 2074 744 2119 petitio
772 2081 830 2108 tua
857 2075 962 2109 nobis
990 2076 1148 2110 exhibita
1174 2078 1384 2111 continebat
1411 2078 1509 2124 quod
1536 2079 1573 2112 in
1601 2079 1753 2124 quadam
1789 2079 1897 2112 domo
1932 2079 2088 2113 civitatis
2116 2079 2335 2114 parisiensis
2347 2080 2373 2122 ³,

501 2151 605 2184 quam
632 2141 857 2175 secularibus
883 2143 1086 2177 scolaribus
1113 2144 1268 2178 civitatis
1294 2151 1329 2178 et
1348 2145 1507 2178 diocesis
1534 2145 1818 2191 Rothomagens.
1847 2146 1885 2178 in
1908 2145 2114 2191 theologica
2139 2146 2373 2181 studentibus

500 2210 665 2244 facultate
686 2223 765 2244 cum
787 2213 960 2258 congruis
986 2215 1191 2248 redditibus
1217 2222 1253 2248 et
1277 2215 1384 2249 bonis
1411 2216 1678 2250 sufficientibus
1699 2218 1802 2261 juxta
1828 2223 1985 2250 taxatum
2011 2216 2158 2250 illorum
2179 2229 2371 2252 numerum

501 2288 564 2321 per
585 2284 678 2310 tuam
699 2279 913 2312 industriam
933 2281 1134 2326 acquisisti,
1157 2282 1339 2327 quoddam
1358 2283 1554 2317 oratorium
1577 2290 1633 2317 est
1647 2290 1912 2317 constructum.
1935 2283 2028 2327 Quia
2043 2295 2130 2317 vero
2151 2290 2190 2317 tu
2211 2284 2372 2319 scolares

500 2343 599 2388 ipsos
620 2344 753 2378 divinis
774 2346 961 2380 desideras
982 2347 1117 2381 ibidem
1139 2349 1252 2390 refici,
1280 2349 1414 2394 quihus
1437 2350 1661 2383 sufficienter
1687 2350 1724 2383 in
1749 2350 1858 2384 bonis
1879 2350 2143 2396 temporalibus
2163 2351 2371 2396 providisti,

500 2422 566 2443 nos
588 2411 658 2443 tuis
679 2412 748 2456 piis
770 2412 963 2447 desideriis
983 2421 1085 2459 grato
1107 2423 1369 2450 concurrentes
1389 2428 1544 2450 assensu
1566 2417 1770 2450 scolaribus
1793 2417 1924 2450 domus
1945 2417 2111 2462 ejusdem
2133 2424 2202 2451 tam
2223 2429 2370 2463 presen-

500 2476 595 2509 tibus
630 2490 733 2522 quam
769 2479 900 2512 futuris
934 2482 1174 2515 communiter
1208 2482 1342 2516 ibidem
1373 2485 1475 2528 juxta
1511 2491 1605 2517 tuam
1636 2484 1917 2530 dispositionem
1947 2483 2170 2526 viventibus,
2205 2484 2304 2530 quod
2331 2485 2371 2518 in

500 2544 655 2575 oratorio
683 2544 762 2589 ipso
791 2545 835 2577 dc
863 2558 1046 2580 consensu
1073 2548 1258 2582 diocesani
1288 2550 1358 2583 loci
1385 2550 1506 2584 divina
1534 2551 1720 2584 celebrare
1747 2551 1864 2584 officia
1889 2557 1925 2584 et
1949 2550 2020 2584 sibi
2046 2551 2165 2584 facere
2191 2550 2369 2585 celebrari

500 2608 640 2642 valeant
668 2610 746 2642 sine
772 2612 866 2655 juris
897 2614 1097 2658 prejudicio
1127 2615 1250 2658 alieni,
1282 2617 1494 2650 auctoritate
1524 2618 1749 2663 presentium
1780 2617 2028 2663 indulgemus,
2061 2617 2258 2650 dummodo
2287 2629 2369 2663 par-

500 2674 751 2716 roch[iani...]³
784 2677 943 2711 eccles...
975 2681 1169 2715 Parisiens.
1202 2684 1268 2725 [....
1301 2683 1387 2728 non]
1410 2684 1654 2718 admittantur.
1686 2684 1785 2717 Nulli
1816 2695 1919 2729 erge,
1949 2689 2028 2725 etc.,
2059 2689 2184 2716 nostre
2216 2695 2368 2718 conces-

500 2741 629 2782 sionis,
663 2747 726 2775 etc.
763 2743 798 2775 Si
823 2744 904 2788 quis
936 2752 1067 2788 autem,
1103 2753 1165 2781 etc.
1207 2750 1285 2782 Dat.
1322 2750 1477 2783 Viterbii
1511 2751 1606 2785 vid.
1633 2750 1818 2793 Octobris,
1855 2749 2087 2795 pontificatus
2121 2750 2237 2783 nostri
2271 2762 2366 2784 anno

500 2808 674 2840 secundo.

592 2887 727 2918 Originnlc
745 2888 770 2911 in
787 2889 862 2912 Arcb.
880 2894 931 2913 nat.
948 2891 1031 2915 Paris.
1049 2892 1075 2915 L.
1091 2894 1144 2922 260,
1158 2898 1187 2916 11⁰
1201 2895 1254 2918 104,
1267 2896 1343 2919 Bulla
1358 2897 1483 2928 plumbea
1499 2898 1551 2921 filis
1567 2898 1643 2922 serie.
1659 2898 1828 2929 appenditur.

592 2953 613 2976 1.
631 2954 764 2978 Guillelmi
779 2956 810 2978 dc
826 2956 911 2979 Suana
927 2960 952 2980 et
966 2957 1075 2989 Collegii
1090 2959 1123 2982 ab
1134 2959 1192 2990 ipso
1208 2962 1308 2985 fundati
1322 2963 1409 2993 prima
1419 2964 1461 2987 hic
1476 2964 1502 2987 in
1518 2964 1682 2988 documentis
1698 2964 1885 2988 Universitatis
1900 2964 1985 2988 Puris.
2002 2964 2099 2988 mentio
2111 2964 2148 2988 fit.
2161 2964 2199 2988 Ex
2209 2964 2364 2988 documento

622 3013 659 3034 58.
