2580 3528
232 419 329 460 1284]
568 428 617 451 ΑΒ
650 429 758 451 Anno
792 429 871 452 mcc
905 429 1040 459 USQUE
1075 431 1124 452 An
1158 430 1388 454 Puimrruu
1424 432 1463 454 tv
1498 433 1588 455 nno.
1625 434 1762 456 muse.
2039 427 2105 460 623

228 509 259 528 u.
277 503 494 535 Kirclmwesch.
509 503 558 528 des
576 502 727 532 mudule„
748 503 795 531 111,
820 503 875 533 318,
891 505 915 532 4,
935 507 961 528 et
978 512 1006 536 p.
1028 505 1083 533 334,
1099 513 1126 528 n.
1141 506 1165 528 ὃ.
1182 518 1211 523 -
1227 505 1265 528 12.
1287 505 1374 537 Supra
1389 509 1418 529 11⁰
1431 506 1487 530 485.
1506 519 1538 524 -—
1557 507 1595 530 13.
1613 507 1699 538 Supra
1714 511 1743 530 n⁰
1758 508 1796 531 79.
1812 521 1842 525 —
1860 508 1895 531 ili.
1919 509 1996 536 1bid.,
2016 518 2043 541 p.
2061 510 2104 533 137

228 547 255 571 in
269 547 329 571 fine.
343 560 376 566 —
387 547 426 571 15.
442 547 509 571 lbid.
519 559 552 565 —·
563 547 602 571 ⁴16.
619 547 706 579 Supra
716 551 746 571 ιια
760 548 815 572 501.
825 561 854 566 -
864 548 902 572 17.
919 548 993 580 Orig.
1007 557 1013 573 :
1031 557 1043 572 α
1058 548 1206 573 imminenti
1221 557 1243 573 n.
1259 549 1325 573 Vide
1342 557 1424 581 supra
1439 554 1468 573 n⁰
1482 551 1535 574 504.
1551 551 1659 574 Factum
1674 551 1761 574 evcnit
1775 555 1835 575 unte
1849 552 1914 575 Julii
1931 553 1960 575 10
1974 562 2016 576 an.
2034 554 2104 578 1281.

227 605 257 610 -
272 591 311 616 18.
326 591 414 616 Verbo
427 600 440 615 ι
455 591 488 616 de
507 591 618 616 consilio
635 592 708 624 regis
723 600 736 615 ν
751 592 823 616 eluta
838 595 908 616 sunt.
922 606 955 611 —
974 593 1012 617 19.
1034 593 1160 624 Capitale
1176 594 1335 619 scolarium
1354 594 1380 618 in
1399 594 1541 626 privilegio
1560 595 1678 627 Philippi
1698 596 1808 627 Augusti
1829 597 1920 628 (supi-u
1940 602 1969 620 n⁰
1986 598 2006 622 1.
2022 606 2048 629 p.
2064 600 2104 628 60)

228 635 342 660 sumitur
356 635 400 660 bie
419 643 470 668 pro
490 636 626 668 maqistro
646 641 762 668 reyente
782 637 980 662 Universitutis.
995 651 1026 656 --
1044 638 1082 661 20.
1104 638 1191 670 Supra
1210 643 1240 662 n⁰
1254 639 1293 667 79,
1309 647 1336 670 p.
1353 639 1408 663 138.
1427 653 1459 657 -
1477 639 1517 663 21.
1540 639 1684 671 Gregorius
1707 640 1740 663 lx
1764 640 1790 663 in
1814 640 1954 672 privilegio
1974 650 2024 664 uon
2042 642 2106 666 dicit

224 680 375 712 permina,
397 680 444 704 sed
462 681 607 712 promittet
622 680 666 712 (cf.
684 680 749 705 ibid.
767 690 794 713 p.
812 682 876 712 137),
899 685 926 706 et
943 690 1038 706 sensus
1061 682 1091 706 fit
1113 682 1244 706 diversus.
1270 696 1299 700 —
1317 684 1355 706 22.
1378 683 1551 712 Fen-randum,
1567 685 1675 708 fratrem
1695 684 1766 716 regis
1788 685 1946 716 Aragonum.
1968 686 2006 709 Cf.
2024 694 2105 717 supra

227 729 258 748 n⁰
271 725 326 749 50³.
342 724 472 749 nimina·
487 725 521 749 IV
535 725 609 749 stetit
622 733 671 757 pro
686 726 854 750 cancellario.
870 726 935 750 Vide
952 726 1022 750 infra
1036 731 1066 750 n⁰
1080 728 1134 751 528.
1150 741 1182 746 -
1196 728 1235 751 23.
1251 727 1450 752 Desiderantur.
1465 728 1498 752 Ct'
1511 731 1598 752 tumen
1613 732 1642 752 n⁰
1657 730 1711 753 503.
1728 742 1755 746 —
1772 730 1810 752 24.
1827 729 1847 752 l.
1863 738 1885 753 e.
1900 730 2104 754 Universitutem

227 768 412 793 Pari-ionum.
428 769 493 793 Vide
507 769 540 794 de
554 769 604 793 hoc
619 778 701 802 supra
716 774 746 793 n⁰
760 771 815 799 476,
832 779 858 794 n.
874 771 897 794 3.
913 784 943 789 —-
959 771 997 794 25.
1014 771 1100 803 Supra
1116 775 1146 794 n⁰
1161 771 1214 795 1124.
1230 785 1257 789 —
1273 773 1311 796 26.
1325 772 1454 796 Jourdain
1464 781 1606 804 perperam
1620 773 1703 796 edidit
1714 782 1726 796 «
1742 773 1886 797 secundum
1900 782 1921 797 ι).
1934 787 1962 792 —
1979 775 2018 798 27.
2038 774 2103 798 lbid.

228 821 240 837 α
253 813 384 838 dumserit
396 821 418 838 n.
429 827 461 832 —
470 814 509 838 28.
521 814 702 846 Adenulphus.
717 814 757 838 Cf.
771 819 800 838 n⁰
810 815 864 843 510,
876 823 903 839 n.
914 816 937 844 6,
949 818 975 839 et
986 815 1070 847 Lecoy
1082 816 1114 839 do
1125 816 1150 839 ln
1161 816 1276 848 Mai-che,
1291 817 1333 841 La
1345 816 1443 842 chaire
1455 817 1610 848 francof-re,
1623 818 1637 840 2
1647 818 1698 846 ed.,
1710 826 1737 850 p.
1749 818 1804 841 496.
1817 832 1849 835 —
1859 819 1897 842 29.
1913 819 1999 850 Supra
2010 823 2039 842 n⁰
2049 820 2103 842 21¹7.

226 858 306 883 -80.
322 858 390 882 Tum
404 858 533 882 Martinu-
545 859 588 887 tv,
599 861 656 883 tum
667 859 800 883 Honorius
815 859 849 883 tv
863 859 890 883 in
905 859 954 883 hoe
969 863 1099 884 steterunt
1112 868 1162 892 pro
1177 861 1343 885 cancellario.
1360 861 1425 885 Vide
1440 861 1509 885 insi-a
1524 862 1558 885 η’·
1572 862 1626 891 516,
1643 863 1697 886 528.
1710 875 1737 880 —
1749 862 1787 886 31.
1800 863 1830 886 ln
1844 862 1894 886 hoc
1908 863 1987 887 etiam
2002 863 2070 887 sicut
2080 867 2107 887 et

227 901 254 926 in
276 902 447 935 sequentibus
469 902 644 927 concellarius
664 911 782 927 summos
797 903 936 936 pontifices
955 904 1107 928 defensores
1127 905 1229 929 habuit.
1249 919 1281 923 -
1299 906 1337 929 32.
1360 906 1446 938 Suprn
1462 910 1491 929 n⁰
1505 906 1559 930 501.
1580 920 1611 924 -—
1626 907 1664 930 33.
1686 906 1767 938 Cujus
1787 907 1950 931 contrarium
1973 907 2106 932 invenitur

227 946 297 971 infra
311 951 341 970 n⁰
355 947 409 976 520,
424 955 451 979 p.
467 948 522 971 6³0.
539 961 568 966 -
583 948 622 971 34.
646 947 815 972 contrarium
834 948 894 972 vide
913 957 995 981 supra
1015 954 1044 972 n⁰
1064 949 1118 973 105.
1131 963 1164 967 —
1177 950 1216 974 35.
1234 950 1262 973 ln
1282 953 1381 974 statuto
1403 950 1510 975 Roberti
1524 951 1606 982 legati
1621 959 1703 983 supra
1722 955 1752 974 n⁰
1766 952 1804 975 20.
1825 965 1855 970 -
1871 953 1910 976 36.
1933 952 1996 976 Post
2015 952 2104 984 aliqua

226 994 324 1023 puncta
339 994 486 1023 sequuntur
499 991 553 1016 alia
567 1000 647 1016 manu
662 992 763 1024 ncripta
778 993 859 1016 verba
874 1001 880 1016 t
898 1001 910 1016 α
926 993 1019 1017 Cetera
1038 994 1111 1017 vul...
1129 1002 1151 1017 n.
1166 1007 1198 1012 —-
1212 995 1251 1018 37.
1269 994 1316 1018 llic
1335 995 1522 1019 documentum
1537 995 1647 1024 desinit;
1667 995 1821 1019 ultimarum
1838 996 1958 1020 undecim
1974 997 2104 1021 linearum

227 1035 297 1065 finis,
313 1035 433 1068 margine
447 1036 550 1067 avulso,
565 1036 667 1064 defieit;
683 1037 771 1069 itaque
785 1045 862 1061 voces
878 1038 1014 1070 suppletus
1030 1038 1104 1062 uncis
1120 1038 1285 1063 inclusimus.
1299 1039 1415 1064 Ultimae
1427 1040 1494 1063 duae
1509 1039 1593 1064 lineae
1608 1040 1661 1064 aliu
1681 1048 1759 1064 mnnu
1775 1041 1890 1073 scriptae
1905 1044 1973 1064 sunt.

227 1216 340 1254 516.
365 1225 525 1260 Gausridus
537 1226 688 1262 presbyter
705 1226 868 1253 cardinalis
882 1226 993 1253 decano
1008 1231 1036 1254 et
1055 1227 1183 1264 capitulo
1199 1228 1293 1254 Paris.
1311 1232 1408 1255 tioium
1422 1229 1497 1263 facil
1512 1229 1655 1265 quidquid
1673 1238 1799 1256 sanamus
1818 1231 1954 1266 pontifex
1969 1232 1997 1257 in
2013 1240 2103 1257 causa

315 1273 354 1301 ab
374 1274 564 1301 Unio-emitote
578 1278 679 1301 contra
693 1275 900 1302 cancellarium
914 1276 1010 1303 Paris.
1027 1275 1193 1313 Philippum
1209 1276 1245 1303 de
1263 1276 1402 1303 Ther-iaco
1418 1281 1496 1304 mola
1511 1278 1681 1313 definiverit.

1221 1366 1299 1395 1284.
1316 1366 1434 1392 Octobris
1446 1367 1491 1396 24,
1507 1368 1576 1400 apud
1588 1367 1677 1394 orbem
1693 1369 1817 1394 Votorum.

313 1437 414 1472 Viris
441 1437 715 1472 venerabilibus
745 1445 781 1472 et
809 1439 978 1473 discretis
1007 1439 1045 1473 in
1069 1439 1216 1474 Christo
1247 1440 1447 1474 carissimis
1477 1441 1614 1474 decano
1645 1448 1681 1475 et
1713 1442 1871 1488 capitulo
1906 1443 2103 1477 Parisiensi

225 1504 443 1539 Gaufridus¹
471 1505 706 1539 miseratione
736 1505 858 1540 divina
892 1505 987 1540 tituli
1018 1507 1053 1540 S.
1085 1507 1250 1540 Susaune
1285 1506 1476 1553 presbyter
1505 1508 1701 1542 cardinalis
1732 1516 1765 1542 et
1798 1521 1879 1542 cum
1906 1504 2108 1544 dilectione

224 1570 367 1605 sincera
396 1577 554 1618 paratam
582 1572 627 1606 ad
656 1583 783 1606 eorum
813 1571 1040 1618 beneplacita
1069 1573 1305 1607 voluntatem.
1337 1574 1474 1608 Statum
1505 1575 1644 1620 negotii
1672 1575 1854 1620 quondam
1883 1576 2103 1610 venerabilis

224 1637 293 1672 viri
322 1637 530 1672 cancellarii
556 1638 792 1673 Parisiensis²
821 1638 928 1673 vobis
954 1639 1097 1685 aperire
1123 1639 1304 1682 volentes,
1332 1641 1546 1674 discretioni
1572 1648 1693 1675 vestre
1724 1648 1850 1676 tenore
1877 1643 2102 1688 presentium

224 1703 433 1739 intimamus
458 1704 558 1750 quod
586 1717 606 1738 a
632 1705 864 1739 sanctissimo
885 1713 986 1752 patre
1006 1718 1046 1740 ac
1068 1706 1216 1740 domino
1236 1714 1363 1741 nostro
1384 1708 1540 1742 Martino
1561 1708 1682 1742 divina
1708 1709 1936 1754 providentia
1961 1722 2103 1743 summo

224 1770 397 1817 pontifice
426 1771 471 1805 de
501 1771 659 1805 consilio
687 1772 926 1806 cardinalium
956 1773 1163 1807 ordinatum
1189 1780 1278 1816 erat,
1309 1774 1408 1820 quod
1444 1787 1572 1808 omnes
1602 1775 1749 1809 licentie
1782 1775 1826 1809 ab
1858 1776 2102 1811 Universitate

224 1837 423 1872 Parisiensi
452 1837 734 1884 quibuscunque
760 1839 931 1885 personis
958 1839 1003 1874 de
1033 1840 1127 1874 sacto
1154 1852 1331 1874 concesse
1363 1841 1400 1874 in
1433 1841 1511 1887 ipsa
1542 1842 1642 1875 curia
1670 1849 1940 1884 revocarentur,
1969 1850 2004 1876 et
2031 1850 2100 1877 tum

223 1904 444 1950 recipientes
472 1904 684 1950 hujusmodi
713 1905 894 1947 licentias,
924 1918 1031 1952 quam
1067 1907 1173 1940 etiam
1203 1907 1449 1941 concedentes
1478 1908 1640 1950 easdem,
1669 1909 1844 1942 canonice
1875 1916 1909 1942 et
1943 1910 2102 1955 graviter

223 1971 452 2017 punirentur.
475 1972 563 2005 Item
592 1972 690 2017 quod
716 1973 891 2018 quicquid
921 1979 1046 2007 contra
1070 1973 1366 2019 jurisdictionem
1393 1974 1479 2007 dicti
1504 1974 1710 2008 cancellarii
1737 1975 1853 2009 extitit
1877 1982 2101 2017 attentatum,

223 2043 332 2083 prout
345 2037 448 2084 prius
468 2038 506 2072 in
526 2038 625 2072 curia
643 2046 886 2074 revocaretur.
905 2041 993 2073 ltcm
1015 2040 1114 2086 quod
1131 2040 1300 2074 doctores
1320 2041 1573 2075 L'niversitatis
1594 2053 1668 2075 non
1685 2042 1828 2087 possint
1846 2042 2102 2077 cancellarium

222 2103 379 2138 eundem
402 2104 449 2138 ad
469 2106 777 2152 congregationes
798 2118 883 2140 suas
908 2106 1142 2152 compellere,
1166 2107 1232 2141 sed
1253 2119 1333 2141 eum
1356 2107 1545 2141 debebunt
1569 2120 1714 2154 rogare,
1735 2115 1771 2142 et
1795 2109 1826 2142 si
1852 2109 1905 2143 ire
1930 2109 2100 2151 voluerit,

222 2169 316 2204 hene
337 2170 499 2217 quidem,
520 2172 552 2206 si
571 2184 660 2206 vero
680 2172 734 2206 ire
754 2172 928 2215 noluerit,
949 2173 1068 2219 ipsum
1089 2186 1260 2208 coercere
1282 2186 1355 2208 non
1376 2181 1547 2220 poterunt
1567 2175 1604 2208 in
1623 2175 1746 2221 aliquo
1766 2175 1823 2209 vel
1846 2177 2006 2221 punire'.
2028 2176 2100 2210 Alii

220 2249 308 2271 vero
331 2237 487 2280 articuli,
515 2237 560 2272 de
585 2238 720 2284 quibus
747 2239 842 2274 inter
867 2240 987 2286 ipsum
1015 2240 1270 2275 cancellarium
1298 2247 1334 2275 et
1360 2241 1640 2276 Universitatem
1666 2242 1912 2281 contenditur,
1939 2243 2000 2287 qui
2027 2255 2100 2276 uon

222 2309 308 2338 sunt
345 2303 392 2338 ita
426 2303 528 2346 certi,
569 2305 631 2351 qui
667 2317 711 2339 ex
746 2312 846 2351 parte
889 2306 1095 2341 cancellarii
1138 2314 1174 2341 et
1209 2320 1228 2341 a
1269 2314 1502 2353 procuratore
1539 2308 1793 2342 Uuivcrsitatis
1831 2308 1904 2342 dati
1942 2310 2102 2350 suerunt,

221 2370 397 2413 committi
417 2369 607 2406 debebunt
620 2371 893 2406 venerabilibus
915 2373 1079 2419 putribus
1099 2373 1259 2407 dominis
1275 2373 1341 2408 (Ῑι.ι
1361 2380 1397 2407 et
1417 2374 1477 2407 It*
1499 2373 1735 2408 Ambianensi
1756 2381 1792 2408 et
1812 2375 2101 2410 Petrocoricensi

222 2436 408 2483 episcopis
438 2443 473 2471 et
502 2437 663 2472 discreto
689 2438 768 2472 viro
798 2439 972 2485 magistro
1007 2440 1166 2473 ilenrico
1203 2440 1247 2473 de
1282 2440 1471 2482 Gandavo,
1501 2439 1758 2474 archidiacono
1788 2442 2023 2475 Tornaeensi.
2057 2443 2100 2476 Et

222 2515 335 2549 super
367 2503 414 2537 iis
447 2503 619 2538 omnibus
653 2505 816 2551 precepit
849 2505 1020 2540 dominus
1054 2513 1180 2540 noster
1214 2518 1303 2552 papa
1339 2508 1480 2540 notam⁰
1514 2506 1605 2541 fieri.
1643 2507 1714 2541 Sed
1753 2507 1850 2542 dicto
1884 2508 2101 2542 cancellario

223 2568 393 2616 Philippo
422 2582 541 2616 nuper
570 2570 606 2604 in
636 2571 749 2614 curia,
779 2572 982 2606 secundum
1012 2572 1111 2618 quod
1142 2574 1217 2607 Deo
1248 2572 1396 2619 placuit,
1422 2573 1516 2607 viam
1547 2573 1718 2607 universe
1744 2574 1865 2608 curnis
1895 2575 2100 2621 ingresso⁷,

222 2647 335 2683 super
363 2636 444 2683 ipso
479 2637 628 2683 negotio
659 2637 772 2672 locuti
804 2650 932 2673 sumus
958 2651 1038 2673 cum
1067 2639 1216 2673 domino
1242 2651 1344 2685 papa,
1373 2639 1434 2685 qui
1464 2639 1571 2674 nobis
1599 2641 1790 2686 respondit
1825 2641 1923 2687 quod
1951 2642 1987 2675 in
2019 2642 2100 2688 ipso

225 2703 374 2749 negotio
395 2702 550 2738 ulterius
570 2716 643 2738 non
664 2705 852 2750 procedet,
869 2717 1061 2751 quousque
1083 2717 1200 2740 novus
1219 2705 1476 2740 cancellarius‘
1496 2718 1562 2752 per
1581 2706 1743 2753 seipsum
1765 2707 1823 2741 vel
1844 2720 1909 2754 per
1929 2720 2101 2754 procura—

223 2775 338 2804 torem
360 2769 532 2804 idoneum
554 2771 591 2804 in
611 2771 711 2805 curia
732 2771 867 2805 dictum
894 2772 1082 2818 negotium
1109 2779 1363 2819 prosequatur.
1388 2773 1430 2807 Et
1449 2785 1532 2807 cum
1557 2773 1744 2819 negotium
1766 2774 1884 2820 ipsum
1911 2775 1957 2809 sit
1983 2775 2099 2821 ipsius

221 2834 377 2870 ecclesie
397 2842 434 2870 et
452 2836 590 2871 domini
610 2837 774 2884 episcopi
797 2838 983 2884 negotium
1005 2838 1179 2885 speciale,
1206 2838 1406 2885 expediens
1428 2839 1574 2873 videtur
1592 2839 1691 2885 quod
1713 2852 1778 2875 vos
1799 2853 1868 2874 uua
1893 2853 1974 2874 cum
2002 2841 2099 2875 dicto

224 2900 400 2948 episcopo
426 2902 464 2937 in
488 2903 588 2937 curia
610 2903 767 2950 aliquem
795 2911 1066 2951 procuratorem
1100 2905 1271 2939 idoneum
1297 2905 1522 2940 constituere
1547 2906 1724 2940 curaretis
1757 2907 1801 2941 ad
1835 2907 1952 2952 ipsum
1986 2919 2099 2953 nego-

224 2966 313 3002 tium
333 2969 642 3016 persequendum.
664 2971 798 3005 Melius
819 2978 936 3006 tamen
957 2978 1055 3006 esset
1075 2971 1174 3018 quod
1195 2983 1312 3006 novus
1332 2971 1571 3006 cancellarius
1590 2972 1635 3006 ad
1655 2972 1791 3006 curiam
1813 2973 1952 3007 veniret
1978 2985 2100 3018 perso—
