2580 3528
289 428 388 469 1229]
432 436 437 441 ·
633 437 681 459 ΑΒ
716 437 823 460 Anno
856 437 936 459 mcc
970 436 1102 465 usqua
1137 437 1186 459 AD
1220 437 1452 459 PHILIPPUM
1487 438 1527 460 iv
1562 438 1652 460 nso.
1690 438 1827 460 rasse.
2110 430 2173 462 119

284 512 312 536 S.
328 512 423 536 Trinit.
434 512 496 536 unni
512 513 574 536 12:30
587 512 660 544 apud
675 511 784 540 Dubois,
798 511 871 536 Hist.
884 511 979 536 eccles.
990 511 1097 539 Paris„
1110 511 1143 539 Π,
1159 512 1215 540 327,
1226 514 1252 535 et
1266 511 1433 535 confirmatio
1449 511 1571 543 Gregorii
1587 512 1629 539 lx,
1646 512 1663 543 ij
1680 512 1715 535 id.
1734 512 1809 535 Febr.
1824 521 1865 535 un.
1883 516 1955 535 sexto
1970 513 2085 543 (Chart.,
2102 514 2117 536 1.
2128 514 2170 544 0.),

284 556 353 580 sicut
366 556 446 580 etium
461 556 487 580 in
504 556 667 588 Necroloqio
682 559 827 580 conventus
843 556 870 579 S.
883 555 1027 580 Mathurini
1041 555 1141 587 legitur
1156 564 1162 579 :
1180 564 1192 579 «
1209 556 1297 579 obitus
1313 556 1382 579 bone
1397 564 1474 580 mem.
1492 556 1630 580 Guillermi
1647 557 1780 588 qnondam
1795 557 1913 588 episcopi
1929 557 2023 584 Puris,
2041 558 2085 588 qui
2100 558 2173 581 dedit

284 601 360 625 nobis
380 601 496 633 primum
516 601 613 629 locum,
637 601 663 624 in
681 609 733 633 quo
752 600 872 632 cepimus
894 600 1016 624 habitare
1034 603 1060 624 et
1083 600 1207 624 edificare
1226 600 1365 624 ecclesiam
1386 604 1505 624 nostram
1521 609 1542 624 ».
1563 601 1632 624 Bibl.
1650 601 1780 624 Muznrine
1801 609 1849 624 ms.
1869 602 1955 624 13472.
1982 602 2070 633 Usque
2086 602 2172 624 adhuc

283 645 413 675 historici,
436 646 506 670 inter
524 645 591 669 alios
609 645 650 669 Du
674 645 764 674 Breul,
784 645 885 669 Lebeuf
905 648 931 669 et
953 645 1054 673 Jaillot,
1075 648 1248 669 asseruerunt
1266 645 1393 669 Ordinem
1418 646 1445 669 S.
1471 645 1565 669 Trinit.
1586 645 1642 677 jum
1666 649 1726 669 ante
1749 654 1792 669 an.
1814 646 1874 669 1209
1894 646 2002 669 Parisiis
2026 646 2171 678 hospitium

283 690 310 714 S.
322 690 466 714 Mathurini
481 690 606 718 tenuisse,
623 693 649 714 et
662 690 702 714 Du
717 690 797 714 Breul
811 689 859 720 (Le
872 691 982 715 theutre
994 691 1041 715 des
1057 691 1222 721 antiquita
1236 691 1270 714 de
1284 690 1378 719 Paris,
1394 699 1421 722 p.
1435 691 1492 722 491)
1507 699 1598 713 revera
1612 690 1816 714 instrumentum
1830 691 1902 714 illius
1915 691 1975 713 unni
1991 691 2090 722 publici
2103 691 2173 722 juris

285 735 354 764 fecit,
369 734 397 758 in
413 743 464 767 quo
477 743 489 758 a
503 734 613 759 ecclesie
625 735 651 759 S.
667 734 793 759 Metui-ini
807 734 891 758 Paris.
903 735 960 758 ord.
972 735 997 758 S.
1011 734 1105 758 Trinit.
1119 742 1131 757 ))
1143 734 1241 758 mentio
1255 735 1292 758 fit.
1303 736 1335 758 At
1349 743 1401 758 non
1416 735 1604 758 animadvertit
1614 735 1640 758 in
1652 738 1740 758 notam
1756 735 1883 766 temporis
1894 743 2010 758 errorem
2022 735 2169 767 irrepsisse.

283 779 405 811 Sumpsit
422 779 492 803 enim
511 779 631 803 chartam
651 782 824 803 memoratam
843 787 876 803 ex
891 779 1020 804 Chartul.
1042 779 1122 803 citato
1146 780 1190 803 sol.
1215 779 1271 807 73¹¹,
1292 779 1319 803 in
1339 788 1392 812 qua
1412 780 1486 811 prior
1508 780 1534 803 S.
1558 780 1682 804 Germani
1702 780 1728 803 in
1750 780 1821 811 Lnyu
1836 780 1873 803 uit
1887 780 2052 804 Guernerum
2072 780 2170 803 dictum

285 834 294 844 ι
312 832 426 856 quocum
439 835 447 845 ι
463 823 490 848 in
505 832 554 848 sua
569 824 703 856 presentia
717 824 895 856 personaliter
909 824 1082 847 constitutum
1097 832 1165 853 esse,
1180 828 1229 849 etc.
1245 825 1296 847 Sed
1312 824 1338 847 in
1353 825 1511 848 documento
1526 824 1694 856 praecedenti
1709 824 1763 856 (fol.
1776 825 1832 856 73-)
1843 824 1966 848 officialis
1982 825 2070 847 curiae
2086 825 2169 848 Pan-is.

282 868 400 892 affirmat
413 869 525 893 eundem
541 868 707 893 Guernerum
720 877 781 892 cum
795 877 876 892 uxore
890 868 917 892 in
937 877 986 892 sua
1005 868 1158 900 praesentia
1177 869 1268 897 fuisse,
1289 872 1368 901 atque
1384 869 1436 893 ista
1450 869 1543 892 charta
1561 869 1623 892 data
1643 872 1684 892 est
1704 878 1715 892 α
1731 877 1799 892 anno
1822 869 1925 893 Domini
1944 869 2045 893 MCCL⁰
2060 873 2132 892 snxto
2149 879 2170 892 ».

282 912 400 945 Quisque
414 921 484 937 nunc
497 913 631 942 concedet,
643 913 770 945 temporis
786 916 876 937 notam
890 921 942 937 non
958 913 1035 937 istius
1052 914 1098 937 sed
1109 913 1219 937 alterius
1234 913 1386 937 documenti
1400 922 1458 937 esse
1474 914 1578 942 falsam,
1591 913 1689 946 quippe
1707 914 1776 945 quod
1792 913 1956 937 contradicat
1970 914 2049 937 etium
2064 914 2171 937 chartac

282 965 365 989 supra
375 957 535 990 publicatae.
547 958 604 982 Non
620 961 708 982 tamen
723 958 816 990 negari
830 961 927 990 potest,
944 959 1039 981 fratros
1051 958 1077 982 S.
1090 958 1229 982 Trinitatis
1242 958 1299 990 jum
1315 961 1375 982 ante
1390 967 1489 982 annum
1504 958 1566 982 1229
1580 958 1690 982 Parisiis
1707 958 1797 986 fuisso,
1813 962 1842 982 ut
1856 967 1887 981 ex
1903 959 2033 983 Chartul.
2049 962 2168 990 apparot.

281 1002 408 1034 —Apud.
422 1002 449 1026 S.
463 1002 644 1026 Muthul-inum
658 1002 825 1027 Universitas
840 1002 924 1027 Paris.
938 1006 1056 1035 tempore
1071 1003 1243 1035 subsequenti
1259 1011 1342 1035 paene
1357 1006 1508 1027 constanter
1523 1003 1629 1027 comitia
1645 1011 1693 1026 sua
1708 1003 1810 1031 habuit,
1826 1006 1852 1026 et
1864 1003 2028 1027 Mnthurinos
2040 1003 2095 1034 jum
2111 1006 2171 1026 untc

281 1054 324 1070 an.
341 1047 413 1075 1254,
428 1047 475 1071 sed
489 1050 551 1079 post
565 1047 625 1071 12:31
642 1047 669 1071 in
687 1047 866 1071 Universitate
881 1055 971 1071 sacras
987 1047 1091 1071 litteras
1107 1047 1233 1071 didicisse
1248 1047 1347 1071 scimus
1362 1055 1394 1071 ex
1408 1047 1528 1079 Epistola
1542 1047 1664 1072 Univers.
1681 1047 1743 1071 unni
1760 1048 1830 1075 1254,
1849 1047 1924 1071 Febr.
1941 1049 1963 1071 4.

377 1127 400 1151 1.
423 1127 471 1151 Hic
493 1127 520 1150 in
540 1127 638 1151 Charta
662 1127 779 1160 quinque
798 1127 883 1151 lineae
902 1127 1015 1151 abrasae
1034 1131 1104 1151 sunt.
1122 1127 1276 1159 Hospitium
1292 1128 1420 1151 frutribus
1436 1128 1486 1151 suh
1503 1136 1534 1151 eu
1551 1128 1700 1151 conditione
1719 1136 1874 1152 concessum
1894 1131 1942 1156 est,
1959 1130 1988 1151 ut
2002 1127 2127 1159 episcopo
2145 1131 2170 1151 ct

281 1171 469 1195 archidiacono
483 1171 534 1195 loci
550 1171 752 1204 subjicerentur.
768 1172 812 1196 Sic
826 1172 925 1204 legitur
939 1172 965 1196 in
981 1171 1155 1202 Inventaire,
1169 1173 1218 1197 LL.
1236 1173 1306 1201 1545,
1322 1181 1349 1204 p.
1366 1173 1420 1196 268.

280 1337 361 1376 64.
384 1347 526 1374 Hem-icus
542 1349 590 1374 III
599 1357 653 1375 rex
666 1348 791 1383 Angliae
806 1349 908 1374 invitat
929 1349 1084 1383 magistros
1108 1352 1136 1375 et
1158 1348 1307 1375 scholares
1330 1349 1523 1384 Padsienses,
1550 1353 1581 1375 ue
1605 1350 1697 1376 studii
1718 1350 1818 1385 gratia
1838 1350 1867 1376 in
1886 1350 2021 1386 Angliam
2043 1351 2165 1379 veniant.

1427 1435 1506 1465 1229,
1522 1435 1586 1462 dum
1599 1435 1637 1465 16,
1656 1436 1725 1468 apud
1736 1436 1880 1469 Hadinqum.

370 1508 446 1541 Rex
466 1507 652 1554 magistris
673 1515 709 1542 et
730 1508 959 1542 universitati
980 1507 1175 1542 scolarium
1203 1509 1365 1542 Parisius
1393 1509 1560 1542 salutem.
1583 1509 1899 1543 Tribulationibus
1925 1517 1961 1544 et
1985 1512 2167 1556 angustiis

280 1586 355 1608 non
382 1574 552 1615 modicis,
583 1587 674 1621 quas
704 1574 775 1609 sub
805 1575 930 1620 iniqua
960 1575 1043 1621 lege
1068 1575 1230 1609 Parisius
1260 1576 1350 1609 estis
1386 1576 1566 1621 perpessi,
1603 1576 1791 1610 humiliter
1825 1578 2089 1623 compatientes
2120 1578 2167 1611 ol)

278 1642 520 1676 reverentiam
550 1642 617 1675 Dei
647 1649 683 1676 et
711 1648 835 1676 sancte
865 1642 1022 1676 ecclesie
1050 1642 1158 1676 vobis
1188 1642 1247 1688 pie
1277 1642 1532 1676 subveniendo
1566 1650 1698 1677 statum
1732 1650 1894 1677 vestrum
1924 1645 2092 1690 cupimus
2121 1646 2165 1679 ad

277 1707 438 1742 debitam
471 1708 599 1743 reduci
632 1708 851 1743 libertatem.
887 1709 994 1743 Unde
1031 1716 1154 1743 vestre
1193 1709 1363 1743 duximus
1399 1710 1628 1744 universitati
1670 1711 1966 1757 significandum,
2002 1712 2100 1757 quod
2134 1713 2165 1746 si

276 1773 384 1809 vobis
404 1774 544 1821 placeat
562 1775 607 1809 ad
624 1787 780 1822 regnum
801 1782 968 1810 nostrum
984 1776 1118 1822 Anglie
1133 1789 1200 1811 vos
1217 1777 1415 1810 transferre
1436 1783 1472 1810 et
1492 1777 1529 1810 in
1550 1789 1594 1811 eo
1611 1789 1718 1811 causa
1740 1778 1852 1811 studii
1873 1790 2009 1811 moram
2031 1779 2163 1815 facere.

276 1842 455 1884 civitates,
477 1842 618 1889 burgos
638 1843 696 1877 vel
716 1842 823 1877 villas
843 1855 1082 1889 quascunque
1097 1843 1219 1877 velitis
1240 1843 1379 1889 eligere
1400 1843 1506 1877 vobis
1526 1844 1570 1878 ad
1591 1844 1660 1877 hoc
1680 1844 1964 1890 assignabimus,
1987 1852 2020 1879 et
2047 1846 2165 1879 omni-

277 1908 386 1942 modo
407 1909 503 1943 sicut
523 1909 629 1943 decet
648 1909 816 1944 libertate
837 1916 874 1944 et
893 1910 1155 1956 tranquillitate
1175 1922 1246 1956 que
1267 1911 1344 1944 Deo
1366 1910 1510 1956 placere
1531 1917 1566 1944 et
1585 1910 1691 1945 vobis
1713 1911 1819 1957 plene
1846 1912 2013 1945 sufficere
2034 1912 2162 1946 debeat

275 1987 342 2010 vos
362 1975 524 2021 gaudere
545 1976 734 2011 faciemus.
757 1978 799 2010 In
819 1978 938 2023 cujus,
960 1982 1024 2012 etc.
1049 1978 1159 2011 Teste
1180 1989 1269 2024 rege
1289 1977 1386 2023 apud
1407 1977 1612 2024 Radingum
1633 1979 1689 2023 xvj
1712 1978 1771 2012 die
1792 1978 1891 2012 Julii.

369 2069 463 2094 Public
478 2070 593 2094 Records
609 2070 750 2104 (Londini),
765 2071 860 2095 Patent
873 2071 940 2100 Roll,
950 2071 989 2100 13,
999 2071 1079 2095 Henr.
1090 2072 1136 2100 111,
1152 2080 1188 2096 m.
1203 2073 1228 2096 6.
1244 2072 1273 2096 ln
1289 2071 1409 2103 margine
1426 2079 1431 2096 z
1449 2071 1486 2095 De
1505 2072 1654 2095 scolaribus
1675 2072 1802 2096 Parisius.
1815 2086 1845 2090 —
1860 2073 1983 2102 Bulaeus,
2001 2074 2046 2102 ΠΙ,
2065 2074 2116 2097 133.
2132 2087 2163 2092 —

275 2113 342 2139 nata
355 2117 397 2139 eut
405 2114 470 2139 haec
484 2114 578 2140 charta
592 2123 662 2140 anno
678 2116 708 2140 13
722 2116 799 2148 reg-ni
814 2116 920 2140 Hem-ici
935 2116 982 2140 ΙΙΙ.

274 2281 355 2319 65.
381 2291 532 2327 Gregorius
548 2292 593 2318 IX
598 2292 800 2328 possessiones
820 2292 937 2319 Ordinis
953 2292 1043 2319 Vallis
1055 2292 1245 2328 Scholanhcm,
1258 2293 1427 2330 specialiter
1440 2296 1537 2320 autem
1552 2293 1666 2319 domum
1679 2293 1717 2319 ab
1728 2302 1760 2320 eo
1776 2294 1901 2319 Parisiis
1912 2303 2088 2330 possessam,
2106 2294 2160 2320 sub

363 2349 420 2367 sua
431 2341 610 2377 protectione
624 2341 756 2378 suscipit.

1533 2379 1612 2409 1229,
1629 2378 1693 2405 dulit·
1702 2379 1749 2408 25,
1765 2379 1872 2406 rameii.

364 2451 571 2497 Gregorius
591 2451 789 2498 episcopus
810 2463 940 2486 servus
965 2464 1156 2486 servorum
1179 2452 1245 2486 Dei
1266 2452 1411 2486 dilectis
1431 2452 1517 2486 filiis
1539 2453 1652 2498 priori
1673 2459 1709 2486 et
1728 2453 1924 2486 conventui
1947 2453 2157 2487 monasterii

274 2517 404 2551 Sancte
431 2518 544 2552 Marie
571 2518 609 2551 in
637 2518 760 2552 Insula
787 2519 942 2552 Trecen.
971 2518 1114 2553 ordinis
1138 2518 1255 2553 Vallis
1276 2518 1477 2553 Scolarium
1501 2519 1654 2553 salutem
1677 2526 1712 2553 et
1731 2519 1967 2565 apostolicam
1988 2519 2157 2553 benedic-

274 2583 422 2618 tionem.
443 2585 534 2619 Cum
556 2597 574 2618 a
596 2585 704 2619 nobis
725 2585 872 2631 petitur,
895 2585 993 2632 quod
1009 2586 1150 2631 justum
1172 2592 1228 2619 est
1247 2592 1284 2619 et
1302 2585 1511 2628 honestum,
1530 2592 1598 2619 tani
1619 2586 1726 2632 vigor
1746 2586 1916 2631 equitatis
1936 2598 2041 2632 quam
2065 2587 2156 2620 ordo

272 2651 386 2697 exigit
414 2651 580 2694 rationis,
612 2658 649 2686 ut
680 2652 716 2686 id
747 2664 812 2698 per
841 2651 1127 2686 sollicitudinem
1159 2652 1267 2686 ossicii
1298 2652 1414 2686 nostri
1444 2652 1488 2686 ad
1523 2652 1685 2686 debitum
1722 2653 1941 2698 perducatur
1972 2654 2153 2687 effectum.

274 2718 475 2765 Eapropter
494 2718 618 2753 dilecti
643 2719 680 2752 in
702 2719 859 2753 Domino
881 2719 946 2753 filii
967 2719 1101 2754 vestris
1116 2719 1229 2765 justis
1255 2719 1566 2765 postulationibus
1586 2726 1690 2766 grato
1715 2727 1978 2754 concurrentes
1999 2732 2152 2754 assensu

270 2797 447 2831 personas
473 2792 614 2820 vestras
644 2792 679 2820 et
709 2787 984 2828 monasterium,
1010 2786 1048 2820 in
1075 2799 1148 2832 quo
1173 2786 1298 2821 divino
1326 2787 1415 2820 estis
1443 2786 1623 2833 obsequio
1651 2787 1855 2833 mancipati,
1877 2799 1959 2821 cum
1981 2787 2152 2821 omnibus

271 2851 392 2895 bonis,
415 2864 487 2899 que
507 2853 545 2886 in
566 2853 832 2900 presentiarum
860 2853 1126 2888 rationabiliter
1145 2854 1345 2900 possidetis
1370 2861 1428 2888 aut
1454 2854 1492 2887 in
1512 2855 1672 2888 futurum
1696 2855 1808 2899 justis
1829 2854 1948 2888 modis
1969 2861 2153 2900 prestante

271 2919 427 2953 Domino
457 2919 624 2966 poteritis
653 2920 821 2967 adipisci,
852 2920 922 2955 sub
951 2920 1047 2955 beati
1077 2921 1173 2955 Petri
1204 2927 1239 2955 et
1268 2927 1392 2955 nostra
1421 2921 1648 2967 protectione
1678 2921 1912 2967 suscipimus,
1945 2921 2152 2967 specialiter

269 2992 388 3020 autem
418 2986 580 3029 domum,
607 2999 714 3034 quam
742 2987 885 3022 habetis
915 2988 1091 3031 Pan-isius,
1121 2994 1251 3031 terras,
1279 2988 1554 3034 possessiones,
1575 2988 1741 3022 redditus
1763 2995 1797 3021 ct
1817 2987 1884 3021 alia
1911 2987 2003 3020 bona
2032 2994 2149 3020 vostra
