2580 3528
257 400 355 442 1257]
596 410 644 432 ΑΒ
677 410 784 432 Anno
819 409 897 432 nco
930 409 1063 439 usous
1098 409 1147 432 An
1182 410 1412 433 rnruvrun
1447 411 1488 432 iv
1521 411 1610 433 nso..
1648 411 1785 433 rnxnc.
2062 402 2126 436 367

343 484 487 528 Quibus
518 483 624 518 lectis
658 483 749 517 dixit
778 483 874 517 idem
905 484 1079 530 magister
1099 495 1139 517 ea
1160 495 1231 529 que
1252 491 1484 530 sequuntur:
1512 484 1665 528 Quando
1692 485 1811 530 recepi
1845 485 2064 527 mandatum,
2090 493 2129 518 ut

254 551 414 585 dicerem
438 551 536 596 quod
555 550 808 584 Predicatores
829 557 865 584 et
884 551 1047 584 Minores
1069 563 1143 584 non
1164 557 1250 584 sunt
1270 562 1336 584 nec
1357 551 1505 584 suerunt
1525 562 1592 584 nec
1617 551 1728 583 futuri
1755 558 1840 584 sunt
1865 551 1909 584 de
1935 551 2129 596 discipulis

253 617 470 660 antichristi,
496 623 576 659 etc„
609 617 730 663 recepi
758 617 964 651 mandatum
988 617 1056 652 hoc
1081 617 1202 660 inodo,
1233 624 1269 651 et
1297 618 1370 651 dixi
1401 630 1521 651 coram
1549 617 1809 658 cardinalibus,
1836 617 1973 650 scilicet
1996 630 2002 650 :
2027 633 2043 648 «
2067 619 2127 663 qui

252 685 380 719 vivunt
405 684 607 718 secundum
636 684 802 718 ordinem
829 696 935 718 suum
966 698 997 717 ».
1029 686 1073 718 Et
1101 685 1171 730 ipsi
1201 684 1384 726 dixerunt,
1415 684 1514 730 quod
1540 684 1609 730 ipsi
1638 695 1704 717 nec
1731 684 1836 717 aliter
1861 683 2126 729 intelligebant.

254 752 397 786 Fratres
423 751 530 786 etiam
557 751 695 793 dicunt,
723 751 821 797 quod
847 751 915 785 hoc
940 751 1044 785 aliter
1064 764 1137 786 non
1158 751 1380 798 intelligunt.
1408 753 1452 785 Et
1476 758 1559 797 peto
1584 764 1603 784 a
1627 751 1761 784 nuncio
1788 751 1926 784 domini
1951 751 2128 796 episcopi,

253 824 293 851 ut
316 818 378 852 det
401 817 510 851 michi
534 829 605 864 que
629 817 703 851 dixi
729 817 798 851 sub
823 818 947 863 sigillo
973 818 1111 852 domini
1136 818 1313 864 episcopi.
1340 819 1414 851 Nos
1434 829 1520 852 vero
1546 817 1856 867 in'testimonium
1882 817 2128 862 predictorum

253 884 414 931 sigillum
449 891 614 918 nostrum
652 884 886 930 presentibus
918 885 1088 918 duximus
1119 885 1388 931 apponendum.
1421 886 1549 918 Datum
1582 884 1618 917 in
1647 884 1772 930 vigilia
1806 882 1901 917 beati
1931 884 2128 930 Augustini

252 963 347 985 anno
368 951 545 998 predicto.

342 1019 417 1052 Nos
437 1018 662 1064 Reginaldus
690 1018 755 1052 Dei
780 1018 895 1064 gratia
920 1018 1117 1064 episcopus
1138 1018 1358 1052 parisiensis
1385 1018 1429 1051 ad
1454 1030 1597 1051 omnem
1619 1017 1891 1064 ambiguitatem
1918 1017 2127 1058 tollendam,

252 1084 403 1119 verbum
433 1085 565 1118 litteris
593 1085 730 1118 nostris
756 1085 948 1126 insertum,
980 1084 1115 1130 quihus
1144 1097 1298 1131 presens
1325 1085 1505 1131 scriptura
1532 1092 1589 1118 est
1615 1097 1772 1126 annexa,
1803 1085 1901 1130 quod
1931 1091 1987 1117 est
2017 1084 2085 1118 tale
2119 1096 2126 1117 :

253 1166 270 1183 «
301 1153 376 1185 Nos
408 1163 495 1185 vero
525 1152 562 1185 in
592 1151 841 1185 testimoninm
872 1151 1120 1197 predictorum
1152 1151 1316 1198 sigillum
1346 1158 1511 1185 nostrum
1542 1151 1777 1197 presentibus
1812 1151 1982 1184 duximus
2016 1163 2129 1197 appo-

252 1218 412 1252 nendum
441 1232 472 1259 »,
503 1233 520 1250 «
552 1219 589 1251 in
618 1218 865 1252 testimonium
896 1218 1142 1264 predictorum
1174 1232 1190 1250 1»
1221 1218 1268 1252 ita
1298 1218 1544 1252 intelleximus
1574 1225 1609 1252 et
1638 1217 1890 1264 intelligimus,
1922 1218 1958 1250 id
1993 1224 2060 1260 est,
2092 1218 2128 1251 in

252 1285 512 1327 testimonium,
530 1284 634 1330 quod
654 1285 773 1318 dictus
799 1285 973 1330 magister
997 1284 1229 1319 Christianus
1249 1285 1296 1318 ita
1317 1285 1510 1330 proposuit
1534 1285 1571 1318 in
1596 1285 1779 1330 presentia
1806 1284 1962 1318 mandati
1988 1284 2126 1325 nostri;

251 1363 326 1386 non
351 1350 448 1385 enim
468 1357 611 1385 constat
630 1349 752 1392 nobis,
774 1351 871 1396 quod
893 1351 1096 1384 cardinales
1117 1351 1276 1384 dixerint
1295 1351 1353 1385 vel
1373 1351 1471 1397 quod
1487 1351 1621 1384 ‘fratres
1642 1351 1775 1393 dicant,
1798 1351 1895 1396 quod
1924 1363 1997 1384 non
2023 1351 2128 1384 aliter

249 1417 505 1464 intelligebant
530 1417 588 1452 vel
614 1416 840 1463 intelligunt,
871 1429 977 1463 quain
1008 1415 1128 1451 dictus
1159 1418 1334 1463 magister
1363 1417 1585 1451 intellexerit
1616 1418 1660 1450 de
1689 1417 1881 1463 discipulis
1909 1417 2125 1451 antichristi.

249 1485 378 1519 Datum
399 1496 494 1518 anno
514 1483 660 1518 Domini
682 1484 923 1526 M⁰CC⁰LV11‚
945 1495 1071 1517 mense
1092 1484 1274 1530 Augusto.

342 1608 430 1634 Codex
442 1608 585 1642 privilegia
598 1608 664 1634 Ord.
678 1609 809 1634 Hinorum
824 1608 960 1633 continens
976 1611 1002 1633 et
1016 1609 1050 1632 ad
1065 1606 1129 1633 Ord.
1147 1609 1224 1633 Serv.
1243 1608 1342 1633 Mariae
1356 1609 1491 1641 pertinens
1507 1609 1586 1639 (saec.
1603 1606 1686 1641 xm).

343 1721 366 1744 1.
379 1720 444 1744 Vide
457 1728 540 1753 snpra
554 1724 584 1744 n⁰
597 1721 653 1745 293.
666 1732 698 1739 --
712 1721 736 1745 2.
751 1719 788 1744 De
802 1720 944 1746 Guillelmo
959 1721 992 1744 de
1006 1721 1033 1745 S.
1048 1721 1143 1745 Amore
1153 1728 1282 1753 ‚summus
1298 1721 1416 1753 pontifex
1431 1720 1540 1752 scripsit
1553 1720 1633 1744 etiam
1649 1719 1802 1744 Bononiam.
1819 1719 1884 1744 Vide
1898 1720 1968 1744 infra
1983 1725 2012 1744 n⁰
2027 1721 2080 1744 ³18.
2096 1733 2127 1739 -—-

248 1765 273 1790 8.
285 1765 324 1789 Ex
341 1765 391 1789 hoc
406 1765 562 1789 concludere
575 1773 719 1797 possumus
733 1765 940 1790 declarationem
959 1773 1011 1789 non
1030 1768 1134 1789 tantum
1153 1765 1179 1789 in
1199 1765 1291 1797 lingua
1312 1765 1404 1794 latinu,
1421 1765 1467 1789 sed
1486 1765 1566 1789 etiam
1580 1765 1608 1788 in
1622 1764 1728 1796 vulgari
1744 1764 1801 1788 fieri
1820 1764 1953 1789 debuisse.
1971 1779 2003 1783 -—
2016 1766 2041 1789 4.
2058 1765 2127 1789 Haec

247 1807 391 1833 declaratio
405 1817 489 1842 paene
502 1810 537 1834 ad
551 1809 662 1834 verbum
682 1817 742 1833 cum
762 1809 809 1833 illa
823 1817 906 1842 supra
921 1813 951 1833 n⁰
965 1810 1012 1834 293
1026 1809 1110 1834 relatu
1132 1809 1268 1842 congruit;
1288 1809 1331 1833 hic
1350 1809 1438 1833 omnin
1453 1810 1604 1833 referuntur
1623 1811 1726 1833 tantum
1741 1808 1768 1832 in
1783 1809 1870 1841 prima
1888 1818 2012 1841 persona,
2034 1807 2060 1833 id
2076 1811 2125 1838 est,

248 1852 276 1878 in
288 1861 403 1886 persone
418 1853 572 1880 Christiani.

248 2051 362 2089 318,
383 2055 552 2084 Alexander
567 2055 724 2084 [Vlacobo
743 2058 877 2094 episcopo
896 2058 1071 2084 Bononiensi
1090 2057 1211 2083 mandat
1231 2061 1262 2084 ut
1280 2057 1453 2084 sententiam
1475 2057 1504 2083 in
1528 2056 1709 2084 Guillelmum
1725 2056 1761 2084 de
1782 2059 1887 2084 Sancto
1907 2058 2012 2084 Amore
2033 2057 2125 2084 latam

335 2103 497 2140 promulget
513 2111 550 2130 ac
568 2103 716 2139 magistris
737 2107 765 2131 et
779 2103 961 2131 scholaribus
976 2106 1064 2140 alqaie
1079 2103 1149 2131 aliis
1163 2104 1392 2131 Bononiensibus
1407 2103 1538 2130 inhibeat
1560 2112 1595 2131 ne
1617 2103 1724 2130 dictum
1747 2103 1926 2131 Guillelmam
1947 2103 2081 2139 audiant,
2098 2105 2125 2131 si

336 2153 412 2188 forte
422 2151 598 2189 praedicare
613 2152 656 2180 vel
666 2151 837 2179 cathedram
853 2152 1052 2189 magistralem
1067 2152 1224 2180 ascendere
1236 2153 1477 2190 praesumpserit.

1400 2268 1476 2299 1257,
1491 2267 1651 2301 septembr-la
1664 2269 1710 2299 24.
1727 2267 1836 2295 ritae-bit.

335 2354 542 2389 Alexander
570 2356 766 2402 episcopus
795 2367 925 2391 servus
952 2368 1142 2390 servorum
1168 2357 1234 2390 Dei
1262 2356 1462 2391 venerabili
1490 2356 1591 2390 fratri
1620 2382 1641 2389 ..
1673 2356 1847 2402 episcopo
1878 2356 2120 2390 Bononiensi¹

247 2421 400 2455 salutem
427 2428 464 2456 et
490 2421 724 2468 apostolicam
753 2421 1061 2456 benedictionem.
1090 2423 1182 2458 Cum
1210 2430 1358 2469 propter
1382 2422 1603 2469 multiplices
1630 2422 1768 2468 culpas,
1797 2428 1861 2457 etc.
1889 2423 1982 2457 sicut
2010 2434 2122 2468 supra

247 2491 287 2522 n·
310 2489 388 2530 315,
414 2499 519 2535 usque
542 2488 673 2523 audeat
701 2488 901 2535 predicare.
931 2487 1068 2525 Deinde
1096 2502 1108 2523 .·
1140 2488 1301 2535 Ideoque
1334 2489 1548 2523 fraternitati
1579 2496 1639 2523 tue
1667 2500 1732 2535 per
1760 2488 1958 2535 apostolica
1988 2489 2121 2536 scripta

248 2554 460 2589 mandamus
489 2555 660 2601 quatinus
695 2555 732 2589 in
768 2555 923 2590 ecclesia
956 2556 1183 2590 Bononiensi
1214 2562 1251 2590 et
1281 2555 1382 2598 alibi,
1420 2555 1483 2590 ubi
1515 2555 1686 2602 expedire
1719 2555 1869 2598 videris,
1902 2567 1966 2602 per
1998 2562 2032 2590 te
2063 2556 2121 2590 vel

246 2632 313 2667 per
336 2620 445 2655 alium
473 2621 634 2667 predicta
660 2621 846 2668 publicare
867 2634 1058 2668 procures,
1078 2635 1118 2656 ac
1139 2622 1324 2669 magistris
1354 2629 1390 2657 et
1413 2621 1618 2656 scolaribus
1645 2634 1684 2656 ac
1711 2621 1793 2656 aliis
1821 2621 2119 2656 Bononiensibus

246 2686 430 2722 universis
453 2685 655 2723 districtius
679 2688 891 2723 auctoritate
916 2695 1040 2723 nostra
1070 2688 1140 2723 sub
1165 2688 1550 2724 excommunicationis
1579 2701 1671 2736 pena
1701 2688 1850 2723 studeas
1877 2687 2043 2723 inhibere
2074 2701 2119 2723 ne

246 2753 381 2788 dictum
408 2754 650 2790 Guillermum
671 2756 831 2798 audiant,
852 2756 884 2790 si
904 2757 997 2790 forte
1017 2762 1142 2790 contra
1162 2756 1373 2802 hujusmodi
1392 2755 1648 2790 inhibitionem
1670 2762 1829 2791 nostram
1855 2756 2119 2790 conventiones

245 2820 376 2863 facere,
404 2828 466 2856 aut
490 2819 692 2868 predicare,
717 2821 774 2857 vel
797 2822 1004 2857 cathedram
1025 2823 1292 2870 presumpserit
1310 2823 1510 2857 ascendere
1531 2822 1789 2870 magistralem.
1817 2824 1861 2856 Et
1885 2822 1916 2856 si
1942 2822 2006 2856 tibi
2032 2835 2120 2856 con-

246 2886 391 2930 stiterit,
425 2887 531 2934 quod¹
557 2889 764 2924 nominatus
793 2888 1020 2924 Guillermus
1053 2897 1178 2924 contra
1212 2889 1282 2924 tale
1315 2896 1526 2936 preceptum
1562 2896 1727 2924 nostrum
1762 2890 1799 2923 in
1836 2889 1959 2935 aliquo
1991 2889 2116 2923 venire

246 2955 524 3001 presumpserit,
549 2954 751 2990 denuncies
770 2956 890 3003 ipsum
910 2956 1058 3003 publice
1077 2956 1426 2991 excommunicatum
1449 2966 1490 2990 ac
1516 2963 1694 3003 perpetuo
1714 2956 1833 2990 officio
1853 2955 2116 3001 beneficiisque
