2580 3528
246 441 344 482 1250]
591 449 639 472 AB
673 449 780 472 Anno
813 449 891 472 mcc
924 449 1056 478 usqua·
1091 448 1140 471 sn
1175 449 1405 472 rainerum
1441 449 1482 471 iv
1518 449 1606 471 nso.
1645 449 1781 471 rasse.
2055 440 2120 473 219

244 528 271 550 et
293 525 418 558 praebuit
442 533 519 548 suum
543 532 692 552 assensum,
712 524 783 556 quod
803 527 829 547 ct
848 523 932 548 abbas
956 523 1125 548 Theobaldus
1150 523 1219 548 tecit.
1242 524 1346 550 Chart..
1367 532 1394 555 p.
1416 523 1469 551 100,
1486 527 1515 546 n⁰
1536 523 1588 547 1116.
1606 523 1719 552 Archiv,
1733 527 1793 553 etc„
1808 532 1835 555 p.
1852 524 1907 548 583.
1922 524 1982 548 Jain
2001 532 2044 548 nn.
2061 524 2121 548 1258

245 569 415 598 Theobsldus
431 570 539 593 domum
553 569 697 601 quamdam
711 569 782 600 apud
797 569 825 592 S.
842 568 1006 600 Stephanum
1020 568 1053 592 de
1067 568 1209 592 Gressibus
1224 568 1308 592 Puris.
1324 568 1359 591 ab
1374 567 1470 591 abbate
1485 568 1690 591 Praemonstrat.
1707 568 1779 591 emit.
1796 568 1847 592 Sed
1862 568 1894 592 de
1904 568 2016 599 collegio
2031 568 2120 599 aliquo

244 617 271 639 et
283 614 316 638 de
331 613 499 638 studentibus
514 613 668 637 monasterii
683 613 710 637 S.
724 613 858 637 Benedicti
872 613 986 637 Floriac.
1000 612 1110 637 Parisiis
1125 612 1298 636 existentibus
1314 613 1387 636 nulla
1402 612 1528 636 memoria
1546 612 1619 636 illius
1634 612 1762 644 temporis
1777 612 1811 636 nd
1825 620 1873 636 nos
1887 612 2017 644 pervenit.

339 699 363 723 1.
381 690 515 731 Dionysio.
530 698 651 723 ‚Iohanne
665 706 708 722 un.
724 698 785 722 1248
800 698 933 722 defuncto.
949 697 991 722 Ci-
1006 697 1114 726 Rocher‚
1124 697 1206 731 Just.
1220 698 1253 722 de
1265 697 1387 728 l'abbaye
1400 697 1499 728 royale
1512 697 1541 721 S.
1555 697 1818 727 Remit-sur-Loirc,
1834 705 1860 728 p.
1877 698 1931 720 333.

250 879 340 918 191
350 909 358 917 .
382 889 563 916 Innocentius
579 890 596 914 1
600 889 623 915 V
632 888 796 915 Haimerico
812 887 988 914 cancellario
1002 887 1165 914 Parisiensi
1179 886 1300 913 mandat
1313 891 1344 913 ut
1359 887 1396 913 iis
1410 886 1563 922 religiosis,
1579 895 1651 923 quos
1663 890 1731 923 post
1745 886 1988 912 examinationem
2004 885 2122 912 idoneos

329 937 513 974 judicaverit,
531 937 677 964 licentiam
692 946 727 964 ne
740 936 957 974 postulantibus
972 936 1086 973 quidem
1102 936 1249 963 concedat.

1494 981 1572 1011 7250,
1586 981 1648 1007 Maii
1657 981 1704 1011 30,
1718 980 1834 1014 Luadum‘.

338 1062 574 1097 Innocentius
611 1061 808 1108 episcopus
847 1073 977 1095 servus
1015 1072 1205 1094 servorum
1244 1060 1311 1094 Dei
1354 1060 1488 1094 dilecto
1527 1059 1602 1094 filio
1640 1059 1879 1093 cancellario¹
1924 1059 2123 1093 Parisiensi

248 1129 401 1163 salutem
421 1135 458 1163 et
477 1128 711 1175 apostolicam
733 1127 1040 1161 benedictionem.
1067 1128 1185 1173 Super
1205 1127 1437 1161 licentiandis
1457 1127 1643 1173 magistris
1668 1127 1706 1160 in
1731 1126 1936 1172 theologica
1956 1125 2123 1160 facultate

247 1196 511 1243 indulgentiam
533 1194 578 1228 ab
597 1194 796 1241 apostolica
815 1194 904 1228 sede
925 1194 1060 1228 diceris
1080 1193 1215 1227 habere
1236 1194 1331 1227 inter
1349 1200 1469 1228 cetera
1489 1194 1751 1235 continentem,
1773 1193 1872 1239 quod
1893 1199 1977 1239 post
1996 1193 2124 1226 exami—

249 1263 430 1297 nationem
464 1274 591 1296 eorum
620 1262 722 1307 juxta
757 1268 851 1294 tuam
885 1261 1145 1294 conscientiam
1181 1272 1293 1306 super
1326 1260 1394 1294 hoc
1429 1261 1495 1294 des
1528 1260 1586 1294 vel
1620 1272 1735 1306 neges
1769 1260 1905 1306 petenti
1941 1260 2123 1293 licentiam

250 1329 464 1376 postulatam
480 1329 504 1361 ¹.
526 1328 618 1363 Cum
641 1334 773 1369 autem⁷
796 1328 892 1361 sicut
910 1327 1131 1373 accepimus,
1158 1334 1195 1360 tu
1220 1333 1385 1373 pretextu
1406 1326 1600 1360 verborum
1623 1326 1833 1372 hujusmodi
1854 1327 1991 1360 nemini
2012 1339 2124 1372 quan-

250 1403 472 1441 tumcunque
500 1395 613 1440 digno
640 1394 821 1428 licentiam
850 1394 954 1427 istam
980 1394 1175 1435 concedas,
1206 1394 1277 1426 nisi
1305 1400 1447 1439 petatur
1476 1393 1520 1427 ab
1550 1394 1644 1439 ipso,
1675 1405 1743 1427 nos
1769 1393 1998 1427 attendentes
2026 1394 2124 1439 quod

250 1462 375 1509 plures
394 1461 527 1508 ydonei
549 1467 585 1495 et
603 1461 776 1507 precipue
798 1460 978 1506 religiosi,
1004 1461 1066 1506 qui
1092 1459 1314 1494 voluntatem
1336 1472 1436 1494 suam
1466 1460 1502 1492 in
1529 1459 1621 1493 alios
1643 1459 1918 1501 transtulerunt,
1941 1472 2124 1505 nunquam

250 1529 401 1564 eandem
422 1529 605 1563 licentiam
630 1527 871 1574 postularent,
900 1527 1114 1561 discretioni
1143 1533 1203 1561 tue
1228 1539 1293 1573 per
1318 1527 1516 1573 apostolica
1542 1527 1676 1572 scripta
1702 1526 1926 1567 mandamuS‚
1956 1524 2126 1572 quatinus

250 1608 327 1638 ece,
359 1607 452 1642 quos
481 1595 684 1629 secundum
713 1595 864 1628 formam
895 1594 961 1628 tibi
989 1606 1008 1628 a
1038 1594 1244 1640 supradicta
1275 1594 1363 1627 sede
1396 1605 1609 1627 concessam
1644 1593 1778 1639 dignos
1813 1593 2008 1639 repereris,
2045 1605 2126 1626 cum

250 1663 377 1710 petitio
402 1662 612 1708 hujusmodi
633 1661 814 1695 neminem
836 1661 1043 1707 digniorem
1064 1661 1207 1703 efficiat,
1228 1660 1411 1695 licentiam
1432 1661 1560 1706 ipsam,
1587 1661 1656 1694 etsi
1677 1672 1751 1694 non
1778 1667 1919 1706 petatur
1948 1660 1992 1693 ab
2021 1660 2126 1706 ipsis,

250 1730 331 1765 sine
364 1728 575 1764 difficultate
607 1727 726 1774 aliqua
757 1727 935 1773 largiaris.
973 1729 1051 1762 Dat.
1087 1728 1258 1774 Lugduni
1293 1728 1330 1774 iij
1367 1727 1435 1761 kal.
1471 1727 1581 1765 Junii,
1619 1727 1850 1773 pontificatus
1883 1727 1999 1761 nostri
2033 1739 2127 1761 anno

251 1796 420 1842 septimo.

345 1893 409 1919 Cod.
425 1894 516 1918 Buten.
538 1893 648 1918 Constit.
665 1893 728 1918 Ord.
746 1893 839 1917 Praed.
855 1893 888 1917 ad
904 1893 992 1926 ipsum
1007 1893 1064 1917 ord.
1080 1893 1225 1925 pertinens,
1241 1902 1267 1925 p.
1284 1894 1338 1922 237,
1350 1893 1451 1925 ubsque
1465 1893 1592 1925 temporis
1608 1896 1679 1918 uota.
1694 1907 1725 1911 —
1740 1893 1863 1921 Bulaeus,
1880 1893 1926 1920 ΙΙΙ,
1942 1893 1996 1916 223.
2010 1906 2037 1910 -
2056 1893 2128 1916 Hunc

252 1938 432 1962 verisimiliter
451 1938 593 1971 epistolem
607 1937 732 1970 Gunugu
747 1938 798 1968 (De
815 1937 926 1969 origine
941 1939 1054 1969 seraph.
1066 1937 1148 1969 reliq.
1164 1938 1317 1967 Πανιάδα,
1333 1946 1360 1970 p.
1377 1938 1431 1968 115)
1446 1938 1480 1961 ad
1494 1946 1537 1962 nn.
1554 1939 1568 1961 2
1586 1938 1757 1971 pontificatus
1776 1937 1920 1962 Innocentii
1936 1938 2024 1966 refert,
2038 1937 2128 1961 dicens

253 1983 434 2007 innocentium
447 1982 626 2011 constituisse,
642 1985 672 2006 ut
686 1981 850 2014 theologicae
863 1982 997 2006 facultatis
1014 1982 1120 2006 scholae
1135 1982 1268 2014 publicae,
1281 1982 1474 2014 disputationes
1485 1985 1511 2006 ct
1520 1982 1690 2006 honorabiles
1705 1982 1805 2014 gradus
1820 1981 1965 2005 Minoribus
1981 1984 2007 2005 ct
2019 1981 2128 2005 Praedi-

251 2027 386 2052 cator-ibus
398 2035 458 2051 cum
472 2027 532 2051 aliis
547 2030 636 2051 essent
651 2035 813 2051 communes.
829 2026 893 2051 Vide
908 2027 942 2050 ad
956 2027 1006 2051 hoc
1020 2027 1105 2052 Mem.
1118 2027 1152 2051 de
1167 2026 1196 2052 la
1212 2027 1273 2052 Soc.
1288 2028 1321 2052 de
1333 2026 1417 2052 l'hise.
1433 2028 1465 2051 de
1478 2027 1563 2052 Paris
1573 2031 1597 2052 et
1611 2028 1644 2052 de
1657 2026 1900 2055 FIlede—France,
1917 2027 1946 2055 X,
1963 2027 2018 2050 2¹16.

347 2112 369 2135 1.
388 2110 494 2145 Goltero
509 2119 552 2135 nn.
568 2111 639 2139 1249,
660 2119 749 2135 mense
763 2111 851 2139 Junio,
867 2111 901 2135 ad
915 2111 1099 2143 episcopatum
1119 2111 1296 2136 Pnrisieusem
1315 2114 1453 2143 assumpto
1474 2111 1543 2141 (vide
1562 2119 1645 2143 supra
1659 2111 1693 2134 ad
1708 2115 1737 2134 η’)
1752 2111 1806 2143 176)
1822 2110 1986 2134 Haimoricus
2002 2110 2034 2134 de
2054 2110 2128 2134 Veire

253 2155 359 2186 (Vnire),
375 2155 417 2180 vel
431 2155 503 2184 Veri,
519 2158 549 2179 ut
563 2155 662 2187 legitur
682 2155 710 2180 in
725 2155 801 2180 Arch.
823 2158 876 2179 nat.
897 2155 983 2180 Puris.
998 2156 1046 2180 LL.
1065 2156 1119 2185 189,
1140 2155 1185 2188 qui
1205 2156 1330 2180 laudatur
1352 2155 1379 2179 iu
1398 2155 1455 2179 doc.
1477 2159 1506 2179 ιιο
1525 2156 1580 2183 178,
1596 2155 1770 2179 cancellarius
1791 2155 1949 2179 Pnrisiensis
1969 2155 2054 2179 luctus
2077 2158 2127 2183 est,

253 2200 328 2232 cujus
342 2203 446 2224 exstant
460 2200 528 2224 varii
543 2207 688 2224 sermones.
711 2199 775 2223 Vide
798 2200 883 2232 Lecoy
897 2200 930 2223 de
948 2200 975 2224 la
995 2200 1109 2228 Marciis,
1126 2200 1168 2226 La
1187 2201 1285 2225 chaire
1298 2199 1453 2231 t'rancat‘se,
1474 2201 1499 2223 2·
1520 2200 1571 2227 ed..
1588 2208 1615 2232 p.
1637 2199 1690 2228 191,
1712 2200 1767 2223 512.
1787 2199 1844 2223 Non
1865 2202 1977 2228 constat,
1993 2207 2045 2231 quo
2060 2207 2128 2222 anno

254 2247 374 2268 mortuus
388 2244 424 2268 sit
438 2245 478 2268 vel
493 2244 679 2269 cancellariam
694 2244 834 2268 dimiserit.
850 2244 879 2268 in
895 2245 971 2270 Cart.
990 2246 1025 2269 de
1039 2244 1144 2276 l'dylt'se
1158 2244 1355 2273 Nota-Dame,
1375 2244 1417 2269 ed.
1433 2244 1561 2272 Gudrnrd,
1579 2244 1612 2272 11,
1627 2245 1666 2272 67,
1683 2245 1738 2272 408,
1754 2243 1876 2268 ultimum
1892 2243 2043 2267 nominatur
2058 2243 2127 2272 1259,

254 2297 342 2313 mense
356 2289 492 2312 sunu-rio.
514 2289 605 2320 ipsum
623 2291 711 2312 tamen
731 2296 814 2321 usque
833 2289 867 2312 ad
887 2297 928 2312 nn.
950 2289 1010 2312 1264
1026 2289 1132 2313 circiter
1150 2289 1248 2313 vixisse
1260 2289 1389 2320 conjicere
1403 2297 1546 2320 possumus
1560 2297 1590 2312 cx
1605 2288 1762 2312 documento
1777 2288 1846 2312 infra
1861 2288 1996 2319 publicato
2009 2288 2127 2319 ejusdcm

253 2333 324 2361 unni.
341 2333 402 2357 Maii
417 2333 456 2357 26.
468 2346 500 2351 —-
513 2334 536 2357 2.
552 2332 592 2357 Cf.
609 2333 667 2357 doe.
684 2341 766 2365 supra
780 2337 809 2357 ¹1⁰
824 2334 861 2357 79.

259 2464 368 2505 192.
390 2474 571 2500 Innocentius
588 2474 632 2500 IV
640 2473 788 2500 monachia
802 2473 985 2500 studentibus
1003 2473 1070 2500 Ora.
1090 2474 1204 2500 Cisterc.
1223 2474 1251 2500 in
1266 2482 1336 2500 nova
1353 2473 1533 2499 habitatione
1549 2473 1577 2499 in
1596 2472 1749 2499 Cardine-10
1760 2472 1860 2499 eadem
1874 2472 2036 2509 privilegia,
2052 2481 2128 2508 quae

340 2523 425 2559 prius
438 2522 595 2558 habebant,
612 2522 682 2549 atii:
697 2522 852 2559 adjunctis,
870 2522 1008 2550 concedit.

1454 2571 1534 2601 1260.
1549 2570 1657 2604 laqueti
1666 2571 1711 2601 20,
1727 2571 1841 2604 tuydam.

344 2655 581 2689 Innocentius
601 2655 798 2701 episcopus
819 2667 949 2689 servus
969 2667 1158 2689 servorum
1181 2655 1246 2688 Dei
1267 2654 1411 2688 dilectis
1433 2654 1517 2687 filiis
1540 2681 1562 2687 ..
1586 2654 1765 2700 provisori
1793 2661 1829 2688 ct
1848 2654 2035 2688 monachis
2057 2653 2125 2687 loci

255 2721 318 2766 qui
337 2721 472 2755 dicitur
493 2722 593 2755 Beati
614 2722 791 2755 Bernardi
813 2722 849 2755 in
870 2721 1068 2756 Cardineto
1094 2721 1303 2762 Parisiensi‚
1325 2721 1585 2755 Cisterciensis
1606 2721 1769 2761 Ordinis,
1792 2720 1943 2755 salutem
1966 2727 2003 2754 et
2021 2733 2128 2766 apos-

256 2786 398 2821 tolicam
420 2787 726 2823 benedictionem.
757 2790 808 2822 Ex
835 2794 933 2834 parte
962 2795 1081 2822 vestra
1109 2788 1177 2822 suit
1203 2788 1428 2834 propositum
1456 2799 1577 2821 coram
1606 2787 1726 2829 nobis,
1753 2787 1849 2833 quod
1877 2787 2036 2825 deloco.
2066 2787 2125 2822 ubi

257 2853 424 2899 primitus
453 2854 615 2896 fueratis,
645 2855 706 2901 qui
738 2854 867 2889 usibus
897 2855 1029 2889 vestris
1058 2855 1208 2889 nimium
1238 2861 1338 2889 artus
1367 2861 1455 2895 crat,
1485 2854 1529 2888 nd
1565 2854 1683 2888 locum
1719 2854 1763 2888 de
1797 2854 1994 2889 Cardineto
2023 2853 2128 2887 vobis

256 2920 490 2965 accomodum
518 2927 555 2955 et
580 2921 702 2955 studio
729 2921 787 2955 cui
816 2921 985 2956 insistitis
1010 2922 1126 2968 magis
1152 2927 1272 2968 aptum
1298 2933 1364 2955 vos
1391 2920 1654 2955 deliberatione
1683 2921 1831 2967 provida
1854 2920 2126 2955 transtulistis¹.

260 2985 364 3020 Unde
390 2997 471 3021 cum
500 2987 606 3021 vobis
637 2988 673 3022 in
702 2988 815 3034 priori
847 2988 928 3022 loco
955 2987 1176 3034 degentibus
1205 2988 1438 3022 concessisse
1465 2987 1664 3027 ‹licainur²,
1695 2994 1732 3021 ut
1761 2986 1977 3033 privilegiis,
2009 2986 2128 3020 indul-
