2580 3528
447 411 513 445 676
1024 418 1343 441 οιιΑῐιτυιΛιιιυΜ
1379 417 1570 439 umvsas.
1607 416 1737 438 PAms.

448 489 2328 504 μ

446 541 491 563 407
583 536 651 563 1266
776 539 837 562 Maii
854 539 883 562 27
965 538 1085 561 Clemens
1101 538 1134 561 lv
1149 537 1175 560 in
1191 536 1286 561 litteris
1302 536 1334 559 ad
1350 536 1483 559 Simonem
1497 536 1615 564 legatum
1630 534 1738 559 directis
1753 535 1920 559 vehementer
1939 535 2065 568 objurgat
2082 535 2235 567 magistros,

997 582 1130 606 scholares
1145 582 1263 613 aliosque
1279 582 1323 612 qui
1338 580 1488 612 privilegiis
1503 588 1518 603 a
1533 580 1594 603 sede
1610 579 1756 611 apostolica
1769 579 1901 603 concessis
1915 588 2041 612 perverse
2055 580 2209 605 abutuntur.
2229 597 2235 605 .
2281 581 2327 604 44ss

445 643 491 665 408
601 653 633 657 —
795 642 865 665 Julio
965 640 1090 671 Magister
1106 639 1264 671 Stephanus,
1282 638 1455 662 cancellarius
1471 637 1639 667 Purisiensis,
1655 640 1747 661 notum
1767 637 1830 661 facit
1842 637 1989 662 Johannem
2004 641 2133 662 rectorem
2152 639 2236 662 eccle-

995 684 1050 708 siae
1065 685 1096 707 de
1111 683 1189 707 Bonis
1205 683 1363 714 magistrum
1383 682 1525 706 Robertum
1541 682 1573 705 dc
1588 682 1708 706 Sorbona
1722 682 1845 706 heredem
1865 690 1974 706 suorum
1991 682 2121 706 bonorum
2140 683 2236 707 immo-

994 729 1088 752 bilium
1113 728 1259 751 instituisse
1271 743 2236 752 ......................................
2280 729 2326 752 448

444 789 491 811 409
601 800 632 803 —
754 788 865 819 Augusti
883 789 911 811 27
964 787 1101 810 Ordinatio
1123 795 1137 809 a
1162 786 1267 809 Simone
1290 786 1378 817 legato
1400 785 1513 814 decreta,
1539 786 1590 817 quii
1614 785 1757 817 praeterita
1778 785 1915 809 nationum
1939 785 2126 809 Universitatis
2150 786 2233 810 Paris.

994 831 1105 854 dissidia
1124 831 1267 862 componit,
1287 830 1319 853 de
1339 830 1435 853 suturis
1453 833 1482 853 ut
1501 833 1694 861 componantur
1712 829 1842 862 providet,
1864 830 1974 854 rectoris
1992 830 2107 862 eligendi
2128 831 2236 855 modum

994 875 1086 899 statuit
1089 891 2235 900 .............................................
2278 876 2326 900 449

442 936 489 958 410
600 946 629 950 —
726 934 888 966 Septembris
906 935 932 957 12
963 935 1095 957 Statutum
1111 933 1195 964 Capit.
1213 933 1344 964 generalis
1361 932 1424 956 ord.
1442 933 1551 956 Cisterc.
1568 933 1600 956 de
1615 932 1751 956 monachis
1770 932 1881 956 Parisiis
1901 933 2068 957 studentibus
2071 950 2235 958 .......
2278 934 2325 958 458

442 993 485 1016 411
598 1003 628 1007 -
742 992 864 1016 Octobris
881 993 907 1015 ’11
961 992 1080 1015 Clemens
1101 992 1134 1014 lv
1154 991 1295 1015 Guillelmo
1314 991 1345 1014 de
1366 991 1461 1019 Suana,
1482 990 1649 1015 thesaurario
1668 990 1864 1022 Rotomagensi,
1884 991 2004 1015 concedit
2023 995 2052 1015 ut
2071 991 2098 1015 in
2119 991 2235 1015 oratorio

991 1036 1094 1063 domus,
1110 1044 1189 1067 quam
1204 1044 1253 1067 pro
1273 1035 1455 1059 saecularibus
1471 1035 1638 1059 scholaribus
1654 1035 1854 1067 Rotomagensis
1870 1036 1998 1060 dioecesis
2012 1036 2123 1060 Parisiis
2142 1036 2235 1069 aequi-

991 1080 1061 1109 sivit,
1085 1080 1174 1103 divina
1197 1080 1364 1103 celebrentur
1367 1097 2232 1106 ..................................
2277 1079 2324 1102 458

439 1142 485 1165 412
595 1150 626 1153 -
783 1153 814 1156 —
881 1139 907 1161 18
959 1139 1079 1162 Clemens
1095 1139 1128 1162 lv
1146 1138 1275 1170 magistro
1295 1138 1437 1162 Guillelmo
1456 1138 1488 1162 de
1508 1139 1535 1162 S.
1554 1139 1648 1162 Amore
1665 1138 1758 1162 scribit
1776 1139 1808 1162 de
1825 1138 1910 1170 ipsius
1929 1138 1998 1162 libro
2017 1138 2049 1162 de
2068 1147 2136 1163 novo
2153 1139 2233 1168 edito,

990 1183 1035 1214 qui
1049 1183 1110 1206 licet
1124 1183 1258 1206 interdum
1273 1183 1340 1206 alias
1356 1191 1435 1206 auras
1450 1183 1567 1212 circinet,
1584 1186 1699 1206 veterem
1713 1186 1801 1207 tamen
1817 1183 1931 1207 multum
1949 1183 2019 1216 sapit
2022 1201 2232 1210 .........
2277 1181 2324 1205 459

438 1249 484 1271 413
594 1257 624 1260 -
769 1245 875 1269 Octobri
958 1245 1123 1270 Universitas
1145 1245 1303 1269 Parisiensis
1325 1249 1416 1269 notum
1439 1245 1503 1269 facit
1525 1245 1672 1274 Nicolaum,
1692 1246 1886 1270 'tornacensem
1909 1246 2134 1275 archidiaconum,
2155 1246 2234 1278 quin-

988 1294 1080 1322 gentas
1096 1290 1179 1314 libras
1195 1290 1308 1314 noberta
1323 1291 1355 1314 dc
1370 1290 1490 1314 Sorbona
1505 1290 1662 1319 contulisse;
1681 1299 1730 1322 pro
1750 1290 1825 1322 cujus
1845 1290 2056 1314 remuneratione
2070 1291 2156 1314 eidem
2170 1299 2233 1315 con-

987 1335 1056 1359 cedit
1079 1338 1107 1359 ut
1131 1335 1247 1367 quinque
1268 1335 1411 1367 magistros
1434 1335 1479 1367 qui
1501 1335 1618 1359 habeant
1639 1335 1761 1359 notitiam
1782 1335 1916 1359 idiomatis
1938 1335 2079 1367 Flamingi,
2105 1336 2131 1359 in
2155 1336 2233 1360 domo

988 1380 1094 1404 Roberti
1107 1380 1139 1403 de
1152 1380 1272 1403 Sorbona
1287 1380 1364 1403 annis
1378 1379 1491 1411 singulis
1504 1379 1591 1411 possit
1603 1380 1701 1404 hahere
1704 1397 2232 1405 .....................
2276 1377 2324 1400 460

436 1444 480 1466 414
531 1437 679 1464 12664267
715 1460 924 1466 .........
955 1442 1069 1466 Litterae
1089 1442 1211 1466 officialis
1229 1442 1318 1465 curiae
1335 1442 1503 1470 Parisiensis,
1522 1442 1619 1474 quibus
1639 1442 1695 1466 dies
1715 1442 1821 1471 dicitur,
1842 1450 1894 1474 qua
1913 1450 2004 1466 coram
2024 1442 2083 1474 ipso
2105 1442 2233 1474 magister

987 1487 1043 1511 Odo
1063 1487 1095 1510 de
1115 1487 1232 1510 Bellevul
1246 1495 1295 1518 pro
1310 1487 1401 1510 libello
1417 1487 1532 1518 quodam
1548 1488 1648 1511 famoso
1663 1490 1755 1511 eontra
1770 1487 1929 1518 magistrum
1947 1487 2119 1511 Guillelmum
2135 1487 2234 1519 Rigaut

986 1531 1122 1563 publicato
1136 1539 1231 1563 parere
1246 1531 1337 1555 debuit
1340 1548 2231 1557 ...................................
2275 1528 2320 1552 461

435 1595 481 1617 415
573 1589 639 1615 1267
759 1595 830 1618 ,lunii
849 1596 876 1618 21
956 1594 1090 1617 Sententia
1109 1594 1224 1617 Simonis
1238 1594 1320 1625 legati
1335 1597 1426 1617 contra
1443 1594 1601 1625 magistrum
1616 1594 1774 1618 Gaufridum
1788 1594 1944 1618 canonicum
1958 1597 1984 1618 et
1997 1594 2139 1618 officialem
2156 1594 2232 1618 Pari-

986 1639 1108 1667 siensem,
1124 1647 1154 1662 eo
1170 1639 1240 1670 quod
1256 1647 1317 1662 suos
1333 1642 1359 1662 et
1373 1638 1491 1670 episcopi
1508 1638 1651 1662 servientes
1667 1638 1713 1670 qui
1728 1638 1863 1662 scholares
1878 1638 1982 1671 agressi
1997 1642 2072 1662 erant
2085 1638 2231 1671 impunitos

986 1683 1059 1707 abire
1082 1683 1249 1715 permisisset
1252 1700 2230 1710 ......................................
2275 1680 2321 1704 453

435 1746 482 1768 416
591 1755 621 1759 -
772 1747 835 1770 .]ιι11’ἰ
852 1748 864 1770 7
955 1746 1068 1770 Litterae
1083 1746 1180 1778 quibus
1196 1746 1324 1777 magister
1341 1746 1417 1770 Oddo
1437 1746 1468 1769 de
1488 1746 1613 1774 Belleval,
1630 1746 1751 1774 clericus,
1767 1749 1793 1769 et
1807 1745 1939 1770 Guillotus
1959 1746 2096 1775 Picardus,
2111 1746 2231 1770 hedellus

986 1790 1182 1819 Universitatis,
1212 1790 1418 1820 constituuntur,
1447 1791 1479 1814 dc
1507 1799 1637 1814 consensu
1666 1790 1856 1822 magistrorum
1884 1790 2075 1814 Parisiensium
2104 1790 2231 1823 cujusque

986 1835 1099 1859 nationis
1120 1839 1145 1859 et
1164 1835 1307 1863 facultatis,
1324 1838 1510 1867 procuratores
1529 1838 1554 1858 et
1573 1835 1659 1859 nuntii
1679 1835 1808 1867 speciales
1828 1835 1862 1859 ad
1880 1836 2093 1868 prosequendam
2110 1835 2231 1867 appella-

986 1880 1083 1903 tionem
1103 1880 1247 1903 sententiae
1267 1888 1282 1903 a
1303 1880 1409 1903 Simone
1429 1879 1558 1903 cardinali
1578 1879 1666 1911 legato
1686 1880 1755 1903 latae
1775 1883 1867 1903 contro.
1885 1879 2044 1911 magistrum
2062 1880 2229 1909 Gausridum,

985 1925 1141 1948 canonicum
1156 1924 1332 1948 Parisiensem
1336 1941 2230 1949 ...................................
2274 1921 2320 1944 ’167

435 1987 480 2009 417
592 1996 619 1999 -
735 1987 857 2011 Octobris
873 1989 902 2011 28
955 1988 1074 2011 Clemens
1090 1988 1123 2011 lv
1138 1987 1287 2011 Maur-inum
1308 1987 1538 2019 archiepiscopum
1558 1987 1755 2010 Narbonensem
1775 1987 1901 2019 objurgat
1919 1987 1989 2019 quod
2009 1987 2110 2018 Corpus
2131 1987 2230 2011 Christi

986 2032 1162 2055 essentialiter
1180 2032 1206 2055 in
1227 2032 1305 2055 altari
1325 2040 1376 2055 non
1396 2040 1454 2055 esse
1474 2031 1578 2060 dixerit,
1599 2032 1645 2055 sed
1665 2034 1767 2055 tantum
1786 2031 1854 2055 sicut
1875 2031 2010 2063 signatum
2028 2031 2078 2055 sub
2095 2031 2182 2063 signo,
2205 2035 2231 2055 et

986 2077 1052 2099 hanc
1068 2085 1125 2099 csse
1140 2076 1270 2100 celebrem
1286 2076 1437 2108 opinionem
1452 2076 1562 2100 Parisiis
1578 2076 1703 2108 adjecerit
1705 2093 2228 2101 .....................
2273 2067 2320 2092 270

435 2138 481 2160 418
592 2147 622 2150 -
787 2153 817 2156 -
832 2148 857 2170 p.
871 2141 900 2163 ⁵28
955 2139 1089 2162 Maur-inus
1116 2138 1333 2170 archiepiscopus
1360 2138 1538 2162 Narbonensis
1566 2138 1659 2162 scribit
1683 2146 1770 2170 pupae
1796 2138 1923 2162 Clementi
1948 2146 2028 2170 super
2051 2138 2100 2162 hoc
2124 2138 2156 2162 de
2178 2147 2230 2171 quo

985 2184 1161 2215 reprehensus
1179 2186 1243 2211 crat,
1267 2183 1387 2207 videlicet
1399 2183 1431 2206 de
1445 2183 1526 2206 verbo
1544 2182 1686 2207 indiscreto
1701 2182 1772 2206 circa
1787 2186 1981 2206 sacramentum
1996 2182 2089 2206 altaris
2092 2199 2228 2208 ......
2273 2175 2321 2199 47⁰

435 2244 481 2267 419
591 2254 622 2257 -
713 2263 924 2270 .........
955 2247 1072 2277 Rogerus
1092 2246 1161 2269 Baco
1180 2245 1206 2268 in
1225 2245 1295 2268 libro
1315 2245 1442 2269 Clementi
1462 2246 1495 2269 lv
1514 2245 1634 2269 dedicato
1653 2245 1775 2277 deplorat
1793 2245 1903 2269 Parisiis
1923 2248 1950 2269 et
1966 2245 2064 2277 ubique
2086 2245 2229 2277 magistros

986 2290 1171 2314 sententiarios
1186 2298 1250 2322 prae
1265 2290 1423 2313 baccalariis
1439 2298 1530 2314 sacrae
1545 2290 1693 2322 scripturae
1707 2290 1863 2322 dignitatem
1882 2290 1933 2313 sibi
1948 2290 2083 2314 vindicare
2085 2307 2228 2315 ......
2271 2281 2318 2305 473

436 2351 482 2373 ¹¹20
572 2345 636 2372 1268
736 2353 855 2376 Januarii
872 2354 901 2376 23
955 2353 1074 2376 Clemens
1097 2353 1130 2376 lv
1154 2353 1283 2384 magistro
1307 2353 1420 2377 Radulso
1443 2353 1475 2376 de
1499 2353 1646 2376 Albussone
1671 2353 1823 2376 facultatem
1847 2352 1967 2376 concedit
1988 2352 2098 2376 Parisiis
2121 2352 2229 2376 domum

986 2397 1127 2429 quamdam
1142 2405 1192 2429 pro
1208 2397 1399 2421 inhabitatione
1413 2397 1503 2421 decem
1518 2405 1667 2429 pauperum
1682 2397 1844 2421 scholarium
1859 2397 2012 2429 acquirendi
2016 2413 2228 2421 .........
2272 2388 2320 2412 47¹¹

437 2457 480 2479 '¹21
591 2467 623 2470 -
753 2460 839 2483 Martii
858 2461 887 2483 23
955 2460 1075 2483 Clemens
1095 2460 1128 2483 lv
1152 2460 1264 2484 Roberto
1286 2460 1317 2483 de
1339 2460 1459 2483 Sorbona
1482 2459 1615 2492 provisori
1637 2468 1787 2492 pauperum
1808 2459 1999 2491 magistrorum
2018 2459 2168 2483 convictum
2187 2459 2229 2483 vel

986 2508 1143 2528 conventum
1158 2505 1291 2536 approbat
1305 2508 1330 2528 et
1344 2505 1376 2528 de
1390 2504 1516 2528 electione
1529 2505 1676 2537 provisoris
1690 2513 1739 2537 pro
1755 2506 1843 2528 futuro
1855 2504 1961 2528 ordinat
1963 2521 2228 2528 ...........
2272 2494 2319 2518 47⁵

438 2563 483 2585 '¹22
594 2573 623 2576 -
784 2579 814 2583 —
859 2568 889 2589 30
956 2566 1075 2590 Clemens
1091 2567 1124 2590 lV
1139 2567 1284 2599 Reginaldo
1299 2567 1424 2599 episcopo
1438 2567 1581 2591 Parisiensi
1597 2567 1712 2599 injungit
1726 2570 1754 2591 ut
1768 2566 1905 2598 magistris
1921 2566 2102 2590 sacerdotibus
2117 2565 2228 2598 collegii

986 2612 1017 2634 de
1032 2611 1150 2635 Sorbona
1165 2615 1190 2635 et
1205 2612 1264 2635 aliis
1280 2612 1424 2644 capellanis
1441 2611 1467 2635 in
1482 2620 1573 2635 eorum
1588 2611 1704 2636 oratorio
1716 2611 1806 2635 divina
1821 2611 1972 2635 celebrandi
1985 2611 2029 2635 det
2041 2611 2202 2635 facultatem.
2221 2628 2228 2635 .
2272 2601 2318 2625 47⁶

438 2670 484 2692 423
594 2679 624 2682 -
750 2671 891 2694 Novembri
956 2673 1113 2697 Guillelmus
1133 2674 1165 2697 de
1184 2674 1278 2702 Saana,
1295 2674 1421 2698 ecclesiae
1440 2674 1642 2706 Rotomagensis
1657 2674 1850 2703 thesaurarius,
1865 2674 1897 2697 de
1911 2673 1988 2697 bonis
2008 2673 2064 2697 suis
2084 2673 2190 2697 ordinat
2203 2676 2229 2696 et

987 2717 1104 2749 disponit
1129 2727 1178 2749 pro
1205 2718 1342 2742 duodecim
1367 2719 1533 2742 scholaribus
1558 2718 1707 2750 theologiae
1731 2721 1756 2742 et
1779 2718 1917 2742 duodecim
1943 2717 2035 2749 parvis
2061 2717 2227 2741 scholaribus

987 2762 1087 2785 artistis
1103 2763 1354 2794 Rotomagensibus;
1371 2763 1537 2787 scholaribus
1553 2763 1684 2794 theologis
1698 2763 1806 2787 domum
1820 2766 1846 2786 et
1859 2762 1943 2786 libros
1957 2762 2036 2786 donat
2039 2778 2226 2786 ........
2271 2753 2318 2776 476

439 2820 484 2842 424
533 2814 682 2841 12274288
717 2839 926 2847 .........
957 2824 1080 2847 Summus
1099 2825 1217 2856 pontifex
1237 2825 1362 2857 prohibet
1382 2834 1414 2850 ne
1433 2825 1562 2858 religiosi,
1580 2825 1682 2858 abjecto
1702 2834 1749 2849 suo
1768 2825 1871 2854 babitu,
1894 2825 1967 2856 leges
1989 2827 2014 2848 et
2036 2823 2175 2856 physicam
2200 2823 2226 2847 in

988 2868 1084 2892 scholis
1104 2869 1213 2893 audiant
1231 2870 1426 2902 magistrosque
1445 2871 1551 2894 easdem
1566 2870 1676 2894 doceant
1679 2885 2227 2894 ......................
2271 2859 2317 2881 47⁸

439 2926 485 2949 425
529 2921 682 2947 ¹23¹·1268
716 2945 926 2952 .........
957 2930 1080 2953 Summus
1095 2931 1213 2962 pontifex
1227 2932 1427 2964 archiepiscopo
1442 2932 1563 2957 Remensi
1578 2935 1604 2956 et
1618 2932 1731 2956 Guidoni
1746 2931 1871 2964 episcopo
1883 2930 2105 2955 Autissiodorensi
2121 2931 2152 2954 de
2167 2938 2227 2954 cor·
2271 2966 2317 2988 479

988 2974 1104 3005 rigendis
1120 2977 1270 2999 excessibus
1286 2977 1445 3008 perpetratis
1462 2977 1487 3000 in
1504 2976 1681 3001 Universitate
1696 2975 1840 3000 Parisiensi
1855 2975 1948 2999 scribit
1959 2992 2226 3000 ...........
