2580 3528
488 401 554 434 466
1067 409 1383 433 CHARTULARHJM
1418 408 1609 430 umvsns,
1646 407 1774 429 rmus.
2258 399 2358 439 [1267

489 496 641 518 excessu
668 485 847 530 sacrilego
874 484 1030 530 reputari
1056 490 1221 529 poterant
1245 494 1399 515 censure
1425 481 1671 514 ecclesiastice
1697 487 1980 526 contemptores,
2002 481 2107 515 aliam
2131 493 2259 527 penam
2285 494 2356 528 que

489 551 678 596 sanguinis
699 551 891 584 vindictam
913 563 985 583 non
1007 557 1150 595 saperet
1170 556 1294 594 posset
1314 548 1482 593 infligere
1503 554 1539 580 et
1558 547 1740 592 condigne
1760 554 1858 581 tanto
1879 559 2004 581 eorum
2026 548 2163 594 flagitio
2184 560 2357 594 compen-

488 629 581 657 sare,
603 618 792 662 presertim
819 629 899 650 cum
927 629 1064 650 memor
1084 628 1166 649 esse
1192 615 1360 648 debuerit
1385 614 1482 659 quod
1508 614 1586 659 ipse
1613 614 1649 646 in
1676 625 1740 647 eos
1759 614 1819 648 vel
1843 626 1968 648 eorum
1994 615 2136 660 aliquos
2161 616 2355 661 imperium

487 690 522 717 et
561 684 806 717 auctoritatem
849 695 887 716 se
929 683 1061 715 habere
1103 682 1290 714 declarans
1329 681 1383 714 eis
1422 680 1490 713 sub
1531 680 1826 714 interminatione
1866 681 2112 715 ammissionis
2158 694 2278 716 rerum
2320 690 2357 717 et

486 762 692 795 corporum,
720 756 825 795 prout
852 750 895 782 ad
922 749 977 781 sui
999 748 1260 781 deffensionem
1283 747 1423 788 astruit,
1446 746 1612 780 inhibere
1634 754 1789 789 curarat,
1811 759 1856 780 ne
1883 755 2007 781 contra
2037 749 2198 782 scolares
2227 761 2355 795 supra-

486 817 601 849 dictos
623 817 761 849 exirent
781 823 816 848 et
837 822 1000 848 tenentes
1022 821 1142 859 portas
1163 814 1303 847 clausas
1324 813 1459 846 nullam
1481 813 1535 846 eis
1555 813 1764 847 violentiam
1785 814 1992 860 irrogarent
2010 822 2046 848 et
2065 822 2104 849 ut
2122 816 2223 861 ipsos
2244 816 2350 850 etiam

486 890 650 927 tanquam
681 882 908 914 inhibitionis
936 893 1001 913 sue
1028 881 1224 913 violatores
1251 880 1477 925 improvidos
1505 887 1540 913 et
1567 881 1779 914 temerarios
1809 888 2080 927 contemptores
2109 894 2202 928 pena
2232 883 2352 916 debita

484 949 686 993 castigaret.
710 948 815 990 Quod
836 960 915 980 cum
938 959 980 979 ex
1001 947 1053 980 eis
1075 947 1230 991 aliquem
1253 947 1357 979 etiam
1379 947 1424 979 de
1445 958 1509 980 sua
1530 948 1676 992 propria
1697 947 1830 981 familia
1851 960 1924 981 non
1945 949 2141 994 puniverit,
2161 949 2354 984 videbatur

483 1014 663 1059 aliquibus
685 1014 937 1047 inhibitionem
959 1013 1168 1058 hujusmodi
1190 1014 1234 1046 de
1255 1013 1365 1046 corde
1387 1025 1460 1046 non
1481 1014 1710 1059 processisse
1731 1015 1876 1048 sincero
1902 1027 1968 1048 nec
1993 1016 2031 1048 in
2057 1027 2097 1049 ea
2122 1017 2234 1050 menti
2259 1016 2352 1050 labia

482 1092 715 1121 consonasse,
739 1081 802 1113 sed
829 1080 926 1112 aliud
951 1080 1065 1113 fuisse
1091 1080 1225 1112 dictum
1247 1080 1284 1112 in
1306 1079 1452 1125 publico
1474 1087 1509 1113 et
1528 1080 1627 1114 aliud
1648 1081 1685 1114 in
1707 1081 1859 1126 privato,
1882 1083 2074 1127 presertim
2100 1095 2182 1116 cum
2207 1095 2281 1117 non
2305 1084 2354 1118 sit

481 1147 676 1179 verisimile
698 1146 795 1191 quod
817 1146 905 1179 tales
931 1153 966 1178 et
991 1153 1042 1179 tot
1066 1158 1218 1179 numero
1243 1158 1282 1179 ac
1308 1147 1427 1180 taliter
1451 1159 1490 1180 ac
1516 1147 1651 1180 tamdiu
1678 1147 1821 1181 officiali
1849 1149 2041 1194 ignorante
2066 1149 2104 1182 in
2129 1149 2237 1183 domo
2257 1150 2350 1196 ipsa,

480 1225 583 1257 quam
610 1213 702 1245 idem
732 1212 894 1245 officialis
921 1212 1154 1254 inhabitabat,
1177 1213 1348 1246 continue
1369 1214 1555 1259 potuerint
1581 1215 1772 1260 receptari,
1799 1222 1835 1249 et
1860 1216 1958 1261 quod
1985 1216 2076 1250 tales
2102 1223 2288 1262 receptare
2316 1224 2352 1251 et.

479 1279 612 1312 tamdiu
642 1286 764 1312 tenere
790 1279 921 1311 samilia
948 1280 1233 1324 presumpsisset
1259 1280 1339 1313 sine
1366 1281 1483 1326 ipsius
1514 1281 1678 1315 officialis
1706 1283 1944 1316 connivencia
1978 1290 2015 1316 et
2046 1295 2243 1317 consensu.
2275 1285 2350 1318 Nec

473 1347 610 1390 justum
637 1346 740 1378 ass‘ert
760 1346 1010 1378 excusacionis
1031 1346 1231 1391 presidium
1253 1347 1351 1392 quod
1371 1347 1502 1381 domus
1523 1348 1701 1390 custodia,
1723 1355 1762 1382 ut
1781 1349 1877 1382 idem
1904 1349 2068 1383 officialis
2092 1351 2235 1392 asserit,
2258 1350 2350 1384 inibi

480 1412 704 1453 tenebantur,
732 1424 811 1445 cum
838 1412 941 1445 multi
968 1425 1040 1445 non
1066 1414 1366 1447 excommunicati
1393 1426 1460 1447 nec
1486 1414 1574 1448 alias
1599 1415 1788 1449 criminosi
1813 1416 1858 1450 ad
1883 1416 1951 1450 hoc
1977 1418 2164 1462 potuerint
2190 1418 2346 1452 evocari.

481 1479 582 1511 Unde
610 1491 690 1512 cum
721 1479 846 1512 saltem
876 1486 959 1512 tunc
986 1480 1148 1524 ipsorum
1177 1481 1343 1514 notorius
1370 1488 1470 1515 esset
1496 1494 1684 1524 excessus,
1711 1482 1903 1516 videbatur
1931 1483 2115 1529 aliquibus
2145 1485 2244 1530 quod
2273 1497 2348 1518 non

478 1545 593 1578 solum
626 1545 788 1578 officialis
818 1546 895 1591 ipse
924 1546 1068 1579 illorum
1096 1547 1364 1591 quodammodo
1391 1548 1610 1594 approbaret
1637 1561 1828 1583 excessum
1858 1562 1950 1595 quos
1980 1551 2100 1584 taliter
2129 1551 2347 1595 sustinebat,

478 1612 542 1644 sed
568 1612 670 1644 etiam
699 1612 795 1657 quod
821 1612 865 1645 de
890 1612 1100 1657 hujusmodi
1125 1626 1250 1647 eorum
1277 1626 1430 1648 excessu
1451 1616 1711 1661 presensisset,
1734 1617 2042 1651 concordantibus
2063 1630 2137 1651 non
2157 1618 2347 1652 minimum

476 1690 557 1710 cum
578 1678 645 1711 hoc
666 1679 759 1723 ipso,
776 1685 815 1711 ut
835 1679 1001 1712 similiter
1021 1680 1211 1714 videbatur
1232 1681 1429 1727 aliquibus,
1449 1682 1573 1716 verbis
1594 1683 1668 1717 illis
1689 1696 1759 1729 que
1779 1684 1876 1717 idem
1899 1684 2062 1718 officialis
2082 1685 2120 1718 in
2138 1685 2258 1718 reditu
2279 1697 2348 1719 suo

477 1745 565 1777 dixit
591 1745 834 1778 servientibus
861 1747 1092 1791 supradictis,
1119 1748 1290 1782 videlicet
1315 1761 1321 1782 :
1351 1763 1367 1780 «
1396 1762 1469 1783 non
1497 1750 1578 1784 sitis
1606 1751 1797 1796 stupefacti
1824 1763 1890 1797 pro
1919 1758 2017 1785 tanto
2043 1765 2080 1794 »;
2110 1767 2127 1784 (t
2156 1752 2225 1786 hoc
2252 1752 2346 1786 bene

476 1817 530 1843 est
564 1824 600 1851 »;
639 1826 654 1843 «
691 1824 762 1845 non
797 1812 877 1845 sitis
911 1825 975 1858 pro
1012 1820 1080 1846 tam
1115 1815 1258 1848 modico
1293 1817 1484 1861 stupefacti
1520 1830 1552 1859 n,
1582 1829 1663 1850 cum
1698 1818 1766 1851 ista
1795 1818 1905 1852 verba
1935 1819 2174 1864 quorumdam
2204 1819 2346 1864 judicio

475 1878 663 1922 premissis
688 1879 846 1912 attestari
868 1881 1078 1924 expressius
1098 1881 1290 1915 videantur
1310 1889 1346 1916 et
1365 1884 1555 1928 quamdam
1576 1884 1873 1930 approbationem
1895 1897 2021 1918 eorum
2047 1898 2117 1930 que
2142 1886 2346 1920 servientes

475 1944 544 1988 ipsi
570 1951 692 1977 contra
718 1945 834 1978 dictos
860 1946 1019 1979 scolares
1043 1948 1203 1981 fecerant
1228 1949 1435 1994 importare.
1458 1951 1705 1994 Quorumdam
1730 1964 1875 1997 quoque
1896 1953 2036 1997 judicio
2062 1953 2106 1985 ad
2131 1952 2199 1986 hoc
2224 1953 2344 1998 ipsum

475 2010 663 2055 suffragari
685 2012 950 2055 quodammodo
966 2013 1157 2047 videbatur
1178 2016 1342 2060 ejusdem
1364 2016 1528 2050 officialis
1550 2029 1660 2063 super
1681 2019 1877 2064 predictam
1899 2019 2069 2052 familiam
2090 2019 2240 2064 probata
2260 2019 2346 2053 licet

469 2077 674 2120 juramento
703 2090 766 2122 per
792 2090 872 2111 eum
900 2079 1055 2113 inficiata
1083 2081 1235 2126 prelatio
1263 2094 1270 2115 ε
1300 2097 1315 2114 «
1343 2096 1423 2116 cum
1449 2084 1582 2118 veritas
1609 2092 1738 2130 negata
1762 2085 1807 2118 de
1829 2085 1999 2131 publicis,
2022 2086 2143 2119 minus
2163 2086 2346 2132 relinquat

475 2142 557 2175 fidei
592 2143 636 2176 de
667 2144 818 2178 occultis
850 2159 879 2178 n.
910 2146 1033 2191 Aliqui
1063 2148 1168 2180 etiam
1199 2149 1399 2192 intellecto,
1430 2163 1536 2196 quam
1566 2159 1847 2197 presumptuose
1877 2153 2106 2186 Leonardum
2141 2153 2344 2187 dimisisset

474 2210 627 2242 eundem
657 2211 833 2253 officialis,
865 2213 982 2257 ipsum
1011 2226 1122 2259 super
1151 2227 1257 2249 causa
1287 2216 1509 2251 detentionis
1537 2218 1636 2252 illius
1665 2218 1735 2252 sibi
1765 2220 1952 2253 conscium
1983 2232 2066 2253 esse
2096 2220 2278 2262 dixerunt,
2308 2227 2344 2254 et

471 2287 552 2307 eum
583 2276 619 2309 in
648 2277 746 2311 illius
777 2279 881 2323 penis
911 2280 1073 2313 recolere
1103 2281 1244 2327 culpam
1277 2295 1391 2316 suam.
1423 2285 1490 2317 Pre
1520 2285 1652 2318 ceteris
1682 2298 1769 2319 vero
1799 2287 1999 2320 attentione
2029 2287 2343 2321 consideravimus

473 2342 631 2386 speciali,
651 2356 755 2388 quam
772 2356 912 2378 amarus
929 2346 1020 2380 odor
1041 2360 1084 2380 ex
1104 2348 1287 2394 divulgata
1308 2362 1419 2395 super
1439 2351 1510 2385 hiis
1531 2359 1655 2385 contra
1674 2353 1809 2386 dictum
1830 2353 2019 2387 officialem
2041 2354 2186 2387 infamia
2206 2354 2253 2387 sit
2267 2355 2342 2399 jam

472 2419 586 2452 usque
611 2410 655 2442 ad
680 2410 843 2444 diversas
865 2413 989 2445 mundi
1011 2415 1215 2458 provincias
1236 2416 1421 2450 resolutus
1443 2425 1478 2451 et
1498 2431 1602 2463 quam
1627 2418 1850 2453 horrendum
1877 2420 2108 2466 preloquium
2133 2421 2341 2466 gravissimi
2389 2446 2391 2449 v

472 2475 629 2507 scandali
665 2477 711 2509 sit
744 2489 786 2510 ex
821 2479 1010 2522 premissis
1044 2493 1116 2514 non
1152 2482 1269 2515 solum
1309 2484 1352 2517 ad
1387 2486 1626 2531 propinquos,
1659 2487 1725 2519 sed
1765 2487 1870 2520 etiam
1901 2487 2012 2534 longe
2051 2488 2341 2533 longissimeque

473 2541 610 2583 positos
630 2543 702 2585 jam
731 2543 923 2577 deductum
952 2546 988 2578 in
1014 2549 1241 2582 enarratione
1262 2551 1480 2586 Parisiensis
1500 2553 1611 2586 studii
1632 2554 1855 2593 manifesta⁵„
1875 2566 1981 2600 quam
2008 2555 2169 2588 enormia
2195 2566 2341 2600 quoque

474 2612 538 2637 tam
574 2607 769 2641 animarum
801 2622 905 2654 quam
938 2624 1176 2656 personarum
1206 2622 1241 2648 et
1273 2629 1392 2650 rerum
1421 2618 1626 2664 dispendia,
1652 2633 1832 2666 quamque
1865 2621 2160 2667 incomparabilia
2188 2621 2340 2654 scientie

472 2671 695 2717 aliorumque
731 2675 969 2719 spiritualium
1005 2681 1229 2723 profectuum
1266 2683 1480 2718 detrimenta
1515 2686 1587 2719 sint
1621 2688 1772 2721 maxime
1803 2687 1849 2721 ob
1879 2688 1996 2733 ipsius
2025 2687 2189 2721 officialis
2222 2687 2340 2733 negli-

472 2738 628 2781 gentiam
656 2739 861 2783 subsecuta,
884 2755 1025 2777 necnon
1047 2758 1150 2790 quain
1172 2749 1322 2791 utiliter,
1345 2763 1449 2795 quain
1471 2752 1613 2795 leviter,
1635 2766 1740 2799 quam
1762 2754 1885 2787 debite
1911 2761 1947 2787 et
1971 2766 2076 2799 quain
2102 2754 2210 2799 plene
2236 2765 2340 2787 scan-

473 2802 578 2844 dalis,
600 2804 802 2849 dispendiis
823 2814 858 2840 et
878 2808 1103 2844 detrimentis
1124 2812 1333 2857 hujusmodi
1354 2818 1540 2862 predictus
1562 2819 1746 2854 officialis⁸
1772 2820 1906 2865 poterit
1926 2820 2145 2862 occurrisse,
2168 2827 2207 2853 ut
2232 2820 2337 2853 etiam

472 2880 536 2912 per
565 2868 632 2902 hoc
658 2870 775 2915 ipsum
807 2873 838 2904 ei
869 2874 951 2918 suga
982 2887 1044 2908 sex
1072 2878 1130 2910 vel
1160 2879 1316 2923 plurium
1350 2895 1392 2916 ex
1422 2884 1714 2919 malefactoribus
1744 2886 1975 2931 supradictis,
2009 2898 2102 2932 quos
2136 2886 2339 2920 detinuisse

472 2935 588 2978 potuit
607 2942 642 2968 et
666 2938 828 2981 punisse,
851 2951 889 2971 ac
910 2940 1072 2974 desectus
1093 2943 1256 2979 doctrine
1278 2950 1436 2982 omnium
1459 2952 1714 2996 magistrorum
1736 2953 2008 2995 parisiensium,
2031 2953 2093 2998 qui
2114 2960 2153 2986 ut
2171 2959 2343 2986 asserunt

597 2995 634 3017 59.
