2580 3528
258 439 357 481 1255]
604 449 652 472 ΑΒ
684 448 791 471 Almo
825 447 903 471 MCC
936 447 1070 477 USQUE
1104 448 1153 470 an
1188 447 1417 470 Pnlth‘PUM
1452 448 1491 470 iv
1526 448 1615 470 asc.
1653 448 1789 470 FRANC.
2068 439 2132 473 293

257 530 407 570 propter
425 535 551 557 eorum
576 521 800 556 rebelliones
825 528 861 555 et
885 521 1132 555 contumacias
1151 520 1196 554 ab
1217 521 1474 555 Universitatis
1499 521 1657 566 collegio
1679 521 1859 566 quondam
1883 529 2068 566 separatos
2089 523 2133 555 ad

256 590 514 636 magistrorum
535 588 760 623 consortium
782 595 819 622 et
838 595 907 622 tam
929 599 994 621 eos
1014 600 1120 633 quam
1143 599 1268 621 eorum
1290 587 1477 621 auditores
1497 587 1541 620 ad
1562 587 1727 632 ejusdem
1746 587 2002 621 Universitatis
2022 588 2134 621 colle-

255 657 356 703 gium
391 667 457 702 per
489 655 599 690 falsas
633 667 758 689 eorum
794 666 923 700 preces
953 654 1201 688 restituendos
1231 654 1408 687 duxeritis
1438 653 1482 687 de
1511 660 1632 687 vestre
1664 653 1895 701 plenitudine¹
1928 655 2130 698 potestatis,

255 722 342 757 licet
359 729 485 756 contra
504 722 695 756 falsitatem
716 722 876 768 ipsarum
898 733 1046 767 precum
1067 721 1224 767 plurime
1244 720 1352 754 nobis
1373 721 1607 766 exceptiones
1628 726 1878 766 suppeterent,
1899 720 1995 753 dicte
2015 727 2133 753 tamen

255 789 478 823 restitutioni
507 800 582 822 non
609 788 779 822 duximus
805 788 1066 830 resistendum,
1087 788 1171 833 quia
1190 799 1317 821 vacare
1338 787 1479 829 litibus,
1500 787 1654 820 maxime
1679 793 1803 820 contra
1829 787 1996 820 curiosos
2016 786 2132 819 litium

255 862 448 898 amatores,
478 867 545 889 nec
574 855 744 889 volumus
778 866 845 888 nec
877 854 1053 888 valemus.
1084 855 1155 888 Sed
1189 854 1419 888 attendentes
1454 854 1574 887 minus
1609 853 1879 887 incommodum
1915 852 2022 886 nobis
2056 854 2133 886 sore

255 921 446 956 beneflciis
472 922 729 956 Universitatis
750 933 888 963 carere,
915 933 1021 966 quam
1047 921 1227 954 dictorum
1257 921 1405 954 fratrum
1437 921 1623 962 societate,
1653 932 1758 966 quam
1787 919 1895 953 nobis
1923 919 2132 953 damnosam

255 989 505 1035 experimento
531 988 785 1034 cognovimus,
812 994 848 1021 et
872 987 1071 1022 universali
1097 987 1252 1021 ecclesie
1282 987 1525 1033 periculosam
1553 987 1631 1020 sore
1659 987 1843 1028 timemus,
1869 986 2024 1020 ulterius
2052 998 2134 1032 pre-

255 1055 417 1101 gravari;
454 1054 684 1089 attendentes
717 1055 823 1088 etiam
858 1054 957 1100 quod
991 1054 1147 1088 societas
1177 1066 1250 1088 non
1280 1066 1345 1100 per
1374 1053 1583 1088 violentiam
1614 1053 1721 1095 solet,
1751 1053 1817 1087 sed
1847 1065 1912 1098 per
1940 1053 2131 1086 amicitiam

254 1121 436 1168 copulari;
458 1121 736 1155 considerantes
761 1120 1022 1154 nichilominus
1047 1121 1145 1166 quod
1172 1120 1373 1154 secundum
1395 1121 1492 1166 juris
1518 1132 1679 1153 normam
1702 1120 1739 1153 in
1759 1120 2052 1153 communionem
2073 1126 2134 1153 aut

255 1188 465 1222 societatem
493 1200 600 1221 nemo
630 1187 801 1234 compelli
830 1194 951 1233 potest
979 1187 1037 1221 vel
1066 1187 1223 1221 detineri
1248 1188 1384 1221 invitus
1407 1199 1414 1220 :
1442 1199 1460 1220 a
1480 1187 1654 1233 predictis
1681 1186 1839 1232 collegio
1869 1193 1905 1220 et
1930 1186 2130 1228 consortio,

255 1255 349 1289 sicut
369 1254 477 1288 nobis
497 1266 516 1288 a
531 1255 615 1300 jure
635 1254 863 1296 conceditur,
889 1254 1076 1300 sigillatim
1104 1254 1356 1295 discessimus,
1379 1254 1495 1299 ipsius
1516 1253 1772 1287 Universitatis
1793 1253 1983 1286 beneficiis
2004 1259 2039 1286 et
2059 1253 2132 1298 pri-

253 1321 400 1367 vilegiis
427 1320 686 1354 renunciantes
706 1332 894 1366 expresse,
916 1326 952 1354 et
971 1320 1024 1354 sic
1046 1320 1296 1354 renunciando
1316 1320 1392 1365 juri
1418 1326 1544 1353 nostro
1570 1320 1651 1353 sine
1671 1319 1767 1365 juris
1788 1326 1823 1352 et
1843 1319 1998 1352 mandati
2020 1319 2132 1352 vestri

253 1387 392 1422 offensa
425 1387 635 1421 societatem
670 1398 797 1420 eorum
828 1398 894 1432 per
927 1387 1020 1420 viam
1049 1387 1146 1431 juris
1181 1386 1350 1419 duximus
1385 1386 1651 1427 declinandam,
1682 1386 1742 1419 illa
1773 1386 1870 1419 ducti
1902 1386 2130 1431 potissimum

253 1454 407 1496 ratione,
441 1453 613 1499 quoniam
647 1465 720 1486 uon
755 1453 875 1486 solum
908 1453 1005 1486 inter
1039 1465 1119 1494 nos,
1147 1465 1273 1487 verum
1305 1453 1410 1486 etiam
1438 1465 1504 1498 per
1532 1452 1738 1486 universam
1774 1452 1965 1485 ecclesiam
1996 1452 2066 1497 ipsi
2097 1459 2133 1485 et

252 1531 379 1554 eorum
407 1519 538 1553 fratres
566 1519 835 1561 dissensiones,
864 1519 1098 1561 offendicula,
1133 1525 1169 1552 et
1199 1519 1288 1552 alias
1323 1519 1614 1552 inordinationes
1648 1518 1873 1564 periculosas
1906 1520 2024 1552 facere
2059 1528 2131 1551 non

251 1592 437 1628 verentur,
463 1597 546 1620 cum
571 1585 667 1619 dicat
690 1585 879 1631 apostolus
902 1597 909 1619 :
933 1587 1076 1632 «Rogo
1102 1598 1168 1620 vos
1192 1586 1336 1627 fratres,
1363 1592 1402 1618 ut
1427 1585 1632 1618 observetis
1653 1596 1718 1618 eos
1739 1585 1800 1630 qui
1823 1583 2076 1617 dissensiones
2097 1589 2133 1615 et

252 1651 471 1686 offendicula
505 1658 628 1698 preter
661 1652 862 1686 doctrinam
897 1664 1004 1698 quam
1038 1652 1233 1694 didicistis,
1263 1652 1413 1694 faciunt,
1442 1658 1478 1685 et
1507 1651 1686 1684 declinate
1715 1650 1759 1684 ab
1790 1650 1875 1683 illis.
1900 1663 1916 1680 »
1943 1650 1987 1682 Et
2013 1648 2129 1682 alibi:

251 1733 271 1751 «
291 1719 564 1753 Denunciamus
583 1718 702 1760 vobis,
723 1719 866 1761 fratres,
888 1719 926 1752 in
946 1719 1093 1753 nomine
1114 1719 1261 1752 Domini
1280 1720 1367 1753 Jesu
1388 1717 1539 1760 Christi,
1562 1724 1602 1751 ut
1621 1716 1862 1751 substrahatis
1882 1728 1948 1750 vos
1968 1715 2012 1749 ab
2034 1715 2131 1748 omni

251 1785 361 1819 fratre
386 1784 592 1819 ambulante
617 1785 823 1819 inordinate
850 1791 886 1819 et
910 1798 983 1819 non
1007 1785 1210 1819 secundum
1236 1785 1481 1826 traditionem,
1504 1797 1610 1830 quam
1636 1790 1856 1829 acceperunt
1874 1796 1893 1816 a
1913 1782 2038 1823 nobis;
2061 1781 2130 1827 ipsi

252 1851 348 1885 enim
369 1851 486 1894 scitis,
507 1851 814 1897 quemadmodum
835 1858 1002 1898 oporteat
1022 1852 1154 1886 imitari
1175 1863 1256 1894 nos,
1280 1851 1450 1897 quoniam
1477 1863 1551 1884 non
1571 1848 1725 1896 inquieti
1745 1850 1881 1883 suimus
1907 1850 2002 1882 inter
2024 1860 2090 1882 vos
2113 1862 2129 1879 »

251 1917 388 1964 (glossa
410 1929 419 1951 ι
441 1932 459 1951 «
481 1924 521 1952 ut
539 1917 593 1952 illi
613 1918 677 1964 qui
696 1918 813 1952 aliena
833 1919 980 1964 negotia
1001 1925 1129 1952 curant
1147 1925 1321 1964 vagantes
1341 1917 1406 1952 hac
1434 1918 1472 1951 in
1496 1917 1578 1951 illac
1600 1918 1643 1961 »).
1665 1918 1817 1962 Propter
1837 1927 1927 1962 quas
1948 1927 2075 1948 causas
2095 1921 2131 1948 et

250 1984 339 2019 alias
364 1984 540 2031 plurimas
565 1996 609 2018 ex
634 1985 769 2019 divinis
798 1985 991 2031 scripturis
1020 1992 1239 2031 assumptas,
1265 1997 1356 2031 quas
1380 1985 1493 2030 parati
1519 1996 1686 2018 essemus
1712 1984 1749 2016 in
1774 1982 1937 2029 generali
1962 1989 2023 2015 aut
2047 1993 2130 2027 pro-

250 2050 397 2086 vinciali
426 2051 594 2086 Concilio
625 2051 824 2094 declarare,
855 2052 1066 2086 societatem
1101 2063 1227 2085 eorum
1266 2051 1523 2097 periculosam,
1558 2063 1663 2096 quam
1699 2057 1736 2084 et
1768 2049 1875 2083 nobis
1914 2048 2130 2082 arbitramur

251 2117 428 2160 illicitam,
443 2117 696 2152 vehementius
716 2117 968 2152 abhorremus.
987 2119 1176 2152 Memorati
1193 2130 1280 2152 vero
1301 2119 1431 2151 fratres
1452 2129 1520 2151 nos
1541 2117 1675 2151 invitos
1696 2117 1740 2150 ad
1761 2128 1887 2150 eorum
1904 2115 2127 2149 consortium

251 2189 377 2218 contra
397 2184 511 2218 Deum
533 2190 569 2218 et
588 2184 782 2230 equitatem
804 2191 841 2218 et
860 2191 983 2231 preter
1002 2185 1159 2219 mandati
1180 2185 1292 2219 vestri
1318 2185 1467 2218 sormam
1495 2183 1672 2217 indirecte
1693 2182 1914 2228 compellere
1936 2181 2127 2215 molientes

251 2249 481 2284 venerabiles
515 2256 636 2296 patres
664 2250 967 2285 Aurelianensem
1003 2258 1039 2285 et
1070 2251 1434 2285 Autissiodorensem
1469 2250 1681 2296 episcopos,
1717 2250 1853 2294 prefate
1888 2247 2127 2281 ordinationis

252 2316 499 2358 executores³,
530 2316 622 2350 adeo
650 2317 888 2359 seduxerunt,
917 2324 957 2351 ut
982 2329 1063 2351 cum
1093 2329 1113 2351 a
1139 2317 1247 2351 nobis
1277 2317 1483 2362 receperint
1509 2317 1546 2349 in
1576 2315 1767 2356 mandatis,
1796 2314 1965 2360 quatinus
1997 2314 2124 2347 dictam

252 2382 518 2416 ordinationem
547 2382 679 2416 saciant
704 2382 964 2417 inviolabiliter
989 2383 1191 2426 observari,
1216 2383 1504 2417 contradictores
1529 2394 1595 2428 per
1621 2393 1811 2415 censuram
1843 2380 2124 2413 ecclesiasticam

251 2448 535 2494 compescendo,
556 2449 627 2495 ipsi
651 2449 803 2483 formam
828 2449 986 2483 mandati
1007 2450 1134 2492 vestri,
1155 2450 1340 2484 nescimus
1361 2461 1433 2495 quo
1458 2448 1555 2482 ducti
1578 2447 1722 2494 spiritu,
1744 2446 1977 2487 excedentes,
1999 2458 2123 2492 parum

250 2514 480 2548 attendentes
509 2521 669 2562 stragem
703 2515 919 2550 multorum·
949 2523 986 2550 et
1013 2515 1182 2550 scandala
1216 2515 1469 2561 plurimorum,
1501 2526 1574 2547 non
1604 2514 1641 2547 in
1670 2513 1970 2554 contradictores,
2000 2518 2039 2546 ut
2071 2512 2125 2546 eis

252 2581 458 2615 mandatum
483 2581 661 2624 extiterat,
688 2581 753 2615 scd
781 2582 819 2615 in
843 2594 971 2616 omnes
996 2582 1191 2628 magistros
1213 2588 1248 2615 et
1267 2581 1442 2622 scolares,
1463 2580 1525 2626 qui
1546 2586 1765 2613 memoratos
1786 2580 1915 2613 fratres
1940 2585 1976 2612 et
1999 2590 2123 2612 eorum

250 2647 437 2682 auditores
469 2647 561 2682 infra
589 2659 634 2682 xx
664 2648 744 2682 dies
773 2660 846 2682 non
876 2648 1109 2682 admitterent
1141 2648 1186 2682 ad
1220 2647 1394 2694 predicta,
1426 2658 1499 2680 non
1525 2646 1796 2692 distinguentes
1825 2645 1920 2679 inter
1949 2644 2033 2678 illos
2062 2644 2124 2690 qui

250 2713 440 2748 admittere
460 2720 629 2761 poterant
647 2721 684 2748 et
702 2714 897 2758 debebant,
919 2721 1044 2761 utpote
1064 2714 1109 2748 de
1130 2714 1204 2748 illis
1224 2714 1382 2760 collegio
1404 2720 1440 2747 et
1459 2713 1645 2747 consortio
1670 2713 1882 2754 existentes,
1903 2718 1939 2746 et
1958 2711 2042 2745 illos
2063 2710 2124 2756 qui

250 2779 295 2814 ad
315 2791 357 2814 ea
376 2792 444 2815 nec
464 2781 654 2815 admittere
674 2787 842 2828 poterant
866 2793 933 2815 nec
954 2781 1149 2823 debebant,
1171 2787 1295 2827 utpote
1321 2792 1393 2815 non
1419 2780 1618 2814 existentes
1638 2779 1684 2813 de
1704 2778 1863 2825 collegio
1884 2785 1920 2812 et
1939 2778 2124 2812 consortio

251 2846 483 2893 supradictis,
513 2847 560 2882 de
586 2848 693 2891 sacto,
720 2860 802 2883 cum
829 2848 874 2882 de
895 2849 979 2894 jure
1007 2860 1079 2882 non
1105 2854 1270 2894 possent,
1296 2853 1379 2893 post
1403 2846 1683 2892 appellationem
1709 2845 1906 2891 legitimam
1927 2857 1945 2878 a
1967 2843 2123 2890 singulis

251 2919 429 2956 nostrum,
456 2925 503 2948 ne
529 2914 617 2960 quid
642 2914 680 2948 in
699 2914 796 2960 juris
827 2915 943 2949 nostri
973 2914 1214 2961 prejudicium
1245 2904 1512 2959 attemptarent,
1543 2912 1807 2958 interpositam,
1836 2910 2123 2945 excomnmnica-

252 2977 363 3014 tionis
390 2980 607 3015 sententiam
633 2981 875 3027 protulerunt.
903 2982 1056 3028 Propter
1079 2993 1187 3027 quem
1213 2992 1402 3015 excessum
1430 2979 1474 3014 ad
1495 2979 1662 3025 pietatem
1684 2985 1838 3013 vestram
1865 2978 1955 3011 insi-a
1981 2983 2122 3021 tempus
