2580 3528
1124 433 1291 456 TABULA.
2076 427 2144 460 659

282 552 315 576 80
402 547 469 576 ¹28¹
581 550 681 583 Aprilis
697 551 727 575 13
787 550 932 583 Gregorius
946 551 981 575 lx
995 551 1028 575 de
1041 551 1134 576 eodem
1149 555 1306 583 argumento
1320 552 1354 576 ad
1374 552 1503 576 decanum
1517 556 1542 576 et
1555 553 1703 585 capitulum
1717 553 1865 578 Parisiense
1867 570 2055 578 ........
2099 554 2146 578 189

282 610 312 634 81
423 621 455 626 -
615 621 648 628 -
697 609 727 632 13
787 609 932 641 Gregorius
958 609 992 633 lx
1014 609 1049 633 ad
1072 609 1191 634 Odonem
1213 609 1337 633 abbatem
1361 610 1387 633 S.
1413 610 1537 634 Germani
1560 611 1592 634 de
1613 612 1709 640 Pratis,
1732 614 1761 635 ut
1779 611 1897 635 homines
1918 611 1949 634 de
1971 611 2056 643 burgo

818 653 845 677 S.
865 653 991 677 Germani
1007 661 1057 685 pro
1077 661 1143 685 pace
1161 661 1192 677 ac
1211 653 1352 677 secun‘tate
1371 653 1532 678 scholarium
1551 655 1586 678 ad
1605 663 1635 679 ea
1654 655 1827 686 constringat,
1848 655 1882 678 ad
1901 663 1967 686 quae
1987 655 2056 679 cives

818 697 982 722 Parisienses
996 705 1044 730 per
1058 698 1148 730 regale
1165 697 1336 730 privilegium
1351 701 1413 722 sunt
1427 698 1529 722 astricti
1532 716 2056 724 .....................
2104 700 2148 723 139

282 756 314 780 82
426 767 454 772 —-
617 769 648 774 —
698 755 728 779 14
787 755 932 787 Gregorius
947 755 980 779 lx
995 755 1157 779 Ludovicum
1170 763 1259 787 regem
1271 756 1434 780 Francorum
1448 756 1570 780 hortatur
1586 760 1615 781 ut
1628 757 1831 789 progenitorum
1845 765 1955 780 suorum
1970 765 2058 780 exem-

818 800 879 832 plar
894 802 1000 824 secutus
1014 808 1043 824 se
1057 799 1224 824 scholaribus
1239 800 1435 824 Parisiensibus
1450 801 1624 825 favorabilem
1639 809 1670 825 ac
1683 801 1828 833 benig-num
1842 801 1965 825 exhibeat
1980 804 2006 824 et
2020 801 2057 824 cis

818 844 991 876 privilegiam
1007 844 1126 877 Philippi
1140 844 1253 877 Augusti
1267 844 1375 869 innovet
1377 862 2057 870 ...........................
2104 846 2149 870 140

283 903 315 927 83
425 913 457 918 -
617 912 649 917 -
699 898 729 922 18
788 901 933 934 Gregorius
948 902 982 926 lx
994 902 1137 934 magistros
1149 902 1279 926 Jacobum
1290 902 1323 926 de
1335 902 1432 926 Dinant
1443 902 1659 927 archidiaconum
1670 903 1846 927 Morinensem
1858 906 1884 927 et
1893 903 2059 927 Warnacium

819 946 975 970 canonicum
996 946 1165 970 Tervisinum
1188 946 1298 971 Parisiis
1319 950 1527 971 commorantem
1549 947 1680 978 hortatur,
1706 951 1735 972 ut
1757 947 1955 980 inquisitionem
1979 955 2060 979 super

820 990 898 1014 domo
913 991 939 1016 S.
955 989 1072 1014 'rhomae
1091 990 1118 1015 in
1137 991 1251 1023 Lapara,
1267 991 1319 1015 nisi
1331 991 1388 1023 jam
1403 991 1483 1015 fucrit
1496 995 1687 1021 consummata,
1703 992 1736 1016 ad
1752 992 1831 1016 finem
1851 992 2008 1024 perducant.
2026 1009 2033 1016 .
2052 1009 2059 1015 .
2104 992 2148 1016 141

284 1050 315 1074 84
426 1060 457 1064 —
619 1058 650 1063 -
700 1045 730 1069 18
789 1047 934 1080 Gregorius
954 1048 988 1072 lx
1007 1048 1116 1072 mandat
1129 1048 1266 1080 magistris
1281 1049 1419 1073 Waraacio
1433 1049 1571 1073 Tervisino
1585 1052 1611 1074 et
1625 1049 1725 1073 Simoni
1743 1050 1775 1073 de
1794 1049 1875 1074 Alteis
1891 1049 2059 1073 Ambiauensi

820 1092 964 1121 canonicis,
979 1095 1010 1116 ut
1023 1101 1104 1125 super
1118 1093 1228 1125 flagitio,
1245 1093 1316 1125 quod
1330 1093 1445 1118 decanus
1460 1097 1486 1118 et
1500 1093 1546 1118 alii
1561 1094 1593 1118 de
1607 1094 1672 1118 villa
1685 1094 1711 1118 S.
1725 1094 1842 1118 Marcelli
1857 1094 1941 1118 Paris.
1956 1094 1982 1117 in
1995 1093 2061 1117 occi-

821 1137 895 1161 sione
914 1137 1077 1161 scholarium
1091 1140 1260 1170 perpetrasse
1274 1138 1405 1167 dicantur,
1421 1138 1533 1162 sollicite
1552 1138 1690 1163 veritatem
1709 1138 1845 1171 inquirant
1847 1155 2059 1162 .........
2106 1139 2152 1162 142

285 1197 317 1220 8⁵
429 1207 456 1211 —
619 1205 651 1211 —
702 1192 731 1215 18
791 1194 936 1226 Gregorius
951 1195 985 1219 lx
1000 1194 1112 1219 Heni-ico
1126 1195 1326 1228 archiepiscopo
1339 1196 1469 1224 Remensi,
1483 1196 1612 1221 Gautrido
1624 1196 1748 1228 episcopo
1762 1196 1939 1224 Ambianensi,
1957 1195 2060 1228 [ingoni

823 1239 855 1263 de
873 1239 1029 1271 Burgundio
1050 1239 1159 1263 mandat
1177 1243 1207 1263 ut
1224 1239 1368 1272 magistros
1387 1243 1413 1264 et
1432 1240 1566 1264 scholares
1585 1240 1749 1265 Parisienses
1770 1241 1798 1264 in
1817 1240 1873 1264 suis
1892 1240 2061 1264 libertatibus

822 1286 915 1307 contra
928 1283 1079 1308 turbatores
1093 1287 1250 1308 conservent
1251 1301 2061 1309 ................................
2107 1285 2152 1309 142

285 1343 318 1367 86
429 1353 459 1358 -
621 1353 650 1358 -
701 1339 732 1362 20
791 1341 936 1373 Gregorius
951 1341 985 1365 lx
1000 1341 1076 1365 Petro
1091 1341 1183 1365 abbati
1195 1342 1222 1365 S.
1236 1341 1348 1365 Victoris
1364 1345 1390 1365 et
1403 1342 1487 1374 priori
1503 1343 1615 1366 Fratrum
1629 1342 1844 1366 Praedicatorum
1856 1343 1941 1367 Paris.
1955 1342 2064 1366 mandat

822 1387 853 1409 ut
870 1385 1014 1417 magistros
1034 1388 1060 1409 et
1078 1385 1222 1414 scholares,
1238 1385 1284 1417 qui
1299 1385 1326 1409 in
1341 1386 1497 1410 sententiam
1511 1386 1594 1410 latam
1608 1387 1717 1410 Parisiis
1732 1387 1759 1410 in
1774 1386 1932 1419 provinciali
1946 1386 2062 1411 Concilio

822 1432 849 1453 et
869 1429 936 1453 alias
955 1429 1094 1453 occasione
1108 1429 1239 1454 librorum
1253 1429 1416 1454 naturalium
1435 1429 1585 1461 inciderint,
1600 1430 1741 1454 absolvant
1744 1447 2062 1455 .............
2108 1432 2153 1456 14³

286 1484 317 1509 87
427 1499 459 1504 —
620 1498 652 1504 —
702 1485 733 1509 2³
792 1486 937 1518 Gregorius
952 1487 987 1510 lx
1001 1486 1138 1518 magistris
1153 1486 1294 1511 Guillelmo
1308 1486 1494 1511 archidiacono
1509 1487 1671 1516 Belvacensi,
1688 1488 1789 1512 Simoni
1805 1488 1838 1512 de
1853 1488 1933 1512 Alteis
1956 1488 2064 1512 Ambia-
2109 1506 2111 1509 .

823 1530 908 1559 nensi,
924 1530 1059 1563 Stephano
1073 1531 1106 1554 de
1120 1530 1236 1555 Pruvino
1251 1531 1373 1555 Remensi
1387 1531 1521 1555 canonicis
1536 1532 1645 1556 mandat
1663 1535 1693 1556 ut
1711 1532 1795 1556 libros
1810 1532 1973 1556 naturalium
1988 1532 2064 1556 Pari-

823 1574 871 1599 siis
885 1575 913 1599 in
927 1574 1045 1599 Concilio
1058 1575 1217 1607 provinciali
1230 1575 1382 1607 prohibitos
1401 1575 1559 1605 examinent,
1574 1579 1601 1600 et
1614 1584 1682 1608 quae
1696 1576 1734 1600 ibi
1748 1584 1859 1600 erronea
1879 1585 1926 1601 seu
1946 1577 2065 1600 scandali

823 1619 973 1651 legentibus
988 1619 1092 1643 illativa
1105 1619 1262 1649 invenerint,
1275 1619 1382 1652 penitus
1397 1623 1515 1644 resecent
1516 1637 2065 1645 ......................
2110 1622 2156 1646 1123

286 1675 318 1700 88
428 1691 461 1696 -
622 1689 654 1694 —
703 1676 734 1699 24
793 1677 938 1709 Gregorius
957 1677 991 1701 lx
1010 1677 1045 1701 ad
1063 1677 1236 1702 Gnillelmum
1249 1677 1405 1710 episcopum
1419 1677 1605 1707 Parisiensem,
1621 1681 1651 1703 ut
1664 1686 1727 1702 suos
1742 1678 1863 1703 homines
1882 1687 1932 1711 pro
1950 1687 2016 1711 pace
2035 1687 2066 1703 ac

825 1721 966 1746 securitate
987 1721 1151 1746 scholarium
1173 1722 1208 1746 ad
1230 1730 1262 1746 ea
1284 1722 1458 1755 constringat,
1481 1722 1516 1747 ad
1538 1731 1605 1755 quae
1628 1723 1699 1748 cives
1722 1723 1886 1748 parisienses
1907 1732 1955 1756 per
1977 1724 2066 1756 regala

823 1765 996 1798 privilegium
1016 1769 1080 1790 sunt
1099 1766 1202 1791 astricti
1204 1783 2064 1792 ..................................
2111 1770 2156 1793 1114

288 1823 320 1846 89
429 1837 461 1842 -—
612 1822 675 1848 unii
704 1824 719 1847 5
793 1824 938 1856 Gregorius
957 1824 991 1849 lx
1009 1824 1108 1849 decano
1130 1824 1315 1849 Suessionensi
1338 1828 1364 1849 et
1382 1833 1452 1857 mag.
1474 1825 1575 1849 Simoni
1592 1826 1624 1850 de
1643 1825 1725 1850 Alteie
1745 1826 1855 1850 mandat
1873 1829 1902 1850 ut
1921 1826 2019 1850 artium
2041 1829 2067 1850 et

825 1869 951 1902 physicae
966 1869 1100 1893 facultatis
1115 1869 1261 1901 magistris.
1277 1869 1323 1902 qui
1342 1869 1370 1893 in
1388 1870 1571 1902 Andegavensi
1589 1873 1615 1894 et
1633 1870 1816 1894 Aurelianensi
1835 1870 1941 1895 civitate
1960 1871 2066 1895 licentia

825 1913 933 1938 obtenta
956 1917 1080 1938 rexerunt
1102 1916 1128 1938 et
1151 1916 1211 1938 ante
1234 1913 1423 1938 discessionem
1444 1914 1555 1939 Parisiis
1578 1915 1719 1939 examinati
1744 1918 1828 1944 erant,
1851 1915 1934 1939 libere
1957 1916 2066 1947 regendi

825 1957 936 1982 Parisiis
955 1957 1019 1982 dent
1037 1958 1190 1982 facultatem
1199 1975 2065 1986 ..................................
2111 1961 2157 1985 144

287 2014 320 2038 90
430 2028 463 2034 -
629 2027 662 2033 ·—·
704 2014 720 2038 8
795 2015 940 2048 Gregorius
955 2015 989 2040 lx
1009 2018 1085 2048 rogat
1105 2015 1267 2040 Ludovicum
1285 2024 1375 2049 regem
1393 2016 1555 2041 Francorum
1575 2020 1603 2041 ut
1621 2017 1693 2041 omni
1714 2017 1802 2049 gratia
1820 2021 1846 2042 et
1866 2019 1955 2042 favore
1974 2026 2066 2050 prose-

826 2063 924 2092 quatur
958 2060 1102 2092 magiatros
1133 2060 1291 2085 Gaul'ridum
1321 2060 1512 2085 pictaviensem
1547 2064 1573 2085 et
1605 2061 1776 2086 Guillelmum
1811 2061 2067 2087 Autissiodorensem

825 2104 966 2129 redeuntes
982 2104 1099 2129 Parisios
1120 2105 1154 2128 ad
1174 2105 1319 2137 regendum
1340 2113 1355 2129 a
1374 2105 1448 2129 curia
1467 2105 1593 2135 Romana,
1614 2106 1660 2130 ubi
1679 2106 1713 2130 ad
1732 2107 1930 2131 reformandum
1950 2107 2067 2131 studium

828 2148 924 2173 morati
938 2152 1023 2178 erant,
1039 2156 1085 2174 nec
1106 2149 1298 2173 detractoribus
1316 2150 1467 2174 eorumdem
1482 2150 1572 2174 credat
1573 2167 2066 2176 ....................
2112 2154 2157 2178 145

289 2204 319 2229 91
431 2218 463 2224 —
632 2218 660 2224 —
705 2206 721 2229 G
795 2206 941 2239 Gregorius
959 2207 993 2231 ΙΧ
1011 2207 1045 2231 ad
1064 2206 1191 2231 Blancam
1211 2207 1332 2240 reginam
1353 2207 1523 2238 Francorum,
1544 2211 1574 2232 ut
1594 2208 1744 2240 praedictos
1762 2209 1905 2241 magistros
1927 2209 2066 2234 redeuntes
2171 2236 2173 2239 ,

827 2250 941 2283 benigne
955 2251 1076 2283 recipiat,
1091 2259 1139 2276 nec
1153 2251 1244 2276 credat
1258 2251 1452 2276 detractoribus
1464 2270 2065 2279 ........................
2112 2255 2157 2279 146

290 2307 322 2331 ⁹2
432 2321 464 2325 —-
632 2321 663 2326 -
705 2309 722 2331 6
795 2308 941 2341 Gregorius
956 2309 990 2332 lx
1005 2308 1099 2333 scribit
1112 2309 1211 2333 decano
1225 2312 1252 2333 et
1265 2309 1382 2341 capitulo
1397 2310 1423 2334 S.
1437 2310 1554 2334 Marcelli
1569 2310 1736 2339 Parisiensis,
1750 2314 1779 2334 ut
1792 2315 1883 2334 coram
1898 2310 2017 2335 homines
2032 2312 2066 2335 ad

827 2360 858 2377 ea
872 2352 1064 2385 constringant,
1080 2353 1114 2377 ad
1129 2361 1196 2385 quae
1210 2353 1281 2378 cives
1297 2353 1459 2378 Parisiensos
1474 2362 1522 2386 per
1536 2355 1625 2386 regale
1638 2354 1810 2387 privilegium
1825 2358 1887 2379 sunt
1901 2355 2012 2380 astricti.
2032 2373 2039 2380 .
2059 2373 2066 2380 .
2111 2357 2157 2381 1⁴6

291 2409 323 2432 ⁹3
436 2423 462 2427 —
634 2423 661 2428 --
706 2410 722 2433 6
796 2409 941 2442 Gregorius
957 2410 990 2434 ΙΧ
1012 2410 1046 2434 ad
1066 2410 1238 2435 Guillelmum
1258 2410 1413 2443 episcopum
1434 2411 1610 2436 Parisiensem
1629 2411 1661 2435 de
1680 2412 1771 2436 eodem
1791 2416 1956 2444 argumento,
1979 2414 2066 2445 quoad

827 2453 948 2479 homines
967 2454 1024 2486 ejus
1027 2472 2066 2482 .........................................
2111 2459 2156 2484 147

291 2511 323 2535 Μ
433 2524 464 2529 -
633 2524 664 2529 -
707 2513 723 2535 ὃ
797 2511 942 2544 Gregorius
955 2512 988 2536 lx
1000 2512 1034 2536 ad
1049 2512 1166 2537 Odonem
1181 2512 1305 2537 abbatem
1320 2513 1346 2537 S.
1361 2512 1485 2538 Germani
1500 2514 1532 2537 de
1546 2514 1632 2538 Pratis
1646 2514 1679 2538 de
1693 2515 1784 2538 eodem
1799 2518 1964 2547 argumento,
1979 2516 2066 2548 quoad

829 2552 949 2581 homines
963 2557 995 2580 de
1009 2556 1096 2589 burgo
1111 2557 1136 2581 S.
1154 2556 1279 2582 Germani
1291 2574 2067 2585 ...............................
2112 2562 2156 2586 147

292 2613 324 2637 ⁹⁵
436 2626 462 2631 —
634 2626 663 2631 -
697 2613 728 2636 10
797 2613 942 2646 Gregorius
958 2614 991 2638 lx
1005 2613 1125 2639 concedit
1143 2614 1274 2639 universis
1293 2615 1430 2647 magistris
1450 2618 1476 2640 et
1495 2615 1662 2640 scholaribus
1677 2616 1831 2646 Pari-iem..
1846 2620 1875 2642 ut
1893 2625 1941 2650 per
1960 2622 2067 2650 septen-

829 2658 903 2682 nium
916 2658 1006 2682 nullus
1020 2658 1047 2682 in
1062 2658 1260 2683 universitatem
1276 2659 1465 2691 magistrorum
1480 2660 1521 2684 vel
1534 2659 1695 2684 scholarium
1711 2669 1757 2685 seu
1772 2664 1903 2686 rectorum
1918 2662 1959 2686 vel
1974 2670 2067 2694 procu-

828 2705 944 2727 ratorem
960 2710 1052 2727 eorum
1068 2702 1094 2727 in
1111 2703 1191 2727 certis
1209 2703 1316 2727 casibus
1330 2703 1618 2733 excommunicationis,
1632 2708 1693 2735 etc..
1708 2705 1865 2730 sententiam
1879 2707 2040 2739 promulget.
2059 2724 2066 2732 .
2113 2708 2156 2732 1117

293 2755 326 2780 0⁶
418 2753 483 2780 123³
573 2755 709 2780 Februarii
724 2755 753 2779 27
797 2755 943 2788 Gregorius
959 2756 992 2781 lx
1009 2755 1156 2785 scientiam,
1171 2756 1354 2781 strenuitatem
1369 2756 1488 2786 militiae,
1502 2757 1668 2782 devotionem
1685 2758 1778 2791 populi
1798 2758 1824 2783 in
1843 2767 1926 2791 regno
1942 2759 2068 2784 Francia·

830 2800 952 2824 florentes
967 2800 1092 2824 laudibus
1106 2801 1231 2829 cumulat,
1247 2801 1422 2834 admonetque
1437 2801 1597 2826 Ludovicum
1612 2810 1701 2834 regem
1715 2803 1884 2832 Francorum,
1900 2807 1929 2828 ut
1944 2804 2067 2836 injuriam

830 2852 846 2869 a
869 2844 1015 2869 senescallo
1039 2845 1240 2870 Viromandensi
1263 2845 1290 2869 ia
1314 2845 1468 2878 Philippum
1488 2846 1676 2871 cancellarium
1700 2846 1885 2876 Parisiensem,
1910 2848 1984 2879 cujus
2009 2849 2067 2872 lans

829 2889 910 2914 etiam
928 2889 1000 2922 apud
1017 2892 1120 2914 exteros
1139 2889 1192 2915 late
1210 2893 1292 2923 patet.
1312 2889 1483 2915 commissam
1502 2890 1618 2915 vindicet
1619 2908 2067 2918 ..................
2113 2894 2158 2918 1⁴⁸

295 2940 327 2965 97
435 2952 467 2958 -
633 2954 660 2960 -
725 2941 756 2966 28
799 2942 944 2975 Gregorius
958 2942 991 2967 ΙΧ
1003 2942 1128 2967 laudibus
1140 2942 1243 2968 extollit
1254 2943 1392 2968 eeclesiam
1405 2943 1579 2973 Gallicanam,
1592 2947 1619 2968 et
1632 2944 1785 2977 Philippum
1797 2945 1984 2969 cancellarium
1997 2946 2068 2970 Pari-

831 2986 955 3015 siensem,
970 2995 1049 3019 quem
1068 2986 1158 3019 magni
1178 2987 1249 3017 facit.
1265 2990 1356 3012 contra
1375 2988 1549 3013 senescallum
1564 2987 1796 3013 viromandensem
1814 2989 1938 3013 defendit.
1958 3006 2067 3014 .....
2113 2990 2159 3015 lav
