2580 3528
243 407 340 448 1256]
584 417 631 439 ΑΒ
664 417 771 439 anuo
804 416 882 439 Mcc
916 416 1050 445 usone
1084 416 1133 438 An
1167 416 1397 438 munerum
1432 417 1473 438 iv
1507 417 1596 439 nec.
1634 418 1771 440 fiune.
2049 411 2116 444 335

240 491 280 524 in
306 487 438 525 Virtute
471 490 680 524 obedientie
714 489 959 536 prohibendo,
991 502 1037 523 ne
1067 490 1259 535 quisquam
1295 490 1497 535 predictum
1527 490 1691 523 libellum
1723 503 1786 524 ore
1816 493 2016 537 apostolico
2041 495 2115 538 jam

241 557 471 603 dampnatum
505 556 706 603 approbare
737 556 796 591 vel
830 556 1111 602 quomodolibet
1142 556 1333 590 defensare
1367 563 1566 602 presumat,
1595 563 1630 590 et
1661 557 1692 590 si
1724 558 1807 602 quis
1837 561 2116 604 presumpserit,

240 630 408 670 tanquam
431 630 635 666 contumax,
657 623 876 657 inobediens
897 630 932 657 et
951 623 1102 656 rebellis
1123 624 1282 656 Romane
1303 623 1459 656 ecclesie
1479 623 1523 656 ab
1545 623 1715 656 omnibus
1737 623 1908 658 fidelibus
1929 625 2116 668 habeatur,

240 691 336 724 sicut
354 690 421 724 hec
441 691 561 724 omnia
585 690 623 724 in
646 689 778 724 litteris
806 690 943 723 nostris
969 690 1014 723 de
1039 689 1204 735 predicta
1229 689 1486 735 reprobatione
1511 702 1551 723 ac
1575 690 1904 736 condempnatione
1925 692 2114 734 confectis,

240 769 330 803 quas
350 756 416 791 tibi
435 757 726 799 transmittimus,
748 756 894 802 plenius
913 756 1179 790 continentur¹.
1202 756 1363 802 Ideoque
1385 756 1688 802 magnificentiam
1710 764 1805 790 tuam
1827 758 1925 790 omni
1946 770 2015 803 qua
2032 771 2117 803 pos-

240 835 367 857 sumus
399 823 590 857 affectione
623 835 808 869 rogamus,
843 823 1014 869 quatinus
1049 830 1269 857 memoratos
1302 824 1432 857 fratres
1466 830 1640 857 consueta
1674 823 1899 870 benignitate
1933 837 1973 858 ac
2002 826 2116 870 gratia

240 890 489 936 prosequaris,
516 902 580 924 eos
610 897 776 936 tanquam
804 889 978 936 probatos
1015 897 1051 923 et
1083 897 1252 936 acceptos
1282 890 1419 924 Christi
1445 890 1633 923 ministros
1658 890 1792 924 habeas
1818 891 1991 924 attentius
2017 904 2117 925 com-

213 960 218 967 ·
239 957 442 998 mendatos,
465 963 500 990 et
518 956 562 990 ab
582 957 727 1002 injuriis
748 963 784 990 et
803 956 982 990 molestiis
1008 963 1179 1002 protegas
1201 963 1237 990 et
1256 968 1462 1002 preserves,
1484 957 1531 990 ita
1557 957 1655 1002 quod
1681 963 1742 990 tuo
1768 957 1888 991 securi
1914 958 2114 991 munimine

203 1009 207 1013 .
240 1023 397 1068 quietam
418 1029 454 1056 et
473 1029 608 1069 gratam
630 1023 842 1068 impendere
858 1023 1014 1056 Domino
1030 1023 1174 1057 valeant
1189 1023 1415 1056 servitutem.
1434 1024 1512 1056 Dat.
1530 1023 1696 1069 Anagnie
1716 1025 1772 1069 xvj
1796 1024 1864 1057 kal.
1883 1024 2114 1067 Novembris,

240 1089 471 1135 pontificatus
492 1089 608 1123 nostri
627 1101 722 1123 anno
743 1089 920 1123 secundo.

332 1178 468 1210 originale
481 1178 507 1202 in
520 1179 598 1202 Arch.
611 1182 665 1203 nat.
680 1179 764 1202 Paris.
776 1179 804 1203 L.
817 1179 871 1207 250,
886 1183 916 1202 n⁰
930 1179 985 1203 111.
999 1179 1148 1210 Supersunt
1162 1179 1207 1202 fila
1221 1178 1332 1202 cannah.
1345 1179 1373 1202 In
1389 1179 1543 1202 membrana
1556 1187 1650 1203 aversa
1661 1187 1667 1203 ε
1681 1188 1692 1202 (ι
1704 1179 1901 1203 Predicatorum
1913 1188 1935 1204 ».
1946 1194 1977 1198 —
1988 1181 2115 1206 Vidimus

237 1230 280 1247 ιιι.
300 1223 362 1247 1256
380 1223 407 1246 in
425 1223 502 1247 Arch.
526 1223 628 1255 depart.
649 1223 681 1247 de
703 1223 730 1246 la
749 1223 900 1251 Cute-d'Or,
921 1223 999 1246 fonds
1017 1223 1206 1251 Dominicains,
1223 1223 1304 1246 liasse
1324 1224 1380 1247 930.
1400 1223 1467 1247 Ibid.
1490 1224 1600 1248 Cartul.
1621 1224 1667 1247 des
1682 1223 1875 1252 Donninicnins,
1897 1225 1927 1248 Η.
1943 1225 1997 1253 221,
2014 1225 2058 1249 sol.
2075 1226 2113 1249 87.

237 1267 300 1291 eod.
321 1267 410 1299 privil.
433 1267 496 1291 Ord.
517 1267 578 1302 Min.
599 1267 735 1291 continens
756 1270 782 1291 et
801 1267 834 1290 ad
856 1267 920 1291 Ord.
943 1267 1016 1290 Serv.
1040 1267 1138 1290 Mariae
1160 1267 1294 1298 pertinens
1319 1267 1397 1299 (saec.
1418 1268 1492 1298 XIV).
1513 1268 1637 1296 Bulaeus,
1662 1269 1707 1296 111,
1731 1269 1784 1292 312.
1801 1281 1830 1287 —
1846 1269 1940 1300 Ignace
1967 1270 1999 1293 de
2022 1270 2115 1293 Jesus-

236 1311 328 1340 laria,
348 1311 471 1337 Histoire
488 1312 535 1337 des
549 1315 650 1336 comtes
662 1312 695 1336 de
708 1311 860 1340 PonHuieu,
876 1319 902 1343 p.
920 1311 973 1339 183,
990 1314 1082 1335 narrat
1095 1319 1194 1343 papam
1209 1312 1300 1335 eadem
1315 1312 1358 1335 die
1373 1312 1430 1344 regi
1445 1312 1595 1344 scripsisse,
1617 1321 1644 1336 se
1659 1313 1821 1337 concessisse
1840 1314 1896 1345 ejus
1917 1314 2026 1342 nuntiis,
2048 1322 2116 1346 quse

236 1363 286 1388 pro
297 1357 357 1380 frat.
367 1356 460 1380 Praed.
471 1356 680 1388 postulaverant,
694 1355 881 1387 hortatumque
896 1363 956 1379 eum
970 1363 1038 1384 esse,
1056 1358 1084 1379 ut
1099 1355 1226 1379 fratribus
1241 1355 1431 1387 protectionem
1446 1354 1530 1379 suani
1537 1356 1664 1381 servaret.
1677 1358 1724 1380 Ast
1738 1357 1786 1380 hoc
1800 1358 1861 1381 fecit
1870 1358 1949 1381 etium
1960 1358 1986 1381 in
2002 1358 2115 1390 epistola

236 1407 319 1432 supra
331 1399 480 1432 publicata.

330 1475 352 1499 1.
372 1475 459 1508 Supra
473 1479 504 1499 ιιι)
519 1476 572 1499 288.

236 1587 348 1626 290.
376 1597 545 1624 Alexander
565 1599 611 1625 JV
625 1597 795 1625 Ludovicum
817 1607 911 1633 regem
932 1599 1075 1625 Franciae
1099 1602 1191 1634 rogat,
1210 1598 1356 1635 praebeat
1380 1599 1536 1625 Turonensi
1558 1602 1586 1625 et
1606 1599 1811 1634 Rotomagensi
1831 1599 2057 1636 archiepiscopis
2080 1609 2116 1626 ac

323 1647 486 1674 Par-leiensi
513 1647 646 1683 episcopo
674 1655 790 1673 manum
819 1647 1005 1683 auxiliarem,-
1031 1651 1063 1674 ut
1086 1647 1229 1674 mandata
1258 1647 1422 1684 apostolica
1450 1647 1479 1674 in
1507 1649 1635 1683 gratiam
1664 1650 1789 1683 fratrum
1821 1648 2061 1675 Praedicatorum
2087 1653 2116 1676 et

324 1695 466 1722 Minorum
481 1699 686 1732 exsequantur.

1409 1746 1485 1776 7250,
1503 1745 1620 1773 Octobris
1636 1746 1674 1776 19,
1689 1746 1827 1780 Anagniae.

323 1818 530 1853 Alexander
558 1819 754 1866 episcopus
783 1831 912 1854 servus
940 1832 1129 1854 servorum
1157 1821 1224 1854 Dei
1250 1820 1440 1854 carissimo
1472 1821 1509 1854 in
1539 1820 1687 1856 Christo
1713 1821 1788 1854 filio
1819 1848 1840 1855 ..
1870 1821 2004 1855 illustri
2034 1822 2112 1868 regi

236 1886 386 1920 Francie
414 1885 565 1920 salutem
594 1893 630 1920 et
655 1886 891 1933 apostolicam
918 1886 1227 1921 benedictionem.
1256 1889 1337 1921 Non
1364 1887 1443 1921 sine
1474 1887 1584 1921 multa
1614 1887 1737 1922 cordis
1766 1889 2006 1922 amaritudine
2035 1889 2112 1922 ani—

235 1952 357 1998 mique
375 1952 580 1987 turbatione
600 1953 806 1987 audivimus
826 1953 925 2000 quod
946 1953 1114 1987 nonnulli
1135 1954 1300 2000 magistri
1321 1961 1357 1988 et
1376 1954 1547 1988 doctores
1567 1966 1606 1988 ac
1626 1954 1686 1988 alii
1707 1961 1879 1988 acuentes
1896 1962 1935 1988 ut
1949 1955 2110 2001 gladium

234 2017 380 2065 linguas
400 2031 485 2053 suas
505 2026 541 2053 et
559 2031 740 2054 venenum
765 2020 933 2066 aspidum
957 2027 1130 2066 gerentes
1156 2019 1225 2054 sub
1252 2020 1372 2063 labiis,
1393 2021 1438 2054 ad
1458 2021 1655 2063 infamiam,
1676 2033 1884 2067 gravamen,
1907 2028 1942 2055 et
1962 2022 2112 2068 dispen-

235 2084 335 2118 dium
355 2079 589 2120 innocentum
610 2086 701 2120 illud
726 2086 764 2120 in
788 2086 1086 2133 suggillationem
1107 2093 1143 2121 et
1161 2087 1340 2121 lesionem
1361 2087 1578 2121 dilectorum
1599 2087 1756 2121 filiorum
1777 2088 1924 2122 fratrum
1948 2089 2111 2122 Predica—

235 2157 354 2185 torum
384 2157 421 2185 et
445 2152 627 2187 Minorum
656 2154 825 2199 nequiter
852 2160 1083 2188 vomuerunt.
1113 2155 1158 2188 Et
1186 2154 1271 2188 licet
1295 2154 1397 2200 ipsos
1425 2154 1596 2188 distincte
1626 2166 1700 2188 non
1730 2155 2010 2197 nominaverint,
2042 2167 2109 2189 nec

233 2217 424 2252 vocabulis
451 2219 608 2265 propriis
634 2220 895 2266 expresserint,
922 2232 986 2254 eos
1011 2227 1131 2254 tamen
1156 2220 1376 2266 quibusdam
1402 2220 1598 2254 verborum
1626 2221 1839 2262 involucris,
1872 2228 1905 2254 et
1933 2222 2044 2255 certis
2074 2229 2110 2255 et.

234 2284 350 2318 cautis
374 2285 761 2320 circumlocutionibus
787 2287 948 2332 apertius
977 2287 1190 2328 innuerunt,
1215 2287 1263 2320 ita
1287 2287 1385 2332 quod
1411 2299 1455 2320 ex
1479 2287 1612 2320 talibus
1638 2299 1763 2320 eorum
1790 2287 1896 2321 dictis
1918 2288 2107 2322 manifeste

235 2356 402 2396 tanquam
437 2350 468 2384 si
504 2352 705 2397 expressim
730 2351 815 2386 illos
840 2353 1104 2395 nominassent,
1131 2353 1302 2395 innotuit,
1328 2353 1427 2399 quod
1452 2353 1497 2386 de
1522 2353 1614 2398 ipsis
1642 2352 1815 2387 fratribus
1845 2353 2105 2399 loquebantur;

234 2416 419 2458 fuderunt,
437 2417 597 2463 inquam,
613 2418 728 2460 virus,
750 2425 786 2452 et
804 2425 929 2452 contra
950 2430 1014 2452 eos
1034 2419 1071 2452 in
1092 2419 1218 2461 scolis,
1241 2418 1552 2465 predicationibus
1575 2425 1610 2452 et
1629 2418 1715 2452 alibi
1732 2431 1898 2453 asserere
1920 2432 2107 2467 presump-

233 2489 362 2517 serunt
381 2483 479 2529 quod
500 2484 536 2517 in
557 2490 651 2518 statu
672 2491 708 2519 et
726 2484 783 2519 via
803 2485 1058 2519 salvandorum
1080 2497 1153 2518 non
1175 2492 1291 2527 erant,
1320 2497 1387 2518 nec
1408 2485 1606 2527 meritoria,
1630 2497 1697 2519 nec
1718 2485 1902 2520 salutifera
1929 2487 2106 2522 existebat

230 2548 396 2595 ipsorum
422 2550 636 2585 mendicitas
663 2558 699 2585 et
724 2558 931 2597 paupertas,
956 2563 1037 2585 cum
1064 2550 1244 2585 deberent
1269 2551 1469 2585 valitudine
1494 2551 1674 2597 corporali
1701 2558 1737 2586 et
1761 2552 1842 2586 aliis
1858 2553 1970 2598 justis
1991 2554 2105 2600 impe-

232 2614 406 2650 dimeutis
430 2617 675 2659 cessantibus,
696 2618 856 2664 propriis
880 2617 1048 2652 manibus
1068 2618 1225 2664 operari,
1247 2617 1316 2652 sub
1336 2629 1401 2664 spe
1421 2617 1530 2651 alieni
1551 2617 1708 2652 subsidii
1729 2631 1802 2653 non
1822 2620 2016 2665 torpendo,
2038 2632 2104 2655 nec

233 2693 300 2728 pro
327 2683 598 2718 sustentatione
630 2684 687 2718 vel
715 2696 781 2730 pro
808 2684 1042 2727 necessariis,
1070 2691 1239 2718 extranea
1266 2684 1508 2718 mendicando
1539 2684 1724 2731 suffragia,
1753 2697 1818 2719 seu
1849 2685 1893 2719 ab
1921 2686 2002 2720 aliis
2031 2687 2103 2721 vite

231 2748 461 2783 amminicula
477 2750 718 2796 expectando;
740 2751 912 2797 quodque
934 2750 978 2785 de
999 2750 1145 2785 licentia
1165 2750 1226 2800 vel
1243 2750 1502 2785 commissione
1520 2751 1670 2784 Romani
1691 2751 1874 2797 pontificis
1894 2764 1959 2786 seu
1980 2753 2104 2787 dioce-

231 2824 402 2849 sanorum
429 2816 685 2862 episcoporum
707 2817 968 2863 predicationis
995 2829 1166 2869 exercere
1196 2817 1353 2851 officium
1380 2823 1416 2851 et
1439 2817 1694 2851 consessiones
1727 2818 1853 2852 audire
1883 2818 1999 2853 libere
2029 2832 2102 2853 non

231 2879 411 2924 valebant,
445 2888 612 2929 tanquam
643 2895 708 2929 per
739 2883 807 2918 hoc
841 2883 1093 2918 sacerdotibus
1127 2883 1415 2930 parrochialibus
1446 2883 1686 2930 prejudicium
1716 2884 1926 2927 inferretur,
1956 2885 2000 2919 ad
2034 2886 2101 2920 alia

230 2946 492 2983 nichilominus
522 2961 630 2995 prava
662 2956 697 2984 et
722 2950 846 2996 iniqua
873 2950 911 2984 in
936 2950 1196 2985 detractionem
1223 2962 1349 2984 eoru-m
1381 2956 1417 2984 et
1445 2962 1596 2985 suorum
1621 2950 1799 2985 Ordinum
1825 2951 2098 2997 derogationem
