2580 3528
259 393 357 434 1260]
601 402 648 424 ΑΒ
682 401 789 424 ‚tuno
823 401 903 424 mcc
940 395 1073 431 usQUE
1103 401 1152 423 An
1186 401 1415 423 PlilLlPPUM
1452 401 1491 423 1v
1527 401 1616 424 nso.
1654 402 1791 424 rnAxc.
2069 394 2136 425 413

255 504 369 542 364.
395 513 599 540 Ordinationes
621 512 749 550 Capituli
766 512 912 548 generalis
936 512 1003 540 ord.
1026 513 1167 540 Minor-um
1182 513 1236 539 sub
1258 512 1390 539 ministr-o
1403 512 1535 547 generali
1558 513 1758 538 Bonaventura
1779 512 1934 539 Narbonae
1948 513 2086 540 celebrati
2100 514 2136 540 de

344 562 488 598 fratribus
504 561 652 589 mittendis
666 562 799 589 Parisios
815 561 856 588 ad
870 561 1052 589 studendum.

1402 598 1480 628 7260,
1495 598 1560 623 Malo
1574 599 1693 627 exeunte,
1709 597 1848 624 'lat-bonae.

344 673 458 708 Rubr.
485 673 520 707 6.
549 672 718 706 Mittendi
745 672 906 706 Parisius
926 672 971 706 ad
998 672 1218 706 studendum
1247 672 1365 717 primo
1387 678 1624 705 exerceantur
1644 671 1761 705 tribus
1785 671 1843 705 vel
1864 671 2009 705 duobus
2030 673 2135 705 annis

255 746 340 786 post
365 739 578 773 novitiatum
604 738 642 772 in
666 739 789 785 aliquo
809 739 932 773 studio
953 751 1019 773 sue
1039 739 1226 784 provincie
1247 739 1305 773 vel
1325 739 1458 780 vicine,
1481 738 1552 772 nisi
1572 738 1663 772 adeo
1688 738 1824 772 fuerint
1848 738 2009 780 litterati,
2038 739 2134 784 quod

254 813 339 852 post
365 806 577 840 novitiatum
605 806 780 840 continuo
808 806 952 852 possint
978 806 1083 839 mitti.
1105 807 1185 839 Non
1206 806 1394 839 mittantur
1414 811 1546 846 tamen,
1574 805 1646 839 nisi
1671 805 1716 838 de
1741 805 1952 839 auctoritate
1979 805 2134 839 ministri

253 884 337 906 cum
358 872 515 907 consilio
536 879 571 906 et
591 884 775 907 consensu
797 872 955 918 Capituli
977 872 1224 918 provincialis.
1246 872 1383 906 Taliter
1402 879 1520 906 autem
1542 872 1645 906 missi
1666 872 1837 906 studeant
1856 879 2011 917 quatuor
2030 873 2136 905 annis

253 939 299 974 ad
326 939 461 982 minus,
491 939 563 974 nisi
589 939 680 973 adeo
706 939 843 973 fuerint
863 939 1039 985 provecti,
1061 939 1159 985 quod
1180 939 1310 972 merito
1325 939 1539 985 judicentur
1563 938 1687 972 idonei
1712 939 1756 972 ad
1781 938 1950 972 lectionis
1977 939 2133 972 officium

253 1005 522 1052 exequendum.
549 1006 653 1040 Circa
679 1005 878 1040 mittendos
897 1013 1016 1039 autem
1038 1006 1254 1048 attendatur,
1276 1005 1375 1051 quod
1395 1006 1468 1039 sint
1487 1005 1532 1039 ad
1551 1005 1815 1051 proficiendum
1841 1005 1995 1047 habiles,
2022 1006 2135 1039 sortes

252 1084 422 1118 corpore,
448 1072 659 1118 eloquentie
679 1072 790 1115 bone,
817 1079 854 1106 et
872 1073 1163 1106 conversationis
1184 1072 1351 1114 honeste,
1375 1085 1448 1106 non
1469 1072 1704 1113 contentiosi,
1726 1072 1791 1106 sed
1812 1072 1918 1106 mites
1940 1079 1975 1106 et
1995 1072 2135 1118 pacifici

252 1139 349 1174 inter
382 1140 524 1187 fratres.
557 1141 766 1174 Teneantur
799 1146 918 1173 autem
953 1140 1083 1173 fratres
1116 1140 1259 1173 mittere
1294 1139 1390 1181 illos,
1427 1151 1520 1185 quos
1550 1139 1796 1184 judicaverint
1829 1140 1945 1185 magis
1980 1139 2134 1173 idoneos

252 1206 456 1240 secundum
484 1206 716 1240 conditiones
743 1206 954 1252 premissas.
983 1206 1019 1240 Si
1045 1212 1163 1240 autem
1187 1206 1344 1252 aliquem
1370 1206 1550 1247 miserint,
1577 1206 1638 1252 qui
1665 1213 1814 1252 propter
1841 1206 2005 1240 defectus
2032 1212 2134 1240 nota-

201 1295 207 1301 ·
252 1272 348 1307 biles
377 1273 425 1307 sit
452 1273 642 1319 indignus,
672 1272 790 1306 tribus
820 1272 951 1306 diebus
982 1279 1117 1306 tantum
1149 1273 1186 1305 in
1215 1285 1307 1318 pane
1336 1279 1372 1306 et
1397 1285 1487 1318 aqua
1513 1274 1695 1318 jejunent,
1725 1272 1778 1306 illi
1809 1272 1949 1307 scilicet
1978 1285 2131 1318 quorum

251 1339 409 1374 consilio
436 1346 493 1373 est
517 1339 768 1373 transmissus.
796 1339 918 1372 Possit
937 1346 1056 1372 autem
1078 1339 1242 1384 quelibet
1266 1340 1452 1385 provincia
1479 1339 1614 1373 habere
1639 1339 1732 1373 duos
1758 1339 1948 1373 studentes
1972 1339 2133 1373 Parisius

251 1406 332 1440 sine
366 1405 485 1452 aliqua
520 1405 767 1452 provisione⁴,
802 1405 937 1451 quibus
971 1405 1206 1452 provideatur·
1235 1406 1272 1439 in
1302 1405 1408 1439 libris
1438 1406 1639 1439 secundum
1675 1405 1862 1439 arbitrium
1898 1406 2133 1452 provincialis

250 1472 411 1519 Capituli
449 1479 485 1507 et
522 1473 693 1507 ministri.
734 1474 943 1507 Teneantur
977 1472 1168 1506 studentes
1208 1473 1244 1506 in
1284 1484 1351 1506 suo
1391 1473 1510 1506 reditu
1548 1473 1592 1506 de
1628 1479 1700 1506 tota
1731 1473 1942 1518 provisione
1978 1472 2131 1517 reddere

251 1540 442 1582 rationem,
468 1546 504 1574 et
526 1546 679 1574 caveant
704 1551 748 1573 ne
774 1539 1027 1585 eleemosynas
1053 1539 1123 1573 sibi
1144 1539 1276 1573 missas
1298 1551 1363 1585 pro
1385 1539 1490 1573 libris
1511 1540 1548 1573 in
1569 1539 1660 1573 alios
1686 1551 1776 1573 usus
1802 1547 2038 1582 commutent,
2064 1552 2131 1573 nec

249 1605 366 1641 libros
392 1606 472 1640 fieri
498 1606 630 1640 saciant
654 1606 836 1640 curiosos.
863 1607 953 1640 Item
977 1605 1200 1648 inhibemus,
1227 1618 1273 1640 ne
1298 1606 1469 1640 decetero
1494 1606 1643 1652 aliquod
1668 1606 1843 1652 scriptum
1872 1618 2004 1640 novum
2033 1613 2131 1640 extra

249 1673 425 1708 Ordinem
452 1673 672 1720 publicetur,
698 1673 770 1707 nisi
795 1673 898 1719 prius
918 1673 1159 1707 examinatum
1180 1673 1290 1707 suerit
1309 1673 1507 1719 diligenter
1526 1685 1592 1719 per
1612 1673 1822 1719 generalem
1847 1673 2052 1707 ministrum
2074 1673 2131 1707 vel

250 1739 511 1786 provincialem
547 1747 583 1774 et
611 1740 830 1774 diffinitores
865 1741 902 1774 in
937 1740 1105 1786 Capitulo
1139 1740 1368 1786 provinciali,
1399 1747 1434 1774 et
1467 1740 1677 1786 quicunque
1711 1741 1978 1782 contrafecerit,
2015 1740 2131 1774 tribus

249 1806 381 1842 diebus
400 1813 538 1841 tantum
558 1807 596 1841 in
617 1819 709 1853 pane
729 1814 765 1841 et
784 1819 875 1853 aqua
890 1808 1035 1853 jejunet
1054 1813 1089 1840 et
1109 1813 1229 1840 careat
1249 1807 1312 1840 illo
1333 1807 1470 1853 scripto
1551 1807 1664 1842 Rubr.
1687 1808 1719 1841 8.
1744 1808 1900 1853 Insuper
1919 1808 2131 1841 ordinamus

248 1873 348 1920 quod
381 1873 540 1920 singulis
574 1874 680 1908 annis
714 1874 884 1908 visitetur
917 1873 1048 1907 domus
1082 1874 1302 1908 Parisiensis
1336 1886 1401 1920 per
1435 1874 1631 1920 specialem
1664 1874 1887 1908 visitatorem
1924 1874 2075 1907 missum
2111 1887 2129 1907 a

248 1940 416 1975 ministro
442 1940 621 1987 generali,
649 1941 712 1987 qui
740 1940 771 1975 si
801 1941 984 1975 invenerit
1009 1940 1166 1986 aliquem
1197 1941 1432 1982 insolentem,
1459 1940 1577 1987 possit
1604 1953 1685 1974 cum
1717 1941 1884 1975 ministro
1915 1941 2129 1987 provinciali

247 2006 367 2053 ipsum
384 2007 574 2051 ,remittere
595 2007 641 2041 ad
660 2019 762 2042 suam
783 2007 1020 2054 provinciam.

341 2090 406 2116 eod.
421 2091 479 2116 vn.
497 2092 544 2116 lat.
561 2092 631 2121 7³39,
648 2092 694 2116 rol.
711 2092 775 2116 101¹*
795 2100 846 2124 sq.,
861 2090 1067 2116 Constitutiones
1083 2093 1221 2124 generales
1236 2101 1278 2116 an.
1294 2093 1355 2116 1260
1369 2092 1514 2116 continens.
1531 2092 1722 2124 Apogrsphum
1740 2092 1766 2116 in
1786 2092 1855 2117 Bibl.
1871 2092 2046 2124 guber-nativa
2067 2094 2129 2117 Cre-

247 2134 376 2164 monensi,
388 2143 437 2160 ms.
452 2136 491 2164 15,
506 2137 530 2165 8,
546 2137 584 2160 22.
596 2149 628 2154 —
638 2136 692 2160 Has
705 2139 768 2161 sunt
781 2136 884 2169 primae
897 2137 1076 2161 ordinationes
1092 2136 1207 2169 scriptae
1222 2137 1286 2161 Ord.
1302 2136 1432 2161 Minorum
1448 2137 1480 2160 de
1494 2137 1599 2166 studiis,
1611 2145 1678 2169 quae
1692 2145 1820 2169 processu
1834 2137 1961 2169 temporis
1975 2137 2130 2161 immutatae

245 2182 272 2203 et
286 2179 414 2204 adauctae
430 2181 544 2209 fuerunt,
565 2183 594 2204 ut
608 2180 725 2213 probant
739 2185 816 2205 notae
831 2181 992 2214 marginales
1008 2181 1041 2205 ud
1056 2182 1122 2205 duos
1143 2181 1247 2205 codices
1267 2181 1372 2210 allatos,
1389 2185 1415 2205 et
1429 2181 1635 2205 constitutiones
1650 2182 1787 2213 generales
1803 2190 1844 2205 an.
1863 2182 1923 2205 1292
1939 2182 1973 2213 (in
1989 2182 2052 2206 Cod.
2070 2182 2126 2211 Yat.

245 2223 335 2250 ottob.
359 2225 398 2254 15,
421 2224 466 2249 iol.
491 2225 535 2254 ³7;
558 2224 622 2250 Cod.
646 2225 672 2249 in
693 2226 720 2250 S.
747 2225 850 2250 Isidoro
871 2225 989 2257 Romae),
1009 2229 1035 2250 et
1054 2234 1122 2250 saec.
1148 2226 1205 2250 ΧΠ1
1224 2226 1339 2250 ineuntis
1361 2226 1459 2256 (ottob.
1483 2226 1521 2254 15,
1546 2226 1590 2250 tol.
1608 2226 1650 2254 71;
1669 2226 1758 2251 ottob.
1779 2227 1818 2254 56,
1840 2226 1883 2250 fol.
1911 2226 1965 2250 143.
1986 2226 2127 2258 Bmghes..

245 2272 276 2292 η’
294 2269 349 2298 242,
365 2270 434 2299 αι’.)-
450 2269 511 2293 Jsm
525 2272 586 2293 unte
600 2277 643 2293 sn.
660 2269 722 2294 1260
736 2269 840 2302 aliquas
855 2270 1062 2294 Constitutiones
1078 2270 1104 2294 in
1120 2270 1211 2302 vigore
1227 2270 1318 2299 fuisse,
1334 2270 1396 2294 lieet
1414 2270 1551 2294 ordinatae
1566 2278 1616 2294 non
1632 2273 1728 2299 essent,
1748 2273 1821 2294 notat
1836 2270 1995 2299 Sulimbeno,
2013 2271 2127 2299 Chron..

244 2321 272 2345 p.
289 2313 336 2337 11¹0
355 2321 395 2346 sq.
418 2314 464 2338 An.
489 2313 550 2338 1288
573 2313 614 2338 vel
639 2314 701 2338 12⁶⁹
722 2314 908 2339 Bonsventura
927 2323 939 2338 α
959 2315 1094 2339 ordinavit
1118 2315 1236 2339 Pnrisius
1251 2323 1300 2347 pro
1321 2314 1488 2339 studentibus
1509 2315 1572 2338 illuc
1594 2315 1626 2338 de
1650 2318 1704 2338 toto
1728 2315 1820 2338 ordine
1839 2314 2033 2343 accedentibus,
2057 2316 2126 2347 quod

244 2357 390 2382 seeundum
412 2361 526 2390 quatuor
547 2358 684 2382 octonaria
702 2358 902 2391 provinciarum
922 2358 1045 2383 videlicet
1064 2359 1252 2391 Hispanorum,
1273 2359 1486 2388 Alamannorum,
1508 2359 1719 2383 Lumbardorum
1739 2362 1765 2382 et
1783 2359 1961 2383 Romanorum
1980 2363 2069 2383 essent
2089 2359 2126 2383 ibi

244 2405 358 2434 quatuor
377 2401 542 2431 assistentes,
563 2402 608 2435 qui
631 2403 801 2427 studentibus
819 2403 895 2427 utilia
909 2407 1089 2436 proponerent
1102 2406 1128 2427 et
1145 2403 1281 2427 humiliter
1295 2407 1469 2436 procurarent
1485 2411 1505 2427 ι).
1524 2403 1628 2429 Chron.
1644 2403 1749 2428 XXIV
1761 2403 1890 2429 General.
1909 2404 1973 2428 Ora.
1987 2403 2061 2429 Min.
2076 2404 2124 2428 Ma.

244 2447 275 2470 ⁵³
285 2445 410 2478 Leopold.
421 2445 506 2471 Gadd.
520 2446 720 2471 Laurenti-nae.

338 2517 360 2541 1.
378 2517 407 2542 In
422 2517 487 2550 Cap.
502 2517 621 2550 generali
641 2517 875 2551 monti-pessulani
895 2526 937 2542 un.
958 2518 1019 2542 1287
1039 2518 1171 2542 celebrato
1187 2518 1332 2542 statuitur:
1350 2527 1362 2542 α
1379 2518 1516 2542 Fratribus
1531 2518 1699 2542 studentibus
1718 2518 1837 2542 Parisius
1852 2518 2024 2550 provideatur
2038 2527 2053 2543 a
2069 2519 2124 2543 suis

243 2561 399 2586 custodibus
414 2561 440 2586 in
456 2570 505 2586 xxx
519 2562 596 2586 libris
613 2565 711 2591 turem,
727 2571 778 2595 que
793 2562 819 2586 in
840 2562 917 2586 libris
933 2562 1044 2586 utilibus
1063 2566 1259 2591 convertantur,
1281 2562 1325 2595 qui
1346 2562 1407 2587 libri
1427 2565 1488 2595 post
1507 2565 1619 2586 mortem
1638 2570 1729 2587 eorum
1749 2563 1781 2586 sd
1804 2571 1866 2587 suas
1886 2563 2020 2587 custodias
2042 2563 2125 2588 libere

243 2609 411 2631 revertantur
426 2615 447 2630 s.
465 2606 530 2631 eod.
543 2606 672 2639 But-ghes.
690 2611 719 2630 n⁰
734 2607 764 2631 88
778 2606 804 2631 in
821 2607 880 2631 fine.

243 2717 357 2757 365.
382 2727 534 2755 Ordinatio
553 2728 683 2766 Capituli
695 2729 882 2766 provincialis
894 2729 1060 2767 provinciae
1075 2729 1243 2757 Provinciae
1261 2729 1327 2757 Ord.
1345 2729 1450 2756 Praed.
1469 2730 1546 2756 circa
1559 2729 1708 2756 studentes
1722 2730 1854 2757 Parisios
1869 2729 2031 2757 mittendos.

1473 2812 1551 2843 1200,
1565 2812 1629 2840 dull!
1637 2812 1683 2843 22,
1698 2812 1836 2840 Massiliae.

331 2881 436 2916 Circa
474 2881 636 2916 studium
675 2882 888 2916 ordinamus
930 2882 1029 2929 quod
1067 2882 1234 2929 sequitur
1272 2882 1317 2916 de
1355 2882 1511 2917 consilio
1551 2882 1712 2929 priorum
1752 2889 1787 2917 et
1824 2882 2015 2924 lectorum,
2059 2882 2120 2927 qui

242 2953 435 2993 presentes
460 2948 619 2982 suerunt.
648 2948 780 2983 Nullus
807 2948 968 2983 mittatur
996 2949 1171 2992 Parisinus,
1202 2942 1392 2995 antequam
1421 2961 1486 2995 per
1511 2949 1605 2983 duos
1633 2949 1693 2983 vel
1723 2955 1796 2983 tres
1822 2960 1938 2982 annos
1966 2948 2119 2982 audierit
