2618 3640
492 422 535 454 68
1074 431 1393 453 CHARTULARNJM
1428 431 1619 453 UNIVERS.
1656 431 1785 452 Panis.
2274 418 2374 458 [1209

492 512 531 538 ut
563 505 594 538 is
628 505 690 550 qui
731 512 879 551 propter
917 505 1178 539 contumaciam
1217 505 1473 538 communione
1515 505 1688 550 privatur,
1729 516 1810 537 cum
1850 503 2132 537 satisfactionem
2172 513 2371 548 congruam

492 571 710 614 exhibuerit,
740 572 1007 605 restitutionem
1039 572 1216 617 optineat,
1248 572 1476 605 universitati
1505 578 1626 605 vestre
1654 571 1879 616 presentium
1907 570 2119 604 auctoritate
2145 569 2370 610 mandamus,

491 644 661 688 quatinus
691 643 938 689 supradictum
972 643 1184 689 magistrum
1217 643 1360 676 statutis
1390 643 1522 676 vestris
1551 642 1738 675 humiliter
1767 654 1894 687 parere
1924 648 2110 675 curantem
2139 640 2184 674 ad
2210 652 2373 674 commu-

491 710 612 743 nionis
632 717 753 743 vestre
774 710 998 743 consortium
1016 710 1052 742 in
1074 709 1346 755 magistralibus
1366 709 1575 742 admittatis.

584 822 648 852 Reg.
663 821 877 845 Vut.1nnocentii
893 821 929 844 111
945 821 1007 844 anni
1022 821 1060 849 11,
1077 829 1118 852 cp.
1135 821 1179 844 274
1195 820 1272 852 (inter
1287 820 1414 852 epistolas
1434 820 1496 843 data
1515 823 1633 843 carentes
1650 827 1747 843 annum
1764 819 1791 842 11
1809 822 1947 850 sequentes
1963 822 1988 842 et
2007 826 2105 842 annum
2121 818 2150 842 12
2165 817 2371 850 praecedentes),

491 866 536 889 fol.
556 866 608 889 93¹³.
623 880 655 883 —
671 865 786 896 Compil.
801 865 853 890 111
871 866 902 888 de
920 865 1101 896 jurejurando,
1118 873 1140 888 c.
1157 865 1186 888 12
1202 864 1234 896 (2,
1251 865 1298 896 15),
1315 867 1340 887 et.
1355 864 1509 887 abbreviata
1525 865 1545 887 X
1556 864 1592 888 De
1607 864 1742 888 constitut.
1758 864 1781 892 1,
1797 865 1820 887 2.
1833 864 1873 887 11.
1884 863 1931 887 Hic
1946 863 2079 887 invenitur
2093 863 2204 886 titulus:
2217 862 2372 886 «universis

490 910 641 934 doctoribus
662 910 779 933 Parisius
800 909 1025 933 commorantibus
1041 918 1063 937 n,
1080 912 1105 932 et
1116 909 1153 932 sie
1168 909 1247 932 etiam
1264 909 1289 931 in
1304 909 1428 940 pluribus
1438 909 1520 941 codd.
1539 909 1656 938 Compil.
1672 908 1732 938 III;
1750 908 1775 931 in
1791 908 1851 931 aliis
1867 916 1929 931 vero
1942 915 1947 931 :
1961 916 1973 930 «
1988 907 2135 931 rectoribus
2151 907 2282 931 universis
2298 914 2373 930 sacre

488 955 593 986 pagine,
619 955 783 978 decretorum
808 958 834 977 et
856 954 1007 977 liberalium
1031 954 1128 976 artium
1153 953 1271 977 Parisius
1288 953 1512 976 commorantibus
1529 961 1550 976 n.
1571 953 1635 976 Vide
1650 952 1758 981 Denisse,
1783 953 1835 976 Die
1859 952 2081 977 Universitaeten
2096 953 2142 976 des
2157 951 2336 976 Mittelalters
2350 951 2371 981 I,

490 1000 534 1022 107
556 1008 596 1031 sq.
618 1013 650 1016 —
673 999 797 1027 Bulaeus,
821 999 866 1026 111,
892 1000 930 1021 60.
953 1012 985 1015 -
1008 998 1182 1021 Nominantur
1206 1006 1287 1029 supra
1308 998 1491 1021 tantummodo
1515 1005 1592 1020 sacra
1615 997 1723 1028 pagina,
1748 997 1854 1029 decreta
1877 1004 1907 1020 ac
1930 996 2055 1020 liberales
2075 999 2156 1019 artes.
2177 996 2231 1019 Isto
2252 999 2372 1028 tempore

489 1047 574 1067 tamen
590 1044 668 1067 etiam
681 1044 724 1075 jus
740 1043 816 1066 civile
841 1046 866 1066 et
889 1043 1046 1066 medicinam
1070 1042 1179 1066 Parisiis
1205 1051 1262 1066 esse
1285 1042 1411 1065 traditam
1433 1045 1524 1065 narrat
1549 1041 1706 1066 Guillelmus
1731 1041 1894 1065 Armoricus.
1909 1040 1974 1064 Vide
1995 1041 2113 1065 OEuvres
2127 1041 2161 1065 de
2172 1040 2285 1071 Riyord
2298 1044 2325 1066 et
2339 1041 2373 1065 de

490 1089 654 1113 Guillaume
671 1088 695 1112 le
714 1089 829 1115 Βνρῑοη,
847 1088 886 1110 ed.
903 1087 1058 1115 Dehborde,
1080 1088 1099 1114 Ι,
1120 1088 1175 1110 230.
1191 1087 1231 1110 Cf.
1246 1087 1356 1118 insuper
1370 1094 1464 1118 poema
1488 1086 1583 1117 Agydii
1606 1086 1764 1109 parisiensis
1789 1086 1815 1109 in
1836 1085 1900 1110 Rec.
1920 1086 1968 1110 des
1983 1085 2045 1110 hist.
2061 1086 2108 1110 des
2125 1085 2209 1109 Gaul.
2222 1085 2300 1114 XVII,
2316 1085 2373 1108 289.

488 1133 614 1164 Physicac
630 1132 762 1155 facultatis
779 1140 824 1155 seu
840 1131 983 1154 medicinae
1004 1131 1100 1154 mentio
1116 1131 1145 1154 fit
1160 1131 1239 1154 etiam
1254 1131 1281 1154 in
1295 1131 1391 1154 litteris
1407 1130 1530 1162 Gregorii
1550 1130 1592 1159 IX,
1609 1130 1671 1154 Maii
1686 1132 1700 1153 5
1715 1130 1777 1154 anni
1793 1130 1864 1158 1231,
1881 1129 1951 1153 infra
1966 1133 1995 1153 n⁰
2006 1130 2046 1153 91.
2061 1129 2186 1154 Giruldus
2202 1129 2372 1154 Cambrensis

486 1180 623 1208 praetcrea
643 1176 719 1199 affert
739 1176 895 1199 sententiam
915 1175 1011 1207 Rogeri
1032 1175 1178 1199 Normnnni
1191 1184 1196 1199 z
1209 1184 1220 1198 «
1236 1176 1292 1199 Non
1313 1178 1352 1198 est
1373 1175 1422 1198 sub
1442 1175 1497 1198 sole
1513 1174 1630 1203 scientia,
1648 1174 1670 1198 si
1691 1174 1771 1198 suerit
1785 1173 1904 1198 Parisius
1925 1175 1992 1198 forte
2008 1174 2104 1203 delata,
2122 1182 2188 1206 quae
2204 1173 2373 1206 incompara-

486 1221 575 1244 biliter
599 1221 635 1243 ihi
656 1224 681 1244 et
700 1221 778 1252 longe
798 1220 966 1243 excellentius
987 1228 1066 1251 quam
1086 1228 1199 1251 usquam
1215 1220 1279 1243 alibi
1293 1219 1469 1251 proculdubio
1485 1227 1536 1242 non
1551 1219 1706 1251 praevaleat
1721 1227 1743 1243 »-
1760 1220 1801 1243 De
1818 1219 1900 1244 rebus
1918 1226 1935 1243 α
1953 1226 1981 1244 se
1997 1218 2081 1249 yestl's
2100 1218 2127 1241 in
2145 1218 2310 1250 0pp.omn.,
2325 1218 2367 1242 ed.

486 1266 600 1294 Brewer,
618 1266 637 1293 Ι,
654 1266 691 1288 ¹16.
710 1265 855 1288 Alexander
870 1265 992 1294 Nedmm,
1008 1265 1050 1289 De
1064 1265 1196 1289 laudibus
1209 1265 1322 1289 divinae
1335 1265 1500 1295 sapientiae,
1517 1272 1579 1296 opp.
1596 1264 1638 1288 ed.
1653 1263 1766 1295 Wright,
1782 1272 1809 1295 p.
1826 1264 1881 1287 453.

485 1477 530 1513 9.
554 1486 682 1511 Litterae
700 1486 781 1511 Petri
807 1486 943 1521 episcopi,
968 1485 1073 1511 decani
1100 1485 1279 1522 capitulique
1302 1487 1329 1511 S.
1357 1485 1491 1511 Germani
1514 1484 1763 1510 Autissiodorensis
1787 1484 1966 1510 Parisiensis
1992 1483 2028 1510 de
2054 1483 2227 1518 fundatione
2253 1483 2368 1520 collegii

570 1543 733 1571 pauperum
748 1534 923 1560 scholarium
941 1536 967 1560 S.
985 1535 1135 1560 Honorati.

1566 1606 1643 1636 7209,
1658 1613 1749 1631 mense
1763 1605 1909 1635 Februario,
1925 1604 1944 1639 [
1945 1605 2052 1631 Parisiis
2052 1604 2079 1639 J.

574 1709 702 1740 Petrus
732 1707 798 1740 Dei
828 1707 942 1753 gratia
972 1707 1189 1740 Parisiensis
1212 1707 1424 1752 episcopus⁴
1457 1714 1493 1740 ct.
1522 1707 1642 1740 Sancti
1672 1706 1845 1740 Germani
1871 1706 2031 1739 decanus
2057 1712 2246 1750 totumque
2269 1705 2366 1752 capi-

486 1775 597 1808 tulum
635 1774 754 1807 Sancti
785 1774 958 1808 Germani
988 1774 1306 1808 Antisiodorensis
1336 1774 1554 1807 Parisiensis
1586 1773 1756 1807 omnibus
1793 1773 1929 1807 Christi
1965 1772 2137 1806 fidelibus
2174 1779 2366 1818 presentes

484 1841 622 1874 litteras
652 1841 873 1886 inspecturis
903 1841 1055 1877 salutem
1086 1848 1122 1874 et
1150 1853 1287 1886 pacem.
1320 1842 1449 1874 Notum
1480 1840 1558 1874 fieri
1586 1840 1756 1874 volumus
1785 1840 1883 1885 quod
1909 1839 2113 1885 Stephanus
2139 1840 2250 1872 Berot
2269 1838 2365 1873 bone
2401 1829 2404 1831 “

484 1908 657 1941 memorie
682 1907 818 1953 legavit
842 1908 1019 1953 quandam
1046 1908 1249 1953 portionem
1277 1907 1320 1940 de
1342 1907 1450 1941 bonis
1477 1908 1567 1948 suis,
1597 1914 1636 1940 ut
1663 1914 1747 1952 post
1773 1919 1878 1940 suum
1904 1906 2043 1939 obitum
2069 1906 2155 1939 inde
2179 1905 2366 1951 prebenda

484 1975 587 2007 fieret
610 1975 647 2007 in
672 1974 849 2007 honorem
877 1974 1022 2007 Domini
1053 1975 1168 2008 nostri
1197 1976 1227 2008 J.
1259 1975 1299 2008 G.
1328 1981 1363 2007 et
1393 1975 1427 2007 S.
1460 1974 1572 2007 Marie
1599 1974 1778 2019 Virginis,
1809 1973 1923 2007 sancti
1953 1973 2098 2006 Martini
2129 1964 2365 2018 omniumque

484 2048 689 2074 sanctorum
718 2041 762 2074 ad
790 2053 882 2086 opus
908 2041 1096 2086 cujusdam
1126 2041 1327 2074 sacerdotis
1353 2054 1391 2074 ac
1417 2041 1583 2074 canonici
1610 2041 1647 2073 in
1674 2040 1828 2073 ecclesia
1851 2041 1890 2073 B.
1914 2039 2088 2073 Honorati
2115 2051 2180 2084 pro
2201 2039 2364 2073 remedio

483 2108 601 2140 anime
623 2120 688 2141 suc
710 2108 945 2152 omniumque
966 2108 1163 2141 amicorum
1186 2120 1348 2141 suorum.
1378 2107 1484 2150 Quod
1506 2108 1537 2140 si
1558 2107 1761 2152 predictum
1784 2106 1999 2140 canonicum
2021 2106 2113 2139 mori
2134 2106 2367 2151 contingeret

483 2174 540 2208 vel
566 2174 787 2219 prebendam
823 2175 1077 2220 resignaverit,
1112 2175 1190 2208 Ada
1219 2187 1311 2207 uxor
1340 2174 1465 2207 relicta
1501 2174 1656 2219 predicti
1688 2173 1860 2219 Stephani
1890 2179 1926 2206 et
1955 2173 2128 2218 magister
2159 2172 2364 2218 Stephanus

484 2241 582 2274 filius
612 2242 691 2286 ejus
718 2241 775 2274 vel
805 2241 896 2274 alter
923 2254 1062 2283 eorum,
1090 2241 1151 2286 qui
1181 2248 1370 2287 superstes
1397 2241 1478 2283 erit,
1509 2240 1659 2274 habebit
1692 2247 1907 2286 potestatem
1939 2240 2099 2285 quandiu
2128 2239 2259 2273 vixerit
2282 2239 2364 2273 loco

484 2308 582 2341 illius
617 2307 726 2341 alium
761 2308 1012 2353 prescntandi,
1055 2308 1120 2341 sed
1159 2315 1241 2353 post
1279 2320 1405 2341 eorum
1446 2307 1585 2341 obitum
1625 2307 1771 2340 donatio
1806 2314 1842 2340 et
1875 2307 2089 2341 investitura
2123 2306 2286 2352 predicte
2320 2306 2365 2340 ad

485 2375 659 2408 decanum
683 2376 718 2408 S.
741 2375 913 2408 Germani
939 2375 1257 2408 Antisiodorensis
1283 2382 1318 2408 et
1343 2375 1386 2408 ad
1407 2375 1603 2420 capitulum
1626 2374 1834 2420 pertinebit.
1858 2374 2034 2419 Adjunxit·
2058 2374 2178 2415 etiam,
2201 2373 2299 2419 quod
2320 2373 2365 2407 de

485 2441 591 2475 bonis
621 2442 795 2486 predictis
825 2442 979 2486 quedam
1010 2442 1140 2475 domus
1171 2442 1286 2483 fieret,
1318 2454 1388 2487 que
1418 2441 1523 2475 lectis
1554 2442 1728 2475 tredecim
1757 2441 1801 2474 ad
1829 2453 1922 2486 opus
1947 2452 2147 2486 pauperum
2169 2440 2371 2473 scolarium*

487 2509 701 2550 muniretur,
730 2509 776 2541 ita
802 2509 899 2553 quod
928 2508 1029 2541 nullo
1060 2509 1169 2542 modo
1195 2509 1357 2554 predicta
1383 2509 1514 2542 domus
1540 2509 1576 2541 in
1604 2508 1696 2541 alios
1724 2520 1814 2541 usus
1833 2514 2051 2549 verteretur,
2073 2514 2109 2540 et
2135 2519 2205 2552 que
2227 2506 2271 2539 ab
2290 2518 2373 2540 uno·

486 2575 647 2619 predicte
677 2575 831 2608 ecclesie
858 2576 892 2608 S.
924 2576 1097 2608 Honorati
1125 2576 1300 2609 canonico
1328 2576 1576 2628 custodiretur
1601 2575 1662 2608 tali
1688 2575 1899 2608 conditione
1926 2580 2107 2615 manente,
2129 2573 2261 2618 quodsi
2283 2585 2365 2619 pre-

487 2640 605 2673 dictus
635 2641 832 2674 canonicus
865 2642 1066 2686 injuriosus
1098 2642 1185 2676 velit
1219 2643 1375 2675 existere
1406 2642 1630 2687 pauperibus
1659 2641 1804 2674 clericis
1834 2640 1885 2673 ibi
1914 2639 2158 2681 manentibus,
2190 2639 2237 2672 ita
2266 2639 2364 2684 quod

487 2707 571 2739 inde
601 2719 619 2739 a
647 2707 821 2751 predictis
850 2707 1052 2741 scolaribus
1083 2708 1230 2752 querela
1254 2710 1353 2753 juste
1383 2709 1582 2753 perveniat,
1614 2708 1775 2753 predicta
1799 2707 1877 2740 Ada
1903 2713 1939 2739 et
1963 2706 2137 2751 magister
2160 2705 2364 2751 Stephanus

487 2773 686 2818 predictuS,
708 2773 765 2806 vel
786 2773 877 2806 alter
897 2786 1036 2815 eorum,
1059 2775 1120 2819 qui
1146 2775 1291 2807 suerunt
1322 2775 1551 2819 superstites,
1579 2780 1794 2819 potestatem
1818 2773 1987 2815 habeant,
2009 2772 2169 2817 quandiu
2194 2772 2363 2814 vixerint,

488 2840 621 2873 dictum
653 2840 867 2873 canonicum
893 2853 911 2873 a
940 2841 1149 2885 provisione
1176 2841 1306 2874 domus
1336 2841 1546 2882 revocandi,
1577 2847 1613 2873 et
1642 2840 1723 2873 loco
1751 2841 1831 2885 ejus
1861 2839 1970 2872 alium
2001 2839 2215 2872 canonicum
2245 2851 2365 2872 sacer-

488 2907 607 2939 ‹lotem
636 2906 881 2940 substituendi
913 2913 947 2939 et
974 2907 1171 2940 Parisiensi
1197 2907 1371 2952 episcopo
1399 2907 1648 2952 prescntandi,
1678 2906 1736 2939 vel
1766 2906 1979 2939 canonicum
2015 2917 2088 2938 non
2122 2905 2362 2948 sacerdotem,

487 2973 517 3006 si
539 2974 710 3007 sacerdos
732 2974 887 3006 idoneus
908 2973 1078 3007 inventus
1100 2986 1172 3006 non
1198 2974 1317 3007 suerit.
1346 2974 1382 3007 Si
1406 2986 1493 3007 vero
1516 2972 1638 3006 nullus
1660 2973 1815 3006 ecclesie
1836 2972 1998 3018 predicte
2023 2972 2221 3006 canonicus
2241 2984 2363 3006 curam
