2618 3640
996 397 1291 419 1NT110DUCT10.
2014 399 2102 421 xxm

218 473 491 510 Universitatem
525 472 779 520 magistrorum
806 472 864 507 vel
893 472 1087 508 scolarium
1117 484 1178 508 seu
1214 473 1404 508 Rectorum
1433 472 1485 508 vel
1520 477 1806 520 procuratorum,
1840 479 1903 508 elc.
1922 472 1945 508 ¹.
1978 489 1992 504 υ
2035 474 2103 509 Sed

212 556 311 581 anno
331 546 437 584 1237,
458 543 646 592 Gregorius
663 545 708 579 lX
725 543 810 579 dicit
833 556 840 579 :
868 545 942 579 «Ut
960 543 1083 579 nullus
1102 543 1139 578 in
1159 542 1428 579 Universitatem
1448 544 1705 591 magistrorum
1727 544 1782 579 vel
1806 543 2012 587 scolarium,
2038 557 2099 579 scu

208 618 404 652 >Rectorem
429 615 485 651 vel
509 618 794 663 procuratorem,
818 621 882 650 etc.
910 630 925 648 »
963 614 1063 663 (Vz'cl.
1082 620 1120 649 n⁰
1144 615 1243 660 113).
1275 616 1389 657 Quam
1413 615 1607 650 formulam
1626 615 1853 650 Universitati
1876 614 2102 663 displicuisse

212 687 388 724 docemur
408 698 451 723 ex
473 686 600 723 notula
623 690 719 734 tergo
743 686 928 730 originalis
957 686 1130 734 praedicti
1156 686 1331 734 privilegii
1361 686 1519 734 Gregorii
1548 687 1594 721 IX
1617 686 1791 734 apposita,
1824 698 1896 734 qua
1926 686 2098 734 magistri,

212 770 297 795 curn
313 758 358 794 ab
376 757 585 794 Innocentio
608 759 655 794 lV
672 757 916 793 renovandum
933 757 1159 805 privilegium
1177 757 1429 806 efflagitarent,
1456 769 1557 793 suam
1575 757 1789 793 sententiam
1813 757 1868 792 his
1886 757 2001 793 verbis
2015 757 2102 793 affe—

212 829 351 874 rebant,
383 843 398 862 «
421 829 480 865 vel
503 832 778 877 procuratorem
805 840 930 865 eorum
958 841 1021 864 seu
1049 831 1235 865 Rectorem
1269 829 1536 877 cujuscumque
1560 833 1621 864 aut
1644 841 1946 876 quarumcunque
1976 831 2102 865 Rector

211 901 319 937 fuerit
335 901 592 937 Facultatum»
622 900 722 948 (Vz'd.
747 904 821 937 not.
844 901 889 936 ad
905 907 968 936 η11111
987 901 1069 949 113)
1089 913 1095 945 ;
1120 901 1251 949 quibus
1269 901 1395 937 annuit
1415 901 1644 937 Innocentius
1663 902 1709 937 lV
1725 912 1819 937 anno
1839 904 1931 937 1246
1948 901 2071 937 dicens
2090 914 2097 937 :

211 987 230 1005 (ι
254 976 314 1009 aut
329 975 596 1020 procuratorem
614 984 739 1008 eorum
761 972 815 1008 vel
842 974 1031 1008 Rectorem
1048 972 1298 1020 cujuscunque
1319 977 1380 1008 aut
1397 984 1696 1020 quarumcunque
1716 973 1940 1008 Facultatum
1960 988 1974 1006 η
2000 972 2095 1021 (Vid.

209 1050 247 1079 n⁰
280 1043 374 1093 162).
409 1045 531 1091 Itaque
558 1043 595 1079 in
626 1044 669 1080 iis
704 1043 811 1080 bullis
846 1043 995 1079 minime
1031 1046 1161 1080 Rector
1193 1047 1364 1091 quattuor
1398 1044 1603 1080 nationibus
1635 1044 1851 1092 praefectus,
1886 1045 1946 1080 sed
1981 1045 2099 1093 potius

209 1115 383 1164 magister
398 1127 536 1164 regens,
556 1119 594 1151 ut
610 1116 654 1151 de
677 1115 953 1151 Salmanticensi
971 1116 1204 1151 Universitate
1226 1119 1377 1159 constat,
1403 1116 1650 1164 accipiendus.
1670 1116 1735 1152 Ille
1750 1116 1896 1163 quidem
1917 1119 1954 1152 ut
1970 1118 2099 1153 Rector

210 1187 353 1235 proprie
369 1187 533 1223 dictusin
546 1187 647 1223 nullo
669 1187 908 1222 instrumento
923 1190 1004 1223 ante
1018 1199 1154 1223 annum
1176 1189 1267 1223 1245
1286 1192 1485 1235 comparet.
1502 1189 1621 1235 Usque
1641 1188 1686 1223 ad
1705 1199 1842 1223 annum
1858 1200 1937 1224 vero
1956 1189 2047 1224 1274
2061 1188 2097 1224 in

207 1258 308 1295 nullo
327 1262 457 1295 statuto
477 1259 694 1294 Artistarum
717 1259 793 1306 ejus
812 1270 946 1295 nomen
967 1259 1215 1307 praeponitur,
1239 1259 1331 1295 sicut
1352 1262 1473 1307 postea
1493 1259 1571 1295 fieri
1591 1259 1680 1295 solet
1702 1259 1800 1308 (Vz'cl.
1826 1260 1867 1294 n¹S
1889 1263 1972 1304 447,
1994 1262 2091 1306 485).

207 1330 289 1374 Sed,
313 1330 464 1378 perinde
489 1341 530 1366 ac
561 1330 606 1366 de
637 1329 850 1366 Nationibus
886 1330 1056 1373 diximus,
1091 1330 1139 1366 ita
1172 1332 1371 1374 Rectorem,
1405 1334 1598 1378 antequam
1631 1331 1668 1366 in
1698 1332 1923 1367 documentis
1957 1343 2095 1369 memo-

206 1406 318 1445 retur,
342 1401 534 1445 exstitisse,
560 1401 790 1449 electumque
813 1401 971 1449 primum
993 1403 1178 1438 Rectorem
1197 1405 1276 1450 post
1296 1401 1465 1438 formatas
1486 1406 1656 1449 quattuor
1673 1403 1854 1446 Nationes,
1874 1407 2009 1439 certum
2028 1407 2091 1439 est.

305 1475 440 1510 Verum
465 1473 648 1509 enimvero
674 1475 805 1509 Rector
828 1473 898 1508 illis
922 1473 1146 1521 temporibus
1170 1485 1241 1509 non
1267 1474 1329 1510 toti
1350 1473 1615 1518 Universitati2,
1640 1478 1677 1509 ut
1702 1475 1892 1522 posteriuS,
1919 1475 1982 1510 scd
2007 1487 2095 1522 qua-

204 1545 316 1581 ternis
340 1545 552 1589 Nationibus
573 1547 749 1592 praeerat,
769 1548 804 1580 et
830 1556 912 1581 mox
936 1545 1045 1581 evasit
1066 1547 1196 1581 Rector
1221 1545 1415 1581 Facultatis
1438 1545 1594 1589 Artium,
1618 1557 1726 1593 quam
1747 1546 1822 1593 ipse
1841 1546 2096 1583 moderabatur

203 1616 297 1653 sicut
318 1620 456 1653 ceteras
483 1616 685 1652 Facultates
706 1616 846 1652 decani.
871 1617 917 1652 At
940 1616 1085 1652 forsitan
1108 1616 1239 1665 aliquis
1263 1617 1307 1653 de
1328 1617 1384 1652 his
1412 1617 1572 1653 Rectoris
1598 1617 1758 1665 partibus
1781 1617 1945 1654 dubitare
1964 1618 2090 1666 possit,

203 1687 300 1737 quod
311 1688 388 1737 jam
402 1699 498 1724 aimo
517 1690 610 1724 1249
633 1703 647 1721 «
663 1690 790 1724 Rector
806 1688 1050 1724 Universitatis
1066 1704 1079 1722 υ
1107 1690 1235 1725 Rector
1249 1689 1470 1725 nominetur.
1489 1688 1558 1725 Sed
1574 1689 1788 1725 vocabulum
1811 1704 1825 1722 «
1840 1689 2054 1726 Universitas
2070 1706 2083 1723 ι)

201 1759 239 1796 in
263 1760 333 1796 hoc
358 1759 553 1808 multisque
574 1760 653 1796 aliis
674 1759 931 1808 posterioribus
958 1760 1114 1808 scriptis,
1142 1772 1233 1808 quae
1258 1760 1301 1796 de
1330 1760 1437 1797 rebus
1460 1761 1675 1797 Artistarum
1703 1761 1895 1806 habentur,
1925 1774 1998 1798 non
2025 1774 2090 1810 pro

203 1831 441 1868 Universitate
466 1832 631 1868 omnium
657 1832 899 1873 Facultatum„
928 1833 992 1868 sed
1014 1844 1079 1880 pro
1106 1833 1342 1869 Universitate
1370 1833 1588 1868 Artistarum
1614 1833 1781 1869 sumitur.
1817 1834 1853 1869 Si
1881 1846 1988 1881 quem
2018 1845 2089 1869 non

200 1903 418 1953 persuaserit
442 1904 724 1940 instrumentum
751 1904 837 1940 anni
868 1906 974 1949 1249,
1007 1908 1104 1940 certe
1131 1917 1214 1941 eum
1245 1904 1459 1941 convincent
1483 1904 1551 1941 alia
1576 1905 1621 1952 (ni
1650 1908 1715 1941 201
1749 1909 1783 1941 et
1811 1906 1893 1954 202)
1930 1917 2021 1953 quae
2046 1906 2090 1942 ad

199 1974 387 2012 Nationem
407 1975 643 2024 Anglicanam
660 1979 835 2023 spectant.
855 1978 899 2012 Ut
914 1976 1124 2012 omittamus
1141 1976 1238 2024 quod
1253 1988 1336 2012 cum
1352 1987 1458 2012 sensu
1475 1980 1716 2025 contextuque
1732 1981 1907 2025 repugnat
1922 1978 1949 2012 si
1968 1989 2089 2013 vocem

207 2047 457 2083 «Universitas
472 2061 488 2081 »
512 2047 652 2096 saepius
672 2048 732 2084 hic
751 2048 940 2096 repetitam
960 2059 1026 2096 pro
1050 2051 1122 2084 tota
1142 2048 1392 2093 Universitate,
1424 2048 1560 2084 nedum
1587 2061 1653 2096 pro
1677 2049 1912 2085 Universitate
1937 2049 2088 2085 Artista-

199 2130 279 2155 rum
302 2118 468 2167 accipias,
492 2119 600 2156 etiam
621 2120 778 2156 occurrit
798 2120 875 2168 ipsa
899 2120 1034 2157 locutio
1062 2136 1076 2153 (ι
1099 2120 1314 2156 Universitas
1336 2120 1552 2156 Artistarum
1574 2136 1589 2153 »
1620 2121 1667 2168 (p.
1693 2120 1789 2169 229).
1809 2121 1907 2157 Alias
1935 2121 1987 2168 (11⁰
2004 2122 2088 2166 231>

198 2189 355 2238 legimus
375 2203 382 2227 :
404 2205 420 2223 «
446 2194 518 2227 tota
539 2191 755 2227 Universitas
770 2207 784 2225 »
809 2203 893 2228 cum
915 2203 1022 2228 sensu
1045 2191 1209 2227 omnium
1232 2191 1460 2228 Facultatum
1477 2196 1584 2240 atque
1606 2204 1648 2228 ex
1668 2193 1814 2229 adverso
1844 2207 1858 2225 «
1873 2193 2087 2228 Universitas

199 2262 452 2310 magistrorum
469 2263 611 2298 Artium
634 2278 667 2298 ».
686 2265 823 2299 Rursus
838 2263 874 2299 in
889 2264 1044 2311 quodam
1064 2266 1195 2299 statuto
1213 2262 1262 2311 (ιιυ
1279 2266 1360 2307 216)
1387 2278 1401 2295 «.
1418 2267 1490 2299 tota
1511 2264 1727 2300 Universitas
1747 2280 1762 2296 »
1779 2277 1842 2312 pro
1864 2267 1935 2300 tota
1953 2264 2086 2300 Facul-

199 2336 268 2369 tate
288 2333 505 2369 Artistarum
522 2334 688 2378 sumitur,
709 2335 802 2370 sicut
818 2335 926 2371 etiam
943 2338 981 2370 n⁰
998 2336 1082 2371 328.

297 2405 458 2440 Primum
490 2417 585 2441 anno
616 2407 708 2441 1259
743 2406 901 2442 occurrit
929 2406 1063 2443 locutio
1094 2421 1108 2438 α
1132 2409 1262 2443 Rcctor
1285 2407 1531 2443 Universitatis
1555 2407 1805 2454 magistrorum
1830 2411 1865 2442 et
1890 2407 2084 2443 scolarium

196 2476 453 2512 Parisiensium
475 2492 490 2510 »
526 2476 627 2525 (Vz'cl.
660 2483 698 2511 n⁰
725 2478 828 2521 330);
857 2477 954 2525 quod
979 2481 1016 2513 ut
1042 2477 1295 2526 intelligamus,
1327 2479 1516 2514 sciendum
1540 2482 1646 2514 antea
1672 2478 1759 2525 quid
1788 2478 1895 2514 fuerit
1926 2479 2084 2514 Rectoris

197 2559 346 2584 munus.
374 2549 480 2584 Anno
511 2550 603 2584 1249
627 2552 849 2585 memoratur
881 2563 895 2581 «
915 2549 1077 2585 officium
1099 2549 1262 2585 Rectorie
1286 2549 1532 2586 Universitatis
1554 2565 1591 2594 u,
1622 2549 1684 2586 sed
1710 2550 1894 2597 quodnam
1922 2550 1966 2586 sit
1992 2550 2082 2587 illud

195 2618 359 2655 officium
382 2631 454 2656 non
478 2620 682 2667 exponitur.
712 2621 751 2655 ln
774 2620 1003 2656 documentis
1031 2622 1114 2664 136,
1144 2622 1226 2664 137,
1253 2623 1335 2664 197,
1360 2623 1444 2665 201,
1469 2624 1538 2657 202
1561 2621 1892 2669 posterioribusque
1918 2621 2082 2669 plurimis

196 2690 287 2726 nihil
320 2690 418 2726 aliud
451 2702 559 2738 quam
597 2691 816 2727 Facultatem
849 2691 991 2727 Artium
1019 2692 1159 2728 Rectori
1191 2691 1401 2728 incumbere
1430 2693 1626 2729 cernimus.
1656 2694 1762 2729 Anno
1796 2696 1889 2730 1254
1923 2693 2081 2741 primum

289 2854 310 2878 1.
330 2854 369 2879 cf.
389 2854 543 2880 documenta
565 2855 720 2888 pontificalia
743 2855 929 2881 Universitutis
949 2863 965 2880 a
982 2856 1107 2880 Derai-*LE
1124 2855 1195 2880 edita
1209 2856 1236 2881 in
1254 2857 1360 2882 Archiv
1379 2858 1399 2887 f.
1421 2857 1654 2882 Litteratur-und
1667 2858 1894 2888 [Kirchenyesch.
1915 2858 1958 2882 des
1977 2857 2081 2881 Mitte!-

193 2899 288 2928 ahers,
309 2899 342 2928 V,
360 2906 386 2932 p.
404 2899 458 2930 170,
477 2904 506 2923 u⁰
522 2899 551 2930 4;
570 2899 623 2924 und
640 2900 829 2926 Historisches
845 2901 1000 2932 JaMbuch,
1021 2900 1091 2930 1889,
1109 2908 1133 2933 p.
1151 2901 1192 2925 93.

286 2943 310 2968 2.
329 2943 394 2968 Cum
411 2944 464 2976 jam
482 2946 572 2969 auctor
590 2943 651 2969 libri
671 2945 755 2976 Oriyo
777 2953 844 2970 vera
861 2945 950 2977 (etiam
968 2945 1070 2981 Thurot
1086 2947 1113 2970 et
1130 2945 1254 2970 Jourdain
1274 2946 1379 2978 partim)
1397 2947 1424 2970 et
1442 2946 1540 2970 Denitle
1557 2947 1687 2971 errantem
1711 2947 1837 2971 Eulaeum
1859 2947 2078 2979 reprehenderint,

193 2987 261 3013 idem
279 2989 422 3013 retractare
438 2989 532 3014 inutile
549 2989 633 3014 visum
650 2991 700 3015 est.
