2580 3528
459 386 525 420 316
1041 395 1359 418 anaTunAmun
1394 394 1584 416 umvsas.
1621 394 1751 417 mnis.
2233 386 2333 428 [1256

460 482 571 516 super
590 469 659 504 hoc
679 470 912 516 apostolicam
935 470 1059 503 sedem
1081 469 1235 502 duceres
1256 468 1530 501 consulendam.
1554 469 1602 501 Ut
1621 468 1734 514 igitur
1752 469 1930 514 procedas
1951 470 2087 504 certius
2108 477 2144 504 et
2163 471 2331 505 securius

459 537 496 570 in
516 537 582 570 hac
602 543 715 582 parte,
737 537 950 570 fraternitati
978 543 1037 569 tue
1063 548 1128 581 per
1147 535 1344 580 apostolica
1370 535 1504 579 scripta
1529 534 1755 578 mandamus,
1777 536 1947 581 quatinus
1968 537 2144 583 prefatum
2165 537 2330 571 libellum

460 610 495 637 et
515 615 641 637 omnes
670 603 879 648 hujusmodi
909 603 1056 636 cedulas
1083 615 1101 635 a
1129 602 1270 635 cunctis
1299 601 1380 634 illas
1410 601 1630 635 habentibus
1660 601 1726 635 tibi
1755 603 1966 637 auctoritate
1995 611 2120 638 nostra
2149 604 2330 650 precipias

459 670 635 712 exhiberi,
658 682 722 703 cos
742 670 785 703 ad
807 669 1009 702 exhibenda
1034 669 1100 701 hec
1126 669 1218 701 infra
1243 674 1380 700 certum
1408 668 1616 710 terminum,
1639 680 1746 714 quem
1772 669 1816 702 ad
1840 669 1909 703 hoc
1934 670 2138 716 prefixeris,
2159 683 2225 717 per
2245 683 2331 705 cen-

459 749 579 770 suram
608 736 887 770 ecclesiastieam
918 735 1159 780 appellatione
1189 734 1391 779 postposita
1425 735 1693 780 compellendo,
1725 742 1760 769 et
1792 735 1992 770 inhibendo
2027 737 2230 771 districtius
2259 738 2328 772 suh

459 803 750 836 interminatione
774 802 1021 842 anathematis,
1044 813 1088 833 ne
1110 801 1192 845 quis
1214 801 1383 834 decetero
1405 801 1544 835 similes
1565 801 1800 836 conscribere
1819 803 1878 837 vel
1898 815 2117 849 componere
2143 816 2209 838 seu
2233 804 2329 850 apud

459 881 497 902 se
527 870 684 902 retinere
718 874 912 913 presumat,
950 874 985 900 et
1018 879 1087 912 que
1118 867 1183 900 tibi
1213 867 1257 900 de
1286 867 1358 901 hiis
1387 868 1523 901 fuerint
1551 868 1721 911 exhibita,
1748 870 1886 903 vocatis
1912 870 1957 903 ad
1983 877 2079 903 tuam
2109 872 2328 916 presentiam

459 936 600 968 dilectis
621 935 705 967 filiis
724 960 745 967 ..
764 934 979 967 cancellario
1000 933 1199 966 Parisiensi
1220 940 1253 967 et
1275 934 1400 967 decem
1421 934 1503 968 aliis
1520 935 1684 980 providis
1699 936 1802 978 viris,
1821 937 2023 970 secundum
2040 937 2139 982 quod
2155 937 2328 972 discretio

457 1009 514 1034 tua
535 1001 705 1046 expedire
725 1000 870 1041 viderit,
891 1012 1011 1033 coram
1037 1000 1141 1045 ipsis,
1163 1000 1211 1033 ita
1231 1001 1329 1046 quod
1350 1013 1393 1033 ex
1413 1000 1482 1034 hoc
1507 1001 1652 1035 infamia
1681 1002 1740 1036 vel
1770 1003 1981 1036 scandalum
2012 1015 2087 1036 non
2115 1011 2326 1050 consurgat,

456 1068 602 1100 studeas
622 1067 780 1099 abolere.
803 1068 881 1099 Dat.
905 1067 1070 1099 Laterani
1090 1067 1151 1111 viij
1174 1067 1222 1099 id.
1246 1067 1345 1109 Maii,
1367 1067 1598 1112 pontificatus
1620 1069 1736 1102 nostri
1758 1081 1852 1102 anno
1874 1069 2050 1103 secundo.

546 1174 685 1203 Maqnum
704 1173 798 1197 Chart.
819 1173 882 1197 eccl.
903 1173 999 1198 Paris.
1021 1173 1047 1196 in
1067 1173 1142 1196 Arch.
1165 1177 1218 1197 nat.
1239 1173 1323 1197 Paris.
1345 1174 1393 1198 LL.
1415 1175 1468 1202 183,
1486 1175 1530 1199 fol.
1552 1175 1606 1204 189,
1623 1175 1673 1198 sub
1692 1175 1800 1199 rubrica
1820 1184 1825 1199 :
1849 1184 1860 1199 a
1881 1176 1980 1200 Littera
2000 1177 2140 1200 Alexandri
2159 1185 2229 1209 pape
2249 1185 2329 1209 super

454 1218 567 1248 quodam
580 1217 679 1246 libello,
694 1217 738 1248 qui
754 1217 780 1240 in
795 1217 871 1241 libris
886 1218 1006 1241 Joachim
1021 1218 1214 1242 introductivus
1230 1218 1368 1242 dicebatur
1383 1227 1405 1242 ›).
1423 1233 1450 1237 —
1465 1219 1589 1249 Bulaeus,
1607 1220 1652 1249 111,
1670 1221 1723 1244 302.

546 1311 567 1333 1.
583 1311 611 1334 In
625 1319 673 1334 ms.
692 1318 697 1333 “.
716 1319 727 1334 «
743 1311 858 1334 cordulis
877 1318 899 1339 i),
916 1314 941 1334 et
956 1310 993 1334 sic
1008 1314 1107 1343 postea.
1122 1325 1153 1329 —
1167 1312 1189 1335 2.
1205 1312 1253 1335 Ms.
1270 1319 1275 1335 t
1295 1320 1306 1335 «
1322 1312 1474 1336 duxerimus
1490 1320 1512 1335 ι).
1528 1326 1559 1331 -
1574 1313 1597 1336 3.
1613 1313 1678 1336 Vide
1694 1321 1776 1344 supra
1788 1317 1828 1336 n0⁵
1842 1314 1897 1342 257,
1915 1315 1969 1338 258.

453 1499 563 1536 278.
589 1510 732 1535 Statutum
748 1508 871 1545 capituli
882 1509 1042 1544 generalis¹
1063 1509 1128 1536 ord.
1142 1509 1247 1536 Praed.
1265 1510 1318 1536 sub
1334 1510 1488 1537 [lamberto
1506 1510 1644 1536 celebrati
1659 1510 1694 1537 de
1709 1510 1841 1537 delendis
1857 1511 2002 1538 erroribus
2017 1520 2093 1538 anno
2108 1513 2177 1539 1241
2194 1511 2327 1539 condem-

540 1558 626 1584 natis.
642 1558 756 1594 Scripta
766 1560 890 1592 fratrum
906 1567 1015 1584 errores
1031 1558 1206 1585 continentia
1217 1559 1369 1585 mittantur
1379 1559 1516 1594 magistro
1531 1559 1655 1586 Ordinis.
1670 1560 1854 1596 Reprobatur
1868 1561 2004 1587 correctio
2015 1561 2130 1588 Bibliae
2144 1561 2325 1588 Senonensis.

1644 1659 1719 1689 1256,
1733 1659 1816 1685 medlo
1830 1659 1911 1689 dunin,
1927 1659 2042 1686 Parisiis.

540 1739 769 1785 Injungimus
798 1740 961 1773 districte
989 1740 1159 1774 omnibus
1184 1741 1371 1783 fratribus,
1398 1742 1493 1775 sicut
1517 1742 1622 1775 etiam
1649 1742 1735 1775 olim
1761 1742 1963 1788 injunctum
1990 1743 2089 1785 suit2,
2115 1744 2214 1789 quod
2241 1744 2327 1778 arti·-

451 1805 553 1839 culos
581 1806 866 1852 condempnatos
897 1819 962 1852 per
990 1807 1202 1853 episcopum
1229 1814 1264 1841 et
1288 1809 1483 1854 magistros
1514 1809 1741 1842 Parisienses
1767 1809 1913 1843 deleant
1937 1809 1982 1843 de
2007 1810 2154 1855 scriptis
2175 1810 2266 1853 suis,
2287 1810 2324 1844 in

451 1872 730 1918 quibuscunque
759 1874 907 1915 fuerint,
939 1881 974 1907 et
1001 1874 1107 1907 etiam
1134 1875 1232 1919 quod
1262 1875 1404 1920 priores
1435 1875 1678 1921 provinciales
1705 1876 1763 1910 vel
1796 1888 1923 1909 eorum
1951 1876 2041 1910 socii
2077 1883 2327 1922 transportant

451 1939 583 1984 scripta
604 1952 729 1972 eorum
755 1940 799 1973 ad
824 1941 1030 1985 provincias
1056 1953 1153 1974 suas.
1176 1941 1404 1987 Quicumque
1430 1943 1535 1975 etiam
1561 1943 1709 1976 fratrum
1735 1942 1874 1988 aliquid
1899 1954 2095 1976 erroneum
2121 1943 2323 1977 secundum

451 2006 708 2039 conscientiam
744 2019 843 2040 suam
879 2008 1027 2041 sciverit
1055 2008 1093 2040 in
1123 2008 1258 2053 scripto
1289 2008 1442 2054 alicujus
1474 2009 1609 2051 fratris,
1639 2009 1755 2043 mittat
1782 2009 1874 2042 illud
1903 2009 1940 2042 in
1971 2009 2117 2055 scriptis
2148 2010 2324 2056 magistro

452 2072 604 2105 ordinis.

540 2140 629 2172 Item
659 2141 921 2173 correctionem
949 2140 1171 2174 bibliothece
1199 2142 1449 2175 Senonensem
1476 2154 1548 2174 non
1574 2142 1831 2188 approbamus,
1857 2154 1924 2176 nee
1949 2142 2119 2176 volumus
2145 2143 2244 2188 quod
2271 2143 2325 2176 illi

453 2206 671 2239 correctioni
692 2207 820 2239 fratres
841 2207 1069 2252 aliquatenus
1089 2208 1319 2241 innitantur³.

546 2313 592 2336 Ms.
608 2314 681 2337 Rom.
698 2314 780 2345 Capp.
797 2322 885 2345 gener.
902 2315 994 2338 Praed.
1011 2315 1045 2338 ad
1060 2315 1123 2338 Ord.
1139 2315 1282 2346 pertinens.
1295 2329 1326 2333 —
1340 2316 1464 2344 Mai-tene,
1484 2316 1564 2341 Thes.
1581 2322 1645 2340 ἠου-
1661 2317 1767 2345 anecd„
1780 2316 1822 2345 lv,
1835 2316 1904 2345 1714,
1916 2320 1954 2339 n⁰¹
1967 2317 1990 2344 8,
2008 2317 2045 2339 23.
2059 2329 2091 2334 —
2103 2316 2133 2339 In
2147 2316 2197 2339 hoc
2209 2315 2326 2347 capitulo

453 2357 598 2388 injunctum
614 2361 654 2381 est
665 2361 810 2389 praeterea,
827 2362 855 2382 ut
875 2359 901 2382 in
922 2359 1039 2390 quolibet
1054 2363 1182 2383 conventu
1200 2363 1300 2391 septem
1315 2360 1412 2391 psalmi
1429 2360 1647 2392 (paenitentiales)
1667 2368 1727 2384 cum
1746 2360 1844 2384 letania
1859 2369 1875 2384 a
1895 2360 2022 2384 fratribus
2037 2360 2178 2392 prostratis
2192 2368 2242 2392 pro
2257 2360 2326 2384 bono

454 2405 523 2425 statu
536 2402 642 2425 Ordinis
656 2402 785 2426 dicantur.
802 2403 925 2431 Martenc,
942 2404 959 2427 l.
976 2412 1008 2432 c.,
1025 2408 1054 2426 n⁰
1069 2404 1106 2428 24.
1124 2404 1245 2428 Celebres
1261 2408 1322 2428 sunt
1337 2405 1402 2428 istae
1418 2413 1430 2428 «
1446 2405 1553 2428 litaniae
1567 2405 1783 2429 Praedicatorum
1799 2413 1810 2428 ))
1828 2405 1899 2436 apud
1915 2405 2056 2428 historicos
2072 2412 2193 2428 coaevos.

548 2495 569 2518 1.
587 2495 640 2518 Hoc
655 2495 799 2526 capitulum
815 2496 900 2519 medio
919 2496 998 2520 Junio
1017 2497 1178 2521 celebratum
1193 2506 1251 2521 esse
1270 2497 1423 2529 conjicimus
1443 2506 1475 2522 ex
1493 2498 1606 2530 epistola
1625 2498 1763 2522 Humberti
1783 2499 1817 2522 ad
1838 2506 1928 2530 regem
1947 2498 2047 2521 directa
2066 2499 2096 2521 20
2115 2497 2188 2521 Junii
2207 2497 2325 2529 ejusdem

455 2538 524 2561 nuni.
537 2539 664 2569 Layeztes
674 2540 713 2563 du
725 2540 813 2564 tre'sor
823 2542 869 2565 des
882 2541 1002 2569 charles,
1014 2545 1043 2564 110
1057 2542 1127 2565 4263.
1139 2556 1169 2559 —
1180 2543 1202 2565 2.
1217 2542 1256 2566 Cf.
1269 2551 1350 2574 supra
1365 2547 1395 2565 ιιο
1409 2543 1462 2566 130.
1476 2556 1507 2560 -
1521 2544 1543 2566 3.
1557 2543 1600 2566 Sic
1614 2543 1641 2566 in
1656 2551 1705 2566 ms.
1722 2543 1811 2571 Rom.;
1823 2546 1850 2566 at
1864 2550 1928 2566 mss.
1940 2542 2092 2570 namneum,
2104 2541 2270 2565 Cracoviens.
2283 2541 2326 2571 (ad

455 2582 511 2605 ord.
532 2583 623 2606 Praed.
644 2583 823 2614 pertinentes),
840 2585 962 2609 Tolosan.
978 2586 1041 2609 490:
1057 2594 1069 2609 «
1084 2586 1258 2610 correctiones
1272 2595 1293 2610 ».
1309 2587 1364 2610 Huc
1380 2595 1462 2618 usque
1478 2587 1556 2616 docti,
1573 2587 1728 2611 auctoritate
1743 2590 1829 2610 textus
1845 2587 1916 2618 apud
1929 2587 2045 2610 Matiene
2059 2585 2168 2614 inducti,
2184 2585 2326 2609 credebant

456 2626 613 2649 mentionem
625 2627 667 2650 hic
687 2627 743 2650 fieri
764 2636 775 2651 «
796 2629 986 2652 correctionum
1005 2630 1115 2655 Bibliae
1138 2630 1307 2655 senonensis
1326 2639 1349 2660 »,
1370 2639 1416 2654 nec
1436 2631 1567 2663 explicare
1588 2635 1719 2663 poterant,
1739 2639 1869 2663 quaenam
1889 2630 1983 2654 ruisset
2001 2630 2065 2654 haec
2085 2629 2180 2653 Biblia.
2197 2630 2229 2653 At
2243 2637 2326 2661 supra

457 2670 562 2693 minime
578 2671 609 2693 de
626 2672 738 2702 quadam
758 2672 843 2695 Biblia
864 2674 1005 2697 Senonensi
1026 2675 1144 2706 quaestio
1159 2678 1207 2703 est,
1224 2675 1270 2698 sed
1287 2683 1298 2698 ((
1314 2676 1345 2699 de
1358 2677 1530 2700 correctione
1543 2675 1642 2699 bibliae
1656 2675 1813 2701 Senonemi
1825 2683 1847 2704 »,
1863 2678 1893 2698 ut
1907 2674 1933 2698 in
1947 2674 2033 2698 tribua
2049 2681 2114 2698 mss.
2125 2673 2219 2697 ultimo
2234 2673 2325 2697 relatis

456 2714 564 2745 insuper
579 2714 605 2737 in
623 2715 741 2746 margine
760 2716 865 2747 legitur.
884 2717 979 2746 Biblia,
994 2727 1073 2749 quam
1094 2720 1188 2742 fratres
1208 2719 1414 2748 Praedicatores,
1431 2722 1457 2743 et
1470 2723 1562 2751 postea
1581 2719 1635 2748 ulii,
1652 2722 1828 2748 correxerunt,
1846 2719 1895 2743 fuit
1914 2719 2011 2743 Biblia
2028 2717 2212 2746 Parisiensis,
2229 2725 2276 2741 seu
2296 2720 2326 2741 ut

455 2758 543 2782 verbis
559 2759 654 2790 Rogeri
668 2759 779 2782 Bacenis
794 2763 908 2790 utamur,
928 2763 1062 2793 exemplar
1076 2763 1233 2793 Parisiense,
1250 2763 1276 2787 id
1296 2767 1336 2787 est
1350 2763 1437 2788 Biblia
1451 2764 1478 2787 in
1497 2772 1528 2788 ea
1546 2765 1640 2792 forma,
1663 2772 1714 2795 qua
1730 2763 1841 2788 Parisiis
1860 2766 1922 2795 post
1939 2762 2045 2786 initium
2068 2770 2135 2786 saec.
2153 2762 2212 2785 XIII
2227 2761 2255 2785 in
2274 2769 2325 2785 usu

456 2803 639 2834 theologorum
653 2807 678 2826 et
693 2803 871 2827 studiosorum
886 2808 950 2834 erat,
969 2814 1027 2829 cum
1044 2807 1237 2831 rationabiliori
1251 2811 1388 2840 praeterea
1403 2808 1519 2840 capitum
1538 2808 1706 2832 distinctione
1722 2809 1746 2838 (a
1761 2808 1894 2839 Stephano
1909 2808 2029 2839 Langton
2044 2806 2226 2830 verisimiliter
2245 2806 2328 2830 intro-

457 2848 543 2876 ducta,
559 2848 592 2870 cf.
615 2855 697 2879 supra
716 2848 749 2871 ad
768 2851 818 2871 n¹²²¹¹
833 2849 881 2880 41),
905 2858 983 2880 quam
1004 2852 1164 2882 exemplaria
1186 2853 1351 2876 saeculorum
1369 2853 1489 2884 priorum
1512 2853 1664 2876 afferebant.
1688 2852 1753 2876 Cum
1772 2860 1803 2876 ex
1825 2852 1948 2875 omnibus
1963 2851 2055 2875 mundi
2069 2851 2191 2883 partibus
2212 2850 2326 2874 studiosi

456 2891 572 2916 Parisios
588 2892 621 2915 ad
637 2891 794 2915 audiendam
813 2901 824 2915 a
845 2901 947 2916 sacram
966 2895 1092 2926 paginam
1111 2904 1123 2919 )›
1145 2897 1313 2926 confluerent,
1332 2897 1474 2929 imaginari
1492 2905 1635 2929 possumus
1652 2905 1731 2929 quam
1748 2896 1799 2920 cito
1818 2899 1904 2920 textus
1926 2895 2028 2920 Bibliae
2047 2895 2205 2920 Parisiensis
2227 2895 2325 2927 ubique

457 2936 594 2968 divulgata
608 2939 634 2959 et
648 2939 752 2968 recepta
767 2937 853 2960 suerit.
869 2937 1009 2970 Exemplar
1023 2939 1124 2964 Bibliae
1137 2941 1283 2973 vulgatum,
1298 2945 1323 2965 et
1337 2941 1424 2965 Biblia
1437 2941 1594 2965 Parisiensis
1609 2941 1679 2965 idem
1694 2940 1832 2970 sonabant,
1849 2943 1878 2964 ut
1890 2940 1973 2972 liquet
1987 2948 2018 2964 ex
2030 2940 2116 2971 Opere
2131 2940 2214 2964 tertio
2228 2939 2324 2971 Rogeri

2568 1830 2580 3118 Qfflfflhdz-ffl-Lmk
2570 1687 2580 1825 mmm..
2572 1583 2580 1682 *mu-,2-
2573 1507 2580 1577 ,..,......
2571 1462 2580 1501 ...ιε
2571 1377 2580 1452 ..ι-η.
2563 531 2580 1371 ηωμκιυΜΝ-ἫῌΜΜΜἛ
2572 507 2580 523 ι,
2578 488 2580 490 .
2576 450 2580 474 ..,,
