<?xml version="1.0" encoding="UTF-8"?>
<!DOCTYPE html PUBLIC "-//W3C//DTD XHTML 1.0 Transitional//EN"
    "http://www.w3.org/TR/xhtml1/DTD/xhtml1-transitional.dtd">
<html xmlns="http://www.w3.org/1999/xhtml" xml:lang="en" lang="en">
 <head>
  <title>
</title>
<meta http-equiv="Content-Type" content="text/html;charset=utf-8" />
  <meta name='ocr-system' content='tesseract 3.04.00' />
  <meta name='ocr-capabilities' content='ocr_page ocr_carea ocr_par ocr_line ocrx_word'/>
</head>
<body>
  <div class='ocr_page' id='page_1' title='image "./chartulariumuniv01univuoft_0133.png"; bbox 0 0 2580 3528; ppageno 0'>
   <div class='ocr_carea' id='block_1_1' title="bbox 0 0 74 3528">
    <p class='ocr_par' dir='ltr' id='par_1_1' title="bbox 0 0 74 3528">
     <span class='ocr_line' id='line_1_1' title="bbox 0 0 74 3528; baseline 0 0"><span class='ocrx_word' id='word_1_1' title='bbox 0 0 74 3528; x_wconf 95' lang='lat' dir='ltr'> </span> 
     </span>
    </p>
   </div>
   <div class='ocr_carea' id='block_1_2' title="bbox 279 430 2154 471">
    <p class='ocr_par' dir='ltr' id='par_1_2' title="bbox 279 430 2154 471">
     <span class='ocr_line' id='line_1_2' title="bbox 279 430 2154 471; baseline 0.001 -8"><span class='ocrx_word' id='word_1_2' title='bbox 279 430 377 471; x_wconf 89' lang='lat'>1219]</span> <span class='ocrx_word' id='word_1_3' title='bbox 623 439 670 462; x_wconf 70' lang='grc' dir='ltr'>ΑΒ</span> <span class='ocrx_word' id='word_1_4' title='bbox 704 439 811 461; x_wconf 58' lang='lat' dir='ltr'>auno</span> <span class='ocrx_word' id='word_1_5' title='bbox 845 439 921 462; x_wconf 67' lang='lat' dir='ltr'>mcc</span> <span class='ocrx_word' id='word_1_6' title='bbox 955 439 1088 468; x_wconf 71' lang='lat' dir='ltr'>usqua</span> <span class='ocrx_word' id='word_1_7' title='bbox 1123 439 1172 461; x_wconf 74' lang='grc' dir='ltr'>Λι)</span> <span class='ocrx_word' id='word_1_8' title='bbox 1206 439 1437 461; x_wconf 63' lang='lat' dir='ltr'>rainerum</span> <span class='ocrx_word' id='word_1_9' title='bbox 1472 440 1512 461; x_wconf 91' lang='lat' dir='ltr'>1v</span> <span class='ocrx_word' id='word_1_10' title='bbox 1546 440 1635 461; x_wconf 68' lang='lat' dir='ltr'>aaa.</span> <span class='ocrx_word' id='word_1_11' title='bbox 1673 440 1811 463; x_wconf 73' lang='lat' dir='ltr'>rnANc.</span> <span class='ocrx_word' id='word_1_12' title='bbox 2112 433 2154 465; x_wconf 90' lang='lat'>91</span> 
     </span>
    </p>
   </div>
   <div class='ocr_carea' id='block_1_3' title="bbox 264 512 2156 2966">
    <p class='ocr_par' dir='ltr' id='par_1_3' title="bbox 264 512 2156 2966">
     <span class='ocr_line' id='line_1_3' title="bbox 277 512 2155 558; baseline 0 -10"><span class='ocrx_word' id='word_1_13' title='bbox 277 513 519 548; x_wconf 79' lang='lat' dir='ltr'>communicat</span> <span class='ocrx_word' id='word_1_14' title='bbox 536 513 692 554; x_wconf 85' lang='lat' dir='ltr'>alienus,</span> <span class='ocrx_word' id='word_1_15' title='bbox 721 512 784 546; x_wconf 88' lang='lat' dir='ltr'>ubi</span> <span class='ocrx_word' id='word_1_16' title='bbox 810 513 893 546; x_wconf 90' lang='lat' dir='ltr'>fons</span> <span class='ocrx_word' id='word_1_17' title='bbox 920 519 976 546; x_wconf 89' lang='lat' dir='ltr'>est</span> <span class='ocrx_word' id='word_1_18' title='bbox 1002 519 1038 546; x_wconf 91' lang='lat' dir='ltr'>et</span> <span class='ocrx_word' id='word_1_19' title='bbox 1064 519 1197 558; x_wconf 91' lang='lat' dir='ltr'>puteus</span> <span class='ocrx_word' id='word_1_20' title='bbox 1224 524 1397 558; x_wconf 88' lang='lat' dir='ltr'>aquarum</span> <span class='ocrx_word' id='word_1_21' title='bbox 1425 513 1637 553; x_wconf 83' lang='lat' dir='ltr'>viventium,</span> <span class='ocrx_word' id='word_1_22' title='bbox 1667 513 1882 547; x_wconf 87' lang='lat' dir='ltr'>deserentes</span> <span class='ocrx_word' id='word_1_23' title='bbox 1906 526 1946 547; x_wconf 87' lang='lat' dir='ltr'>ae</span> <span class='ocrx_word' id='word_1_24' title='bbox 1973 515 2155 549; x_wconf 81' lang='lat' dir='ltr'><strong>fodientes</strong></span> 
     </span>
     <span class='ocr_line' id='line_1_4' title="bbox 276 579 2155 626; baseline 0.001 -12"><span class='ocrx_word' id='word_1_25' title='bbox 276 580 348 615; x_wconf 90' lang='lat' dir='ltr'>sibi</span> <span class='ocrx_word' id='word_1_26' title='bbox 367 581 558 622; x_wconf 80' lang='lat' dir='ltr'><strong>cisternas,</strong></span> <span class='ocrx_word' id='word_1_27' title='bbox 585 592 656 626; x_wconf 87' lang='lat' dir='ltr'>que</span> <span class='ocrx_word' id='word_1_28' title='bbox 675 591 804 625; x_wconf 89' lang='lat' dir='ltr'>aquam</span> <span class='ocrx_word' id='word_1_29' title='bbox 824 592 899 613; x_wconf 92' lang='lat' dir='ltr'>non</span> <span class='ocrx_word' id='word_1_30' title='bbox 920 579 1108 625; x_wconf 81' lang='lat' dir='ltr'><strong>prevalent</strong></span> <span class='ocrx_word' id='word_1_31' title='bbox 1127 580 1330 621; x_wconf 89' lang='lat' dir='ltr'>continere,</span> <span class='ocrx_word' id='word_1_32' title='bbox 1356 580 1460 625; x_wconf 85' lang='lat' dir='ltr'>quasi</span> <span class='ocrx_word' id='word_1_33' title='bbox 1481 592 1554 613; x_wconf 92' lang='lat' dir='ltr'>non</span> <span class='ocrx_word' id='word_1_34' title='bbox 1576 580 1806 614; x_wconf 86' lang='lat' dir='ltr'>invenientes</span> <span class='ocrx_word' id='word_1_35' title='bbox 1828 592 1972 626; x_wconf 85' lang='lat' dir='ltr'>pascua,</span> <span class='ocrx_word' id='word_1_36' title='bbox 1994 582 2155 616; x_wconf 87' lang='lat' dir='ltr'>fastidito</span> 
     </span>
     <span class='ocr_line' id='line_1_5' title="bbox 275 646 2154 692; baseline 0.001 -12"><span class='ocrx_word' id='word_1_37' title='bbox 275 659 417 689; x_wconf 89' lang='lat' dir='ltr'>manna,</span> <span class='ocrx_word' id='word_1_38' title='bbox 463 647 546 681; x_wconf 91' lang='lat' dir='ltr'>dum</span> <span class='ocrx_word' id='word_1_39' title='bbox 594 647 781 692; x_wconf 78' lang='lat' dir='ltr'>suspirant</span> <span class='ocrx_word' id='word_1_40' title='bbox 823 647 868 680; x_wconf 92' lang='lat' dir='ltr'>ad</span> <span class='ocrx_word' id='word_1_41' title='bbox 907 647 1038 692; x_wconf 81' lang='lat' dir='ltr'>Egypti</span> <span class='ocrx_word' id='word_1_42' title='bbox 1077 646 1160 679; x_wconf 88' lang='lat' dir='ltr'>allia</span> <span class='ocrx_word' id='word_1_43' title='bbox 1195 653 1231 680; x_wconf 92' lang='lat' dir='ltr'>et</span> <span class='ocrx_word' id='word_1_44' title='bbox 1263 658 1439 692; x_wconf 92' lang='lat' dir='ltr'>pepones,</span> <span class='ocrx_word' id='word_1_45' title='bbox 1476 653 1629 680; x_wconf 90' lang='lat' dir='ltr'>currunt</span> <span class='ocrx_word' id='word_1_46' title='bbox 1660 647 1705 680; x_wconf 88' lang='lat' dir='ltr'>ad</span> <span class='ocrx_word' id='word_1_47' title='bbox 1739 647 1911 680; x_wconf 86' lang='lat' dir='ltr'>scientias</span> <span class='ocrx_word' id='word_1_48' title='bbox 1946 647 2154 687; x_wconf 83' lang='lat' dir='ltr'>lucrativas,</span> 
     </span>
     <span class='ocr_line' id='line_1_6' title="bbox 275 713 2153 760; baseline 0.001 -13"><span class='ocrx_word' id='word_1_49' title='bbox 275 720 477 748; x_wconf 80' lang='lat' dir='ltr'>statuentes</span> <span class='ocrx_word' id='word_1_50' title='bbox 497 714 534 747; x_wconf 92' lang='lat' dir='ltr'>in</span> <span class='ocrx_word' id='word_1_51' title='bbox 556 720 687 747; x_wconf 91' lang='lat' dir='ltr'>terram</span> <span class='ocrx_word' id='word_1_52' title='bbox 714 725 803 747; x_wconf 89' lang='lat' dir='ltr'>suos</span> <span class='ocrx_word' id='word_1_53' title='bbox 829 713 958 747; x_wconf 91' lang='lat' dir='ltr'>oculos</span> <span class='ocrx_word' id='word_1_54' title='bbox 985 713 1181 747; x_wconf 90' lang='lat' dir='ltr'>declinare.</span> <span class='ocrx_word' id='word_1_55' title='bbox 1205 715 1253 747; x_wconf 92' lang='lat' dir='ltr'>Ut</span> <span class='ocrx_word' id='word_1_56' title='bbox 1278 713 1391 759; x_wconf 87' lang='lat' dir='ltr'>igitur</span> <span class='ocrx_word' id='word_1_57' title='bbox 1417 725 1483 759; x_wconf 86' lang='lat' dir='ltr'>per</span> <span class='ocrx_word' id='word_1_58' title='bbox 1509 714 1779 759; x_wconf 81' lang='lat' dir='ltr'>increpationes</span> <span class='ocrx_word' id='word_1_59' title='bbox 1800 714 1951 756; x_wconf 88' lang='lat' dir='ltr'>validas,</span> <span class='ocrx_word' id='word_1_60' title='bbox 1974 721 2153 760; x_wconf 85' lang='lat' dir='ltr'>tamquam</span> 
     </span>
     <span class='ocr_line' id='line_1_7' title="bbox 276 779 2156 826; baseline 0.001 -12"><span class='ocrx_word' id='word_1_61' title='bbox 276 792 341 826; x_wconf 88' lang='lat' dir='ltr'>per</span> <span class='ocrx_word' id='word_1_62' title='bbox 360 781 473 826; x_wconf 88' lang='lat' dir='ltr'>patris</span> <span class='ocrx_word' id='word_1_63' title='bbox 497 780 662 822; x_wconf 88' lang='lat' dir='ltr'>verbera,</span> <span class='ocrx_word' id='word_1_64' title='bbox 692 780 757 813; x_wconf 86' lang='lat' dir='ltr'>filii</span> <span class='ocrx_word' id='word_1_65' title='bbox 777 780 989 814; x_wconf 89' lang='lat' dir='ltr'>aberrantes</span> <span class='ocrx_word' id='word_1_66' title='bbox 1009 780 1053 814; x_wconf 93' lang='lat' dir='ltr'>ad</span> <span class='ocrx_word' id='word_1_67' title='bbox 1079 780 1204 814; x_wconf 91' lang='lat' dir='ltr'>matris</span> <span class='ocrx_word' id='word_1_68' title='bbox 1229 779 1341 813; x_wconf 87' lang='lat' dir='ltr'>ubera</span> <span class='ocrx_word' id='word_1_69' title='bbox 1362 780 1533 822; x_wconf 84' lang='lat' dir='ltr'>revocati,</span> <span class='ocrx_word' id='word_1_70' title='bbox 1563 780 1663 814; x_wconf 86' lang='lat' dir='ltr'>velut</span> <span class='ocrx_word' id='word_1_71' title='bbox 1688 780 1778 826; x_wconf 90' lang='lat' dir='ltr'>pulli</span> <span class='ocrx_word' id='word_1_72' title='bbox 1798 781 1999 826; x_wconf 88' lang='lat' dir='ltr'>aquilarum</span> <span class='ocrx_word' id='word_1_73' title='bbox 2022 789 2156 826; x_wconf 87' lang='lat' dir='ltr'>queant</span> 
     </span>
     <span class='ocr_line' id='line_1_8' title="bbox 274 847 2153 893; baseline 0 -12"><span class='ocrx_word' id='word_1_74' title='bbox 274 847 479 893; x_wconf 84' lang='lat' dir='ltr'>expeditius</span> <span class='ocrx_word' id='word_1_75' title='bbox 512 847 695 888; x_wconf 85' lang='lat' dir='ltr'>advolare,</span> <span class='ocrx_word' id='word_1_76' title='bbox 730 859 770 880; x_wconf 87' lang='lat' dir='ltr'>ac</span> <span class='ocrx_word' id='word_1_77' title='bbox 804 847 984 881; x_wconf 82' lang='lat' dir='ltr'>inoffense</span> <span class='ocrx_word' id='word_1_78' title='bbox 1013 854 1120 892; x_wconf 89' lang='lat' dir='ltr'>atque</span> <span class='ocrx_word' id='word_1_79' title='bbox 1151 847 1326 881; x_wconf 90' lang='lat' dir='ltr'>libentius</span> <span class='ocrx_word' id='word_1_80' title='bbox 1359 847 1475 881; x_wconf 91' lang='lat' dir='ltr'>velint</span> <span class='ocrx_word' id='word_1_81' title='bbox 1507 854 1543 880; x_wconf 90' lang='lat' dir='ltr'>et</span> <span class='ocrx_word' id='word_1_82' title='bbox 1575 847 1718 881; x_wconf 86' lang='lat' dir='ltr'>valeant</span> <span class='ocrx_word' id='word_1_83' title='bbox 1749 860 1897 881; x_wconf 87' lang='lat' dir='ltr'>currere</span> <span class='ocrx_word' id='word_1_84' title='bbox 1932 848 1969 881; x_wconf 91' lang='lat' dir='ltr'>in</span> <span class='ocrx_word' id='word_1_85' title='bbox 2004 848 2153 882; x_wconf 90' lang='lat' dir='ltr'>odorem</span> 
     </span>
     <span class='ocr_line' id='line_1_9' title="bbox 275 914 2152 960; baseline 0 -12"><span class='ocrx_word' id='word_1_86' title='bbox 275 915 462 960; x_wconf 85' lang='lat' dir='ltr'>flagrantis</span> <span class='ocrx_word' id='word_1_87' title='bbox 482 914 598 960; x_wconf 85' lang='lat' dir='ltr'>gratie</span> <span class='ocrx_word' id='word_1_88' title='bbox 617 916 706 948; x_wconf 88' lang='lat' dir='ltr'>Jesu</span> <span class='ocrx_word' id='word_1_89' title='bbox 732 914 883 956; x_wconf 78' lang='lat' dir='ltr'>Christi,</span> <span class='ocrx_word' id='word_1_90' title='bbox 912 914 957 947; x_wconf 92' lang='lat' dir='ltr'>ad</span> <span class='ocrx_word' id='word_1_91' title='bbox 981 914 1196 948; x_wconf 90' lang='lat' dir='ltr'>auriendum</span> <span class='ocrx_word' id='word_1_92' title='bbox 1217 926 1329 959; x_wconf 88' lang='lat' dir='ltr'>aquas</span> <span class='ocrx_word' id='word_1_93' title='bbox 1350 914 1450 948; x_wconf 87' lang='lat' dir='ltr'>vivas</span> <span class='ocrx_word' id='word_1_94' title='bbox 1470 915 1507 947; x_wconf 91' lang='lat' dir='ltr'>in</span> <span class='ocrx_word' id='word_1_95' title='bbox 1528 914 1663 960; x_wconf 86' lang='lat' dir='ltr'>gaudio</span> <span class='ocrx_word' id='word_1_96' title='bbox 1691 914 1736 948; x_wconf 88' lang='lat' dir='ltr'>de</span> <span class='ocrx_word' id='word_1_97' title='bbox 1756 914 1919 948; x_wconf 86' lang='lat' dir='ltr'>fontibus</span> <span class='ocrx_word' id='word_1_98' title='bbox 1943 915 2152 956; x_wconf 89' lang='lat' dir='ltr'>Salvatoris,</span> 
     </span>
     <span class='ocr_line' id='line_1_10' title="bbox 274 981 2154 1027; baseline 0 -12"><span class='ocrx_word' id='word_1_99' title='bbox 274 981 450 1027; x_wconf 87' lang='lat' dir='ltr'>quosdam</span> <span class='ocrx_word' id='word_1_100' title='bbox 471 981 597 1015; x_wconf 86' lang='lat' dir='ltr'>obices</span> <span class='ocrx_word' id='word_1_101' title='bbox 617 993 786 1015; x_wconf 90' lang='lat' dir='ltr'>amovere</span> <span class='ocrx_word' id='word_1_102' title='bbox 806 981 974 1027; x_wconf 92' lang='lat' dir='ltr'>cupimus</span> <span class='ocrx_word' id='word_1_103' title='bbox 994 981 1078 1015; x_wconf 91' lang='lat' dir='ltr'>huic</span> <span class='ocrx_word' id='word_1_104' title='bbox 1099 981 1221 1015; x_wconf 91' lang='lat' dir='ltr'>itineri</span> <span class='ocrx_word' id='word_1_105' title='bbox 1242 981 1478 1023; x_wconf 87' lang='lat' dir='ltr'>obsistentes,</span> <span class='ocrx_word' id='word_1_106' title='bbox 1501 988 1538 1015; x_wconf 88' lang='lat' dir='ltr'>et</span> <span class='ocrx_word' id='word_1_107' title='bbox 1557 981 1763 1015; x_wconf 85' lang='lat' dir='ltr'>necessaria</span> <span class='ocrx_word' id='word_1_108' title='bbox 1784 982 1938 1027; x_wconf 91' lang='lat' dir='ltr'>quedam</span> <span class='ocrx_word' id='word_1_109' title='bbox 1959 989 2154 1016; x_wconf 82' lang='lat' dir='ltr'>annectere</span> 
     </span>
     <span class='ocr_line' id='line_1_11' title="bbox 273 1047 2154 1094; baseline 0 -12"><span class='ocrx_word' id='word_1_110' title='bbox 273 1048 361 1090; x_wconf 69' lang='lat' dir='ltr'>hiis,</span> <span class='ocrx_word' id='word_1_111' title='bbox 380 1061 452 1094; x_wconf 92' lang='lat' dir='ltr'>que</span> <span class='ocrx_word' id='word_1_112' title='bbox 471 1048 516 1082; x_wconf 88' lang='lat' dir='ltr'>ab</span> <span class='ocrx_word' id='word_1_113' title='bbox 536 1048 834 1082; x_wconf 87' lang='lat' dir='ltr'>antecessoribus</span> <span class='ocrx_word' id='word_1_114' title='bbox 855 1048 991 1082; x_wconf 88' lang='lat' dir='ltr'>nostris</span> <span class='ocrx_word' id='word_1_115' title='bbox 1019 1048 1114 1082; x_wconf 88' lang='lat' dir='ltr'>edita</span> <span class='ocrx_word' id='word_1_116' title='bbox 1142 1054 1228 1082; x_wconf 91' lang='lat' dir='ltr'>sunt</span> <span class='ocrx_word' id='word_1_117' title='bbox 1252 1047 1297 1081; x_wconf 92' lang='lat' dir='ltr'>ab</span> <span class='ocrx_word' id='word_1_118' title='bbox 1324 1047 1411 1082; x_wconf 92' lang='lat' dir='ltr'>olim</span> <span class='ocrx_word' id='word_1_119' title='bbox 1437 1048 1483 1081; x_wconf 89' lang='lat' dir='ltr'>ad</span> <span class='ocrx_word' id='word_1_120' title='bbox 1508 1048 1805 1094; x_wconf 80' lang='lat' dir='ltr'>propagationem</span> <span class='ocrx_word' id='word_1_121' title='bbox 1830 1049 2042 1094; x_wconf 84' lang='lat' dir='ltr'>propaginis</span> <span class='ocrx_word' id='word_1_122' title='bbox 2069 1049 2154 1082; x_wconf 83' lang='lat' dir='ltr'>vitis</span> 
     </span>
     <span class='ocr_line' id='line_1_12' title="bbox 273 1114 2153 1161; baseline 0 -12"><span class='ocrx_word' id='word_1_123' title='bbox 273 1127 371 1149; x_wconf 88' lang='lat' dir='ltr'>vere.</span> <span class='ocrx_word' id='word_1_124' title='bbox 394 1115 485 1149; x_wconf 92' lang='lat' dir='ltr'>Cum</span> <span class='ocrx_word' id='word_1_125' title='bbox 506 1115 628 1160; x_wconf 90' lang='lat' dir='ltr'>itaque</span> <span class='ocrx_word' id='word_1_126' title='bbox 649 1115 694 1148; x_wconf 92' lang='lat' dir='ltr'>de</span> <span class='ocrx_word' id='word_1_127' title='bbox 714 1115 873 1161; x_wconf 84' lang='lat' dir='ltr'>singulis</span> <span class='ocrx_word' id='word_1_128' title='bbox 894 1115 1093 1160; x_wconf 91' lang='lat' dir='ltr'>provinciis</span> <span class='ocrx_word' id='word_1_129' title='bbox 1114 1114 1236 1161; x_wconf 91' lang='lat' dir='ltr'>puelle</span> <span class='ocrx_word' id='word_1_130' title='bbox 1257 1115 1424 1160; x_wconf 89' lang='lat' dir='ltr'>speciose</span> <span class='ocrx_word' id='word_1_131' title='bbox 1445 1127 1485 1148; x_wconf 92' lang='lat' dir='ltr'>ac</span> <span class='ocrx_word' id='word_1_132' title='bbox 1505 1115 1669 1160; x_wconf 86' lang='lat' dir='ltr'>virgines</span> <span class='ocrx_word' id='word_1_133' title='bbox 1690 1127 1756 1160; x_wconf 91' lang='lat' dir='ltr'>pro</span> <span class='ocrx_word' id='word_1_134' title='bbox 1777 1127 1864 1161; x_wconf 89' lang='lat' dir='ltr'>rege</span> <span class='ocrx_word' id='word_1_135' title='bbox 1884 1115 2061 1157; x_wconf 86' lang='lat' dir='ltr'>Assuero,</span> <span class='ocrx_word' id='word_1_136' title='bbox 2091 1116 2153 1161; x_wconf 92' lang='lat' dir='ltr'>qui</span> 
     </span>
     <span class='ocr_line' id='line_1_13' title="bbox 273 1179 2154 1228; baseline 0.001 -13"><span class='ocrx_word' id='word_1_137' title='bbox 273 1181 460 1216; x_wconf 88' lang='lat' dir='ltr'>beatitudo</span> <span class='ocrx_word' id='word_1_138' title='bbox 481 1182 625 1223; x_wconf 86' lang='lat' dir='ltr'>dicitur,</span> <span class='ocrx_word' id='word_1_139' title='bbox 648 1194 713 1228; x_wconf 89' lang='lat' dir='ltr'>per</span> <span class='ocrx_word' id='word_1_140' title='bbox 732 1181 882 1215; x_wconf 87' lang='lat' dir='ltr'>ancillas</span> <span class='ocrx_word' id='word_1_141' title='bbox 903 1181 1007 1227; x_wconf 92' lang='lat' dir='ltr'>queri</span> <span class='ocrx_word' id='word_1_142' title='bbox 1035 1181 1193 1215; x_wconf 87' lang='lat' dir='ltr'>debeant</span> <span class='ocrx_word' id='word_1_143' title='bbox 1217 1188 1253 1215; x_wconf 89' lang='lat' dir='ltr'>et</span> <span class='ocrx_word' id='word_1_144' title='bbox 1278 1181 1410 1215; x_wconf 88' lang='lat' dir='ltr'>adduci</span> <span class='ocrx_word' id='word_1_145' title='bbox 1430 1181 1475 1214; x_wconf 90' lang='lat' dir='ltr'>ad</span> <span class='ocrx_word' id='word_1_146' title='bbox 1501 1193 1619 1214; x_wconf 89' lang='lat' dir='ltr'>arcem</span> <span class='ocrx_word' id='word_1_147' title='bbox 1642 1179 1677 1215; x_wconf 86' lang='lat' dir='ltr'>et</span> <span class='ocrx_word' id='word_1_148' title='bbox 1697 1181 1815 1214; x_wconf 89' lang='lat' dir='ltr'>menia</span> <span class='ocrx_word' id='word_1_149' title='bbox 1835 1181 2003 1223; x_wconf 86' lang='lat' dir='ltr'>civitatis,</span> <span class='ocrx_word' id='word_1_150' title='bbox 2033 1189 2069 1216; x_wconf 90' lang='lat' dir='ltr'>et</span> <span class='ocrx_word' id='word_1_151' title='bbox 2089 1195 2154 1228; x_wconf 91' lang='lat' dir='ltr'>per</span> 
     </span>
     <span class='ocr_line' id='line_1_14' title="bbox 273 1247 2153 1295; baseline 0 -13"><span class='ocrx_word' id='word_1_152' title='bbox 273 1261 418 1282; x_wconf 90' lang='lat' dir='ltr'>manum</span> <span class='ocrx_word' id='word_1_153' title='bbox 437 1249 557 1295; x_wconf 84' lang='lat' dir='ltr'>Aggei</span> <span class='ocrx_word' id='word_1_154' title='bbox 579 1249 754 1282; x_wconf 90' lang='lat' dir='ltr'>mundum</span> <span class='ocrx_word' id='word_1_155' title='bbox 776 1248 991 1282; x_wconf 87' lang='lat' dir='ltr'>muliebrem</span> <span class='ocrx_word' id='word_1_156' title='bbox 1019 1248 1197 1294; x_wconf 90' lang='lat' dir='ltr'>accipere,</span> <span class='ocrx_word' id='word_1_157' title='bbox 1226 1248 1518 1282; x_wconf 88' lang='lat' dir='ltr'>necessariorum</span> <span class='ocrx_word' id='word_1_158' title='bbox 1539 1247 1711 1281; x_wconf 89' lang='lat' dir='ltr'>videlicet</span> <span class='ocrx_word' id='word_1_159' title='bbox 1735 1248 1956 1290; x_wconf 88' lang='lat' dir='ltr'>fulcimenta,</span> <span class='ocrx_word' id='word_1_160' title='bbox 1983 1248 2153 1282; x_wconf 87' lang='lat' dir='ltr'>volumus</span> 
     </span>
     <span class='ocr_line' id='line_1_15' title="bbox 273 1314 2153 1361; baseline 0 -12"><span class='ocrx_word' id='word_1_161' title='bbox 273 1322 310 1349; x_wconf 88' lang='lat' dir='ltr'>et</span> <span class='ocrx_word' id='word_1_162' title='bbox 336 1315 549 1350; x_wconf 87' lang='lat' dir='ltr'>mandamus</span> <span class='ocrx_word' id='word_1_163' title='bbox 580 1322 619 1348; x_wconf 91' lang='lat' dir='ltr'>ut</span> <span class='ocrx_word' id='word_1_164' title='bbox 643 1322 815 1348; x_wconf 87' lang='lat' dir='ltr'>statutum</span> <span class='ocrx_word' id='word_1_165' title='bbox 842 1315 878 1348; x_wconf 92' lang='lat' dir='ltr'>in</span> <span class='ocrx_word' id='word_1_166' title='bbox 906 1315 1072 1349; x_wconf 89' lang='lat' dir='ltr'>Concilio</span> <span class='ocrx_word' id='word_1_167' title='bbox 1099 1314 1262 1360; x_wconf 89' lang='lat' dir='ltr'>generali</span> <span class='ocrx_word' id='word_1_168' title='bbox 1283 1315 1329 1348; x_wconf 93' lang='lat' dir='ltr'>de</span> <span class='ocrx_word' id='word_1_169' title='bbox 1356 1315 1541 1360; x_wconf 87' lang='lat' dir='ltr'>magistris</span> <span class='ocrx_word' id='word_1_170' title='bbox 1569 1314 1751 1360; x_wconf 86' lang='lat' dir='ltr'>theologis</span> <span class='ocrx_word' id='word_1_171' title='bbox 1779 1327 1844 1360; x_wconf 88' lang='lat' dir='ltr'>per</span> <span class='ocrx_word' id='word_1_172' title='bbox 1877 1315 2043 1361; x_wconf 84' lang='lat' dir='ltr'>singulas</span> <span class='ocrx_word' id='word_1_173' title='bbox 2078 1328 2153 1349; x_wconf 90' lang='lat' dir='ltr'>me-</span> 
     </span>
     <span class='ocr_line' id='line_1_16' title="bbox 271 1381 2151 1428; baseline -0.001 -12"><span class='ocrx_word' id='word_1_174' title='bbox 271 1381 434 1428; x_wconf 89' lang='lat' dir='ltr'>tropoles</span> <span class='ocrx_word' id='word_1_175' title='bbox 472 1381 675 1415; x_wconf 86' lang='lat' dir='ltr'>statuendis</span> <span class='ocrx_word' id='word_1_176' title='bbox 714 1381 973 1415; x_wconf 90' lang='lat' dir='ltr'>inviolabiliter</span> <span class='ocrx_word' id='word_1_177' title='bbox 1008 1382 1237 1423; x_wconf 78' lang='lat' dir='ltr'>observetur,</span> <span class='ocrx_word' id='word_1_178' title='bbox 1276 1381 1517 1414; x_wconf 87' lang='lat' dir='ltr'>decernentes</span> <span class='ocrx_word' id='word_1_179' title='bbox 1554 1381 1705 1426; x_wconf 90' lang='lat' dir='ltr'>insuper</span> <span class='ocrx_word' id='word_1_180' title='bbox 1739 1382 1784 1414; x_wconf 90' lang='lat' dir='ltr'>de</span> <span class='ocrx_word' id='word_1_181' title='bbox 1815 1382 1971 1415; x_wconf 89' lang='lat' dir='ltr'>consilio</span> <span class='ocrx_word' id='word_1_182' title='bbox 2002 1383 2151 1416; x_wconf 87' lang='lat' dir='ltr'>fratrum</span> 
     </span>
     <span class='ocr_line' id='line_1_17' title="bbox 271 1447 2152 1495; baseline -0.001 -12"><span class='ocrx_word' id='word_1_183' title='bbox 271 1455 480 1483; x_wconf 88' lang='lat' dir='ltr'>nostrorum</span> <span class='ocrx_word' id='word_1_184' title='bbox 501 1461 542 1483; x_wconf 89' lang='lat' dir='ltr'>ac</span> <span class='ocrx_word' id='word_1_185' title='bbox 562 1449 726 1482; x_wconf 89' lang='lat' dir='ltr'>districte</span> <span class='ocrx_word' id='word_1_186' title='bbox 748 1449 985 1495; x_wconf 89' lang='lat' dir='ltr'>precipiendo</span> <span class='ocrx_word' id='word_1_187' title='bbox 1006 1448 1232 1490; x_wconf 76' lang='lat' dir='ltr'>mandantes,</span> <span class='ocrx_word' id='word_1_188' title='bbox 1255 1455 1294 1481; x_wconf 92' lang='lat' dir='ltr'>ut</span> <span class='ocrx_word' id='word_1_189' title='bbox 1314 1448 1397 1493; x_wconf 90' lang='lat' dir='ltr'>quia</span> <span class='ocrx_word' id='word_1_190' title='bbox 1418 1460 1530 1493; x_wconf 90' lang='lat' dir='ltr'>super</span> <span class='ocrx_word' id='word_1_191' title='bbox 1550 1447 1617 1481; x_wconf 91' lang='lat' dir='ltr'>hoc</span> <span class='ocrx_word' id='word_1_192' title='bbox 1640 1455 1788 1493; x_wconf 88' lang='lat' dir='ltr'>propter</span> <span class='ocrx_word' id='word_1_193' title='bbox 1816 1449 1995 1482; x_wconf 88' lang='lat' dir='ltr'>raritatem</span> <span class='ocrx_word' id='word_1_194' title='bbox 2018 1449 2152 1495; x_wconf 88' lang='lat' dir='ltr'>magis-</span> 
     </span>
     <span class='ocr_line' id='line_1_18' title="bbox 271 1514 2152 1561; baseline 0 -12"><span class='ocrx_word' id='word_1_195' title='bbox 271 1522 409 1550; x_wconf 90' lang='lat' dir='ltr'>trorum</span> <span class='ocrx_word' id='word_1_196' title='bbox 448 1527 488 1549; x_wconf 90' lang='lat' dir='ltr'>se</span> <span class='ocrx_word' id='word_1_197' title='bbox 526 1522 680 1561; x_wconf 82' lang='lat' dir='ltr'>possent</span> <span class='ocrx_word' id='word_1_198' title='bbox 716 1515 828 1561; x_wconf 88' lang='lat' dir='ltr'>aliqui</span> <span class='ocrx_word' id='word_1_199' title='bbox 866 1515 1018 1549; x_wconf 85' lang='lat' dir='ltr'>forsitan</span> <span class='ocrx_word' id='word_1_200' title='bbox 1057 1527 1244 1556; x_wconf 87' lang='lat' dir='ltr'>excusare,</span> <span class='ocrx_word' id='word_1_201' title='bbox 1285 1514 1329 1548; x_wconf 92' lang='lat' dir='ltr'>ab</span> <span class='ocrx_word' id='word_1_202' title='bbox 1369 1514 1604 1548; x_wconf 89' lang='lat' dir='ltr'>ecclesiarum</span> <span class='ocrx_word' id='word_1_203' title='bbox 1646 1514 1794 1560; x_wconf 89' lang='lat' dir='ltr'>prelatis</span> <span class='ocrx_word' id='word_1_204' title='bbox 1832 1521 1868 1548; x_wconf 88' lang='lat' dir='ltr'>et</span> <span class='ocrx_word' id='word_1_205' title='bbox 1905 1515 2073 1560; x_wconf 89' lang='lat' dir='ltr'>capitulis</span> <span class='ocrx_word' id='word_1_206' title='bbox 2107 1516 2152 1549; x_wconf 85' lang='lat' dir='ltr'>ad</span> 
     </span>
     <span class='ocr_line' id='line_1_19' title="bbox 272 1581 2151 1628; baseline -0.001 -12"><span class='ocrx_word' id='word_1_207' title='bbox 272 1582 478 1628; x_wconf 81' lang='lat' dir='ltr'>theologice</span> <span class='ocrx_word' id='word_1_208' title='bbox 498 1582 741 1628; x_wconf 82' lang='lat' dir='ltr'>professionis</span> <span class='ocrx_word' id='word_1_209' title='bbox 762 1582 922 1615; x_wconf 90' lang='lat' dir='ltr'>studium</span> <span class='ocrx_word' id='word_1_210' title='bbox 943 1581 1056 1627; x_wconf 87' lang='lat' dir='ltr'>aliqui</span> <span class='ocrx_word' id='word_1_211' title='bbox 1083 1581 1262 1615; x_wconf 91' lang='lat' dir='ltr'>docibiles</span> <span class='ocrx_word' id='word_1_212' title='bbox 1283 1581 1526 1622; x_wconf 88' lang='lat' dir='ltr'>destinentur,</span> <span class='ocrx_word' id='word_1_213' title='bbox 1553 1581 1615 1626; x_wconf 93' lang='lat' dir='ltr'>qui</span> <span class='ocrx_word' id='word_1_214' title='bbox 1636 1593 1716 1614; x_wconf 90' lang='lat' dir='ltr'>cum</span> <span class='ocrx_word' id='word_1_215' title='bbox 1739 1581 1836 1614; x_wconf 91' lang='lat' dir='ltr'>docti</span> <span class='ocrx_word' id='word_1_216' title='bbox 1857 1581 2003 1623; x_wconf 83' lang='lat' dir='ltr'>fuerint,</span> <span class='ocrx_word' id='word_1_217' title='bbox 2026 1582 2064 1614; x_wconf 92' lang='lat' dir='ltr'>in</span> <span class='ocrx_word' id='word_1_218' title='bbox 2085 1582 2151 1615; x_wconf 92' lang='lat' dir='ltr'>Dei</span> 
     </span>
     <span class='ocr_line' id='line_1_20' title="bbox 271 1647 2150 1695; baseline -0.001 -12"><span class='ocrx_word' id='word_1_219' title='bbox 271 1649 426 1683; x_wconf 90' lang='lat' dir='ltr'>ecclesia</span> <span class='ocrx_word' id='word_1_220' title='bbox 454 1649 555 1684; x_wconf 89' lang='lat' dir='ltr'>velut</span> <span class='ocrx_word' id='word_1_221' title='bbox 586 1649 763 1695; x_wconf 89' lang='lat' dir='ltr'>splendor</span> <span class='ocrx_word' id='word_1_222' title='bbox 791 1649 955 1695; x_wconf 78' lang='lat' dir='ltr'>fulgeant</span> <span class='ocrx_word' id='word_1_223' title='bbox 983 1649 1212 1691; x_wconf 82' lang='lat' dir='ltr'>firmamenti,</span> <span class='ocrx_word' id='word_1_224' title='bbox 1244 1661 1288 1682; x_wconf 87' lang='lat' dir='ltr'>ex</span> <span class='ocrx_word' id='word_1_225' title='bbox 1317 1648 1452 1694; x_wconf 89' lang='lat' dir='ltr'>quibus</span> <span class='ocrx_word' id='word_1_226' title='bbox 1481 1647 1713 1693; x_wconf 90' lang='lat' dir='ltr'>postmodum</span> <span class='ocrx_word' id='word_1_227' title='bbox 1745 1648 1848 1693; x_wconf 89' lang='lat' dir='ltr'>copia</span> <span class='ocrx_word' id='word_1_228' title='bbox 1876 1649 1994 1694; x_wconf 85' lang='lat' dir='ltr'>possit</span> <span class='ocrx_word' id='word_1_229' title='bbox 2025 1648 2150 1682; x_wconf 89' lang='lat' dir='ltr'>haberi</span> 
     </span>
     <span class='ocr_line' id='line_1_21' title="bbox 271 1715 2150 1762; baseline -0.001 -12"><span class='ocrx_word' id='word_1_230' title='bbox 271 1716 474 1758; x_wconf 88' lang='lat' dir='ltr'>doctorum,</span> <span class='ocrx_word' id='word_1_231' title='bbox 502 1716 564 1762; x_wconf 92' lang='lat' dir='ltr'>qui</span> <span class='ocrx_word' id='word_1_232' title='bbox 591 1716 691 1751; x_wconf 87' lang='lat' dir='ltr'>velut</span> <span class='ocrx_word' id='word_1_233' title='bbox 716 1716 822 1751; x_wconf 89' lang='lat' dir='ltr'>stelle</span> <span class='ocrx_word' id='word_1_234' title='bbox 850 1716 887 1750; x_wconf 93' lang='lat' dir='ltr'>in</span> <span class='ocrx_word' id='word_1_235' title='bbox 915 1723 1110 1762; x_wconf 88' lang='lat' dir='ltr'>perpetuas</span> <span class='ocrx_word' id='word_1_236' title='bbox 1131 1716 1341 1750; x_wconf 89' lang='lat' dir='ltr'>eternitates</span> <span class='ocrx_word' id='word_1_237' title='bbox 1362 1715 1524 1749; x_wconf 89' lang='lat' dir='ltr'>mansuri</span> <span class='ocrx_word' id='word_1_238' title='bbox 1545 1715 1590 1748; x_wconf 91' lang='lat' dir='ltr'>ad</span> <span class='ocrx_word' id='word_1_239' title='bbox 1610 1715 1788 1760; x_wconf 90' lang='lat' dir='ltr'>justitiam</span> <span class='ocrx_word' id='word_1_240' title='bbox 1810 1715 1953 1749; x_wconf 89' lang='lat' dir='ltr'>valeant</span> <span class='ocrx_word' id='word_1_241' title='bbox 1973 1715 2150 1761; x_wconf 85' lang='lat' dir='ltr'>plurimos</span> 
     </span>
     <span class='ocr_line' id='line_1_22' title="bbox 270 1782 2150 1830; baseline -0.001 -13"><span class='ocrx_word' id='word_1_242' title='bbox 270 1784 439 1825; x_wconf 77' lang='lat' dir='ltr'>erudire3</span> <span class='ocrx_word' id='word_1_243' title='bbox 468 1783 602 1829; x_wconf 84' lang='lat' dir='ltr'>quibus</span> <span class='ocrx_word' id='word_1_244' title='bbox 629 1784 662 1817; x_wconf 90' lang='lat' dir='ltr'>si</span> <span class='ocrx_word' id='word_1_245' title='bbox 689 1784 827 1830; x_wconf 91' lang='lat' dir='ltr'>proprii</span> <span class='ocrx_word' id='word_1_246' title='bbox 853 1790 1053 1830; x_wconf 84' lang='lat' dir='ltr'>proventus</span> <span class='ocrx_word' id='word_1_247' title='bbox 1080 1783 1320 1817; x_wconf 86' lang='lat' dir='ltr'>ecclesiastici</span> <span class='ocrx_word' id='word_1_248' title='bbox 1348 1795 1421 1816; x_wconf 92' lang='lat' dir='ltr'>non</span> <span class='ocrx_word' id='word_1_249' title='bbox 1447 1782 1643 1823; x_wconf 83' lang='lat' dir='ltr'>sufficiunt,</span> <span class='ocrx_word' id='word_1_250' title='bbox 1666 1782 1820 1828; x_wconf 87' lang='lat' dir='ltr'>predicti</span> <span class='ocrx_word' id='word_1_251' title='bbox 1841 1783 2046 1816; x_wconf 87' lang='lat' dir='ltr'>necessaria</span> <span class='ocrx_word' id='word_1_252' title='bbox 2068 1783 2150 1816; x_wconf 90' lang='lat' dir='ltr'>sub-</span> 
     </span>
     <span class='ocr_line' id='line_1_23' title="bbox 269 1849 2150 1896; baseline -0.001 -12"><span class='ocrx_word' id='word_1_253' title='bbox 269 1851 494 1892; x_wconf 82' lang='lat' dir='ltr'>ministrent3</span> <span class='ocrx_word' id='word_1_254' title='bbox 525 1850 700 1884; x_wconf 88' lang='lat' dir='ltr'>docentes</span> <span class='ocrx_word' id='word_1_255' title='bbox 731 1862 818 1884; x_wconf 88' lang='lat' dir='ltr'>vero</span> <span class='ocrx_word' id='word_1_256' title='bbox 846 1851 883 1884; x_wconf 91' lang='lat' dir='ltr'>in</span> <span class='ocrx_word' id='word_1_257' title='bbox 910 1850 1115 1896; x_wconf 85' lang='lat' dir='ltr'>theologica</span> <span class='ocrx_word' id='word_1_258' title='bbox 1142 1850 1322 1890; x_wconf 83' lang='lat' dir='ltr'>facultate,</span> <span class='ocrx_word' id='word_1_259' title='bbox 1351 1849 1435 1883; x_wconf 89' lang='lat' dir='ltr'>dum</span> <span class='ocrx_word' id='word_1_260' title='bbox 1464 1849 1501 1882; x_wconf 89' lang='lat' dir='ltr'>in</span> <span class='ocrx_word' id='word_1_261' title='bbox 1528 1849 1640 1882; x_wconf 83' lang='lat' dir='ltr'>scolis</span> <span class='ocrx_word' id='word_1_262' title='bbox 1667 1849 1870 1890; x_wconf 88' lang='lat' dir='ltr'>docuerint,</span> <span class='ocrx_word' id='word_1_263' title='bbox 1900 1856 1935 1882; x_wconf 91' lang='lat' dir='ltr'>et</span> <span class='ocrx_word' id='word_1_264' title='bbox 1960 1850 2150 1883; x_wconf 88' lang='lat' dir='ltr'>studentes</span> 
     </span>
     <span class='ocr_line' id='line_1_24' title="bbox 268 1915 2150 1964; baseline -0.001 -13"><span class='ocrx_word' id='word_1_265' title='bbox 268 1918 306 1951; x_wconf 92' lang='lat' dir='ltr'>in</span> <span class='ocrx_word' id='word_1_266' title='bbox 326 1917 405 1963; x_wconf 88' lang='lat' dir='ltr'>ipsa</span> <span class='ocrx_word' id='word_1_267' title='bbox 425 1917 568 1964; x_wconf 86' lang='lat' dir='ltr'>integre</span> <span class='ocrx_word' id='word_1_268' title='bbox 594 1929 659 1963; x_wconf 88' lang='lat' dir='ltr'>per</span> <span class='ocrx_word' id='word_1_269' title='bbox 684 1929 800 1951; x_wconf 88' lang='lat' dir='ltr'>annos</span> <span class='ocrx_word' id='word_1_270' title='bbox 828 1917 989 1963; x_wconf 87' lang='lat' dir='ltr'>quinque</span> <span class='ocrx_word' id='word_1_271' title='bbox 1018 1917 1220 1963; x_wconf 87' lang='lat' dir='ltr'>percipiant</span> <span class='ocrx_word' id='word_1_272' title='bbox 1246 1917 1291 1950; x_wconf 91' lang='lat' dir='ltr'>de</span> <span class='ocrx_word' id='word_1_273' title='bbox 1318 1916 1463 1950; x_wconf 91' lang='lat' dir='ltr'>licentia</span> <span class='ocrx_word' id='word_1_274' title='bbox 1489 1916 1589 1949; x_wconf 87' lang='lat' dir='ltr'>sedis</span> <span class='ocrx_word' id='word_1_275' title='bbox 1616 1915 1815 1961; x_wconf 89' lang='lat' dir='ltr'>apostolice</span> <span class='ocrx_word' id='word_1_276' title='bbox 1844 1923 2043 1961; x_wconf 90' lang='lat' dir='ltr'>proventus</span> <span class='ocrx_word' id='word_1_277' title='bbox 2069 1929 2150 1962; x_wconf 91' lang='lat' dir='ltr'>pre-</span> 
     </span>
     <span class='ocr_line' id='line_1_25' title="bbox 268 1983 2147 2029; baseline -0.001 -11"><span class='ocrx_word' id='word_1_278' title='bbox 268 1983 469 2018; x_wconf 90' lang='lat' dir='ltr'>bendarum</span> <span class='ocrx_word' id='word_1_279' title='bbox 491 1990 527 2018; x_wconf 90' lang='lat' dir='ltr'>et</span> <span class='ocrx_word' id='word_1_280' title='bbox 545 1983 808 2018; x_wconf 88' lang='lat' dir='ltr'>beneficiorum</span> <span class='ocrx_word' id='word_1_281' title='bbox 829 1996 992 2026; x_wconf 76' lang='lat' dir='ltr'>suorum,</span> <span class='ocrx_word' id='word_1_282' title='bbox 1016 1996 1089 2018; x_wconf 93' lang='lat' dir='ltr'>non</span> <span class='ocrx_word' id='word_1_283' title='bbox 1110 1983 1277 2018; x_wconf 87' lang='lat' dir='ltr'>obstante</span> <span class='ocrx_word' id='word_1_284' title='bbox 1297 1983 1416 2029; x_wconf 86' lang='lat' dir='ltr'>aliqua</span> <span class='ocrx_word' id='word_1_285' title='bbox 1437 1983 1616 2016; x_wconf 85' lang='lat' dir='ltr'>contraria</span> <span class='ocrx_word' id='word_1_286' title='bbox 1637 1983 1904 2016; x_wconf 90' lang='lat' dir='ltr'>consuetudine</span> <span class='ocrx_word' id='word_1_287' title='bbox 1923 1983 1980 2016; x_wconf 91' lang='lat' dir='ltr'>vel</span> <span class='ocrx_word' id='word_1_288' title='bbox 2001 1990 2147 2025; x_wconf 87' lang='lat' dir='ltr'>statuto,</span> 
     </span>
     <span class='ocr_line' id='line_1_26' title="bbox 268 2050 2149 2096; baseline -0.001 -11"><span class='ocrx_word' id='word_1_289' title='bbox 268 2063 348 2085; x_wconf 90' lang='lat' dir='ltr'>cum</span> <span class='ocrx_word' id='word_1_290' title='bbox 385 2051 535 2085; x_wconf 79' lang='lat' dir='ltr'>denario</span> <span class='ocrx_word' id='word_1_291' title='bbox 569 2051 728 2085; x_wconf 85' lang='lat' dir='ltr'>fraudari</span> <span class='ocrx_word' id='word_1_292' title='bbox 755 2063 830 2085; x_wconf 90' lang='lat' dir='ltr'>non</span> <span class='ocrx_word' id='word_1_293' title='bbox 857 2051 1014 2085; x_wconf 87' lang='lat' dir='ltr'>debeant</span> <span class='ocrx_word' id='word_1_294' title='bbox 1042 2051 1080 2084; x_wconf 91' lang='lat' dir='ltr'>in</span> <span class='ocrx_word' id='word_1_295' title='bbox 1109 2051 1214 2084; x_wconf 88' lang='lat' dir='ltr'>vinea</span> <span class='ocrx_word' id='word_1_296' title='bbox 1248 2051 1394 2084; x_wconf 90' lang='lat' dir='ltr'>Domini</span> <span class='ocrx_word' id='word_1_297' title='bbox 1427 2056 1632 2096; x_wconf 87' lang='lat' dir='ltr'>operantes.</span> <span class='ocrx_word' id='word_1_298' title='bbox 1670 2051 1746 2083; x_wconf 83' lang='lat' dir='ltr'>Hoc</span> <span class='ocrx_word' id='word_1_299' title='bbox 1780 2057 1898 2083; x_wconf 90' lang='lat' dir='ltr'>autem</span> <span class='ocrx_word' id='word_1_300' title='bbox 1930 2050 2149 2084; x_wconf 89' lang='lat' dir='ltr'>inconcusse</span> 
     </span>
     <span class='ocr_line' id='line_1_27' title="bbox 267 2116 2148 2164; baseline -0.001 -12"><span class='ocrx_word' id='word_1_301' title='bbox 267 2117 438 2152; x_wconf 87' lang='lat' dir='ltr'>volumus</span> <span class='ocrx_word' id='word_1_302' title='bbox 457 2117 658 2159; x_wconf 87' lang='lat' dir='ltr'>observari,</span> <span class='ocrx_word' id='word_1_303' title='bbox 688 2117 839 2152; x_wconf 82' lang='lat' dir='ltr'>firmiter</span> <span class='ocrx_word' id='word_1_304' title='bbox 867 2118 1118 2164; x_wconf 75' lang='lat' dir='ltr'>disponentes,</span> <span class='ocrx_word' id='word_1_305' title='bbox 1141 2118 1240 2163; x_wconf 90' lang='lat' dir='ltr'>quod</span> <span class='ocrx_word' id='word_1_306' title='bbox 1260 2118 1433 2151; x_wconf 88' lang='lat' dir='ltr'>feriamus</span> <span class='ocrx_word' id='word_1_307' title='bbox 1461 2129 1552 2163; x_wconf 86' lang='lat' dir='ltr'>pena</span> <span class='ocrx_word' id='word_1_308' title='bbox 1578 2116 1699 2150; x_wconf 86' lang='lat' dir='ltr'>debita</span> <span class='ocrx_word' id='word_1_309' title='bbox 1721 2123 2027 2162; x_wconf 87' lang='lat' dir='ltr'>transgressores.</span> <span class='ocrx_word' id='word_1_310' title='bbox 2056 2119 2148 2151; x_wconf 84' lang='lat' dir='ltr'>Sane</span> 
     </span>
     <span class='ocr_line' id='line_1_28' title="bbox 268 2183 2147 2231; baseline -0.001 -12"><span class='ocrx_word' id='word_1_311' title='bbox 268 2184 354 2219; x_wconf 85' lang='lat' dir='ltr'>licet</span> <span class='ocrx_word' id='word_1_312' title='bbox 377 2184 485 2219; x_wconf 77' lang='lat' dir='ltr'>fallax</span> <span class='ocrx_word' id='word_1_313' title='bbox 510 2185 558 2219; x_wconf 81' lang='lat' dir='ltr'>sit</span> <span class='ocrx_word' id='word_1_314' title='bbox 583 2185 697 2231; x_wconf 85' lang='lat' dir='ltr'>gratia</span> <span class='ocrx_word' id='word_1_315' title='bbox 727 2192 928 2219; x_wconf 87' lang='lat' dir='ltr'>ceterarum</span> <span class='ocrx_word' id='word_1_316' title='bbox 959 2185 1192 2219; x_wconf 88' lang='lat' dir='ltr'>scientiarum</span> <span class='ocrx_word' id='word_1_317' title='bbox 1223 2191 1260 2218; x_wconf 90' lang='lat' dir='ltr'>et</span> <span class='ocrx_word' id='word_1_318' title='bbox 1286 2196 1376 2218; x_wconf 87' lang='lat' dir='ltr'>vana</span> <span class='ocrx_word' id='word_1_319' title='bbox 1406 2184 1511 2218; x_wconf 90' lang='lat' dir='ltr'>etiam</span> <span class='ocrx_word' id='word_1_320' title='bbox 1540 2183 1786 2230; x_wconf 89' lang='lat' dir='ltr'>pulchritudo,</span> <span class='ocrx_word' id='word_1_321' title='bbox 1818 2196 1899 2217; x_wconf 90' lang='lat' dir='ltr'>cum</span> <span class='ocrx_word' id='word_1_322' title='bbox 1927 2185 2147 2218; x_wconf 88' lang='lat' dir='ltr'>frumentum</span> 
     </span>
     <span class='ocr_line' id='line_1_29' title="bbox 268 2250 2150 2298; baseline -0.001 -13"><span class='ocrx_word' id='word_1_323' title='bbox 268 2251 467 2285; x_wconf 86' lang='lat' dir='ltr'>electorum</span> <span class='ocrx_word' id='word_1_324' title='bbox 495 2258 532 2285; x_wconf 90' lang='lat' dir='ltr'>et</span> <span class='ocrx_word' id='word_1_325' title='bbox 556 2251 680 2286; x_wconf 91' lang='lat' dir='ltr'>vinum</span> <span class='ocrx_word' id='word_1_326' title='bbox 707 2252 919 2298; x_wconf 85' lang='lat' dir='ltr'>germinans</span> <span class='ocrx_word' id='word_1_327' title='bbox 946 2252 1109 2297; x_wconf 88' lang='lat' dir='ltr'>virgines</span> <span class='ocrx_word' id='word_1_328' title='bbox 1132 2253 1233 2297; x_wconf 87' lang='lat' dir='ltr'>juxta</span> <span class='ocrx_word' id='word_1_329' title='bbox 1261 2250 1473 2297; x_wconf 87' lang='lat' dir='ltr'>prophetam</span> <span class='ocrx_word' id='word_1_330' title='bbox 1501 2251 1549 2284; x_wconf 89' lang='lat' dir='ltr'>sit</span> <span class='ocrx_word' id='word_1_331' title='bbox 1575 2250 1711 2284; x_wconf 89' lang='lat' dir='ltr'>bonum</span> <span class='ocrx_word' id='word_1_332' title='bbox 1739 2262 1851 2296; x_wconf 90' lang='lat' dir='ltr'>super</span> <span class='ocrx_word' id='word_1_333' title='bbox 1878 2251 2010 2293; x_wconf 89' lang='lat' dir='ltr'>omnia,</span> <span class='ocrx_word' id='word_1_334' title='bbox 2040 2257 2076 2284; x_wconf 88' lang='lat' dir='ltr'>et</span> <span class='ocrx_word' id='word_1_335' title='bbox 2102 2252 2150 2284; x_wconf 88' lang='lat' dir='ltr'>sit</span> 
     </span>
     <span class='ocr_line' id='line_1_30' title="bbox 268 2316 2147 2364; baseline 0.001 -14"><span class='ocrx_word' id='word_1_336' title='bbox 268 2317 474 2363; x_wconf 89' lang='lat' dir='ltr'>pulchrum,</span> <span class='ocrx_word' id='word_1_337' title='bbox 507 2318 591 2363; x_wconf 87' lang='lat' dir='ltr'>quia</span> <span class='ocrx_word' id='word_1_338' title='bbox 626 2325 744 2352; x_wconf 83' lang='lat' dir='ltr'>tamen</span> <span class='ocrx_word' id='word_1_339' title='bbox 778 2318 968 2364; x_wconf 81' lang='lat' dir='ltr'>regulares</span> <span class='ocrx_word' id='word_1_340' title='bbox 997 2318 1143 2364; x_wconf 89' lang='lat' dir='ltr'>quidam</span> <span class='ocrx_word' id='word_1_341' title='bbox 1173 2317 1366 2352; x_wconf 87' lang='lat' dir='ltr'>claustrale</span> <span class='ocrx_word' id='word_1_342' title='bbox 1396 2317 1582 2351; x_wconf 90' lang='lat' dir='ltr'>silentium</span> <span class='ocrx_word' id='word_1_343' title='bbox 1612 2323 1648 2350; x_wconf 89' lang='lat' dir='ltr'>et</span> <span class='ocrx_word' id='word_1_344' title='bbox 1675 2316 1794 2362; x_wconf 87' lang='lat' dir='ltr'>legem</span> <span class='ocrx_word' id='word_1_345' title='bbox 1830 2317 1975 2350; x_wconf 89' lang='lat' dir='ltr'>Domini</span> <span class='ocrx_word' id='word_1_346' title='bbox 2009 2317 2147 2351; x_wconf 86' lang='lat' dir='ltr'>animas</span> 
     </span>
     <span class='ocr_line' id='line_1_31' title="bbox 267 2383 2147 2431; baseline 0 -13"><span class='ocrx_word' id='word_1_347' title='bbox 267 2390 539 2418; x_wconf 87' lang='lat' dir='ltr'>convertentem</span> <span class='ocrx_word' id='word_1_348' title='bbox 575 2391 611 2418; x_wconf 89' lang='lat' dir='ltr'>et</span> <span class='ocrx_word' id='word_1_349' title='bbox 643 2385 857 2430; x_wconf 84' lang='lat' dir='ltr'>sapientiam</span> <span class='ocrx_word' id='word_1_350' title='bbox 897 2385 1040 2419; x_wconf 89' lang='lat' dir='ltr'>dantem</span> <span class='ocrx_word' id='word_1_351' title='bbox 1083 2385 1256 2431; x_wconf 86' lang='lat' dir='ltr'>parvulis,</span> <span class='ocrx_word' id='word_1_352' title='bbox 1298 2397 1403 2430; x_wconf 92' lang='lat' dir='ltr'>quam</span> <span class='ocrx_word' id='word_1_353' title='bbox 1444 2395 1556 2429; x_wconf 90' lang='lat' dir='ltr'>super</span> <span class='ocrx_word' id='word_1_354' title='bbox 1589 2395 1714 2416; x_wconf 88' lang='lat' dir='ltr'>aurum</span> <span class='ocrx_word' id='word_1_355' title='bbox 1755 2390 1791 2416; x_wconf 87' lang='lat' dir='ltr'>et</span> <span class='ocrx_word' id='word_1_356' title='bbox 1829 2383 1989 2428; x_wconf 88' lang='lat' dir='ltr'>topation</span> <span class='ocrx_word' id='word_1_357' title='bbox 2027 2396 2147 2418; x_wconf 89' lang='lat' dir='ltr'>amare</span> 
     </span>
     <span class='ocr_line' id='line_1_32' title="bbox 268 2450 2146 2497; baseline 0 -13"><span class='ocrx_word' id='word_1_358' title='bbox 268 2450 482 2492; x_wconf 88' lang='lat' dir='ltr'>debuerant,</span> <span class='ocrx_word' id='word_1_359' title='bbox 510 2458 741 2497; x_wconf 82' lang='lat' dir='ltr'>respuentes,</span> <span class='ocrx_word' id='word_1_360' title='bbox 770 2451 907 2486; x_wconf 86' lang='lat' dir='ltr'>abeunt</span> <span class='ocrx_word' id='word_1_361' title='bbox 931 2458 1015 2497; x_wconf 89' lang='lat' dir='ltr'>post</span> <span class='ocrx_word' id='word_1_362' title='bbox 1039 2452 1193 2497; x_wconf 86' lang='lat' dir='ltr'>vestigia</span> <span class='ocrx_word' id='word_1_363' title='bbox 1220 2463 1373 2497; x_wconf 86' lang='lat' dir='ltr'>gregum</span> <span class='ocrx_word' id='word_1_364' title='bbox 1403 2457 1439 2484; x_wconf 88' lang='lat' dir='ltr'>et</span> <span class='ocrx_word' id='word_1_365' title='bbox 1459 2450 1583 2483; x_wconf 89' lang='lat' dir='ltr'>illicite</span> <span class='ocrx_word' id='word_1_366' title='bbox 1611 2461 1651 2483; x_wconf 88' lang='lat' dir='ltr'>se</span> <span class='ocrx_word' id='word_1_367' title='bbox 1677 2455 1894 2483; x_wconf 89' lang='lat' dir='ltr'>convertunt</span> <span class='ocrx_word' id='word_1_368' title='bbox 1921 2450 1965 2483; x_wconf 89' lang='lat' dir='ltr'>ad</span> <span class='ocrx_word' id='word_1_369' title='bbox 1986 2450 2146 2495; x_wconf 85' lang='lat' dir='ltr'>pedisse-</span> 
     </span>
     <span class='ocr_line' id='line_1_33' title="bbox 266 2515 2144 2564; baseline 0 -13"><span class='ocrx_word' id='word_1_370' title='bbox 266 2529 356 2563; x_wconf 87' lang='lat' dir='ltr'>quas</span> <span class='ocrx_word' id='word_1_371' title='bbox 376 2517 662 2564; x_wconf 87' lang='lat' dir='ltr'>amplectendas,</span> <span class='ocrx_word' id='word_1_372' title='bbox 690 2530 760 2564; x_wconf 88' lang='lat' dir='ltr'>que</span> <span class='ocrx_word' id='word_1_373' title='bbox 776 2518 955 2564; x_wconf 67' lang='lat' dir='ltr'>&#39;plausum</span> <span class='ocrx_word' id='word_1_374' title='bbox 976 2518 1188 2552; x_wconf 87' lang='lat' dir='ltr'>desiderant</span> <span class='ocrx_word' id='word_1_375' title='bbox 1208 2517 1438 2564; x_wconf 90' lang='lat' dir='ltr'>populorum,</span> <span class='ocrx_word' id='word_1_376' title='bbox 1468 2523 1592 2550; x_wconf 87' lang='lat' dir='ltr'>contra</span> <span class='ocrx_word' id='word_1_377' title='bbox 1614 2515 1828 2561; x_wconf 20' lang='lat' dir='ltr'>&#39;hujusmodi</span> <span class='ocrx_word' id='word_1_378' title='bbox 1856 2523 2144 2562; x_wconf 86' lang='lat' dir='ltr'>presumptores,</span> 
     </span>
     <span class='ocr_line' id='line_1_34' title="bbox 266 2582 2145 2631; baseline -0.001 -13"><span class='ocrx_word' id='word_1_379' title='bbox 266 2591 442 2618; x_wconf 84' lang='lat' dir='ltr'>exeuntes</span> <span class='ocrx_word' id='word_1_380' title='bbox 461 2585 507 2618; x_wconf 86' lang='lat' dir='ltr'>ad</span> <span class='ocrx_word' id='word_1_381' title='bbox 526 2584 748 2618; x_wconf 88' lang='lat' dir='ltr'>audiendum</span> <span class='ocrx_word' id='word_1_382' title='bbox 770 2585 874 2631; x_wconf 86' lang='lat' dir='ltr'>leges</span> <span class='ocrx_word' id='word_1_383' title='bbox 901 2585 959 2619; x_wconf 87' lang='lat' dir='ltr'>vel</span> <span class='ocrx_word' id='word_1_384' title='bbox 987 2584 1184 2631; x_wconf 80' lang='lat' dir='ltr'>physicam,</span> <span class='ocrx_word' id='word_1_385' title='bbox 1212 2584 1330 2618; x_wconf 88' lang='lat' dir='ltr'>felicis</span> <span class='ocrx_word' id='word_1_386' title='bbox 1358 2583 1532 2617; x_wconf 87' lang='lat' dir='ltr'>memorie</span> <span class='ocrx_word' id='word_1_387' title='bbox 1557 2583 1622 2616; x_wconf 85' lang='lat' dir='ltr'>A.¹</span> <span class='ocrx_word' id='word_1_388' title='bbox 1651 2582 1893 2628; x_wconf 88' lang='lat' dir='ltr'>predecessor</span> <span class='ocrx_word' id='word_1_389' title='bbox 1914 2590 2039 2617; x_wconf 88' lang='lat' dir='ltr'>noster</span> <span class='ocrx_word' id='word_1_390' title='bbox 2059 2583 2145 2617; x_wconf 91' lang='lat' dir='ltr'>olim</span> 
     </span>
     <span class='ocr_line' id='line_1_35' title="bbox 265 2649 2144 2695; baseline 0 -11"><span class='ocrx_word' id='word_1_391' title='bbox 265 2651 391 2685; x_wconf 85' lang='lat' dir='ltr'>statuit</span> <span class='ocrx_word' id='word_1_392' title='bbox 419 2650 456 2684; x_wconf 91' lang='lat' dir='ltr'>in</span> <span class='ocrx_word' id='word_1_393' title='bbox 485 2651 652 2686; x_wconf 90' lang='lat' dir='ltr'>Concilio</span> <span class='ocrx_word' id='word_1_394' title='bbox 682 2652 902 2693; x_wconf 89' lang='lat' dir='ltr'>Turonensi,</span> <span class='ocrx_word' id='word_1_395' title='bbox 935 2666 952 2684; x_wconf 93' lang='lat'>«</span> <span class='ocrx_word' id='word_1_396' title='bbox 984 2658 1023 2685; x_wconf 89' lang='lat' dir='ltr'>ut</span> <span class='ocrx_word' id='word_1_397' title='bbox 1055 2651 1127 2685; x_wconf 86' lang='lat' dir='ltr'>nisi</span> <span class='ocrx_word' id='word_1_398' title='bbox 1161 2651 1252 2684; x_wconf 86' lang='lat' dir='ltr'>infra</span> <span class='ocrx_word' id='word_1_399' title='bbox 1286 2650 1441 2684; x_wconf 87' lang='lat' dir='ltr'>duorum</span> <span class='ocrx_word' id='word_1_400' title='bbox 1473 2649 1652 2683; x_wconf 90' lang='lat' dir='ltr'>mensium</span> <span class='ocrx_word' id='word_1_401' title='bbox 1683 2649 1838 2695; x_wconf 85' lang='lat' dir='ltr'>spatium</span> <span class='ocrx_word' id='word_1_402' title='bbox 1869 2649 1914 2683; x_wconf 91' lang='lat' dir='ltr'>ad</span> <span class='ocrx_word' id='word_1_403' title='bbox 1947 2649 2144 2684; x_wconf 84' lang='lat' dir='ltr'>claustrum</span> 
     </span>
     <span class='ocr_line' id='line_1_36' title="bbox 266 2715 2145 2762; baseline 0.001 -12"><span class='ocrx_word' id='word_1_404' title='bbox 266 2716 454 2760; x_wconf 89' lang='lat' dir='ltr'>redierint,</span> <span class='ocrx_word' id='word_1_405' title='bbox 485 2717 581 2752; x_wconf 86' lang='lat' dir='ltr'>sicut</span> <span class='ocrx_word' id='word_1_406' title='bbox 609 2719 909 2753; x_wconf 88' lang='lat' dir='ltr'>excommunicati</span> <span class='ocrx_word' id='word_1_407' title='bbox 938 2718 984 2752; x_wconf 91' lang='lat' dir='ltr'>ab</span> <span class='ocrx_word' id='word_1_408' title='bbox 1012 2717 1184 2752; x_wconf 87' lang='lat' dir='ltr'>omnibus</span> <span class='ocrx_word' id='word_1_409' title='bbox 1213 2718 1395 2751; x_wconf 87' lang='lat' dir='ltr'>evitentur</span> <span class='ocrx_word' id='word_1_410' title='bbox 1424 2723 1460 2750; x_wconf 92' lang='lat' dir='ltr'>et</span> <span class='ocrx_word' id='word_1_411' title='bbox 1488 2716 1524 2750; x_wconf 94' lang='lat' dir='ltr'>in</span> <span class='ocrx_word' id='word_1_412' title='bbox 1555 2715 1652 2750; x_wconf 83' lang='lat' dir='ltr'>nulla</span> <span class='ocrx_word' id='word_1_413' title='bbox 1682 2728 1802 2757; x_wconf 82' lang='lat' dir='ltr'>causa,</span> <span class='ocrx_word' id='word_1_414' title='bbox 1839 2716 1870 2749; x_wconf 88' lang='lat' dir='ltr'>si</span> <span class='ocrx_word' id='word_1_415' title='bbox 1905 2717 2145 2762; x_wconf 83' lang='lat' dir='ltr'>patrocinium</span> 
     </span>
     <span class='ocr_line' id='line_1_37' title="bbox 266 2782 2144 2829; baseline -0.001 -11"><span class='ocrx_word' id='word_1_416' title='bbox 266 2790 428 2829; x_wconf 81' lang='lat' dir='ltr'>prestare</span> <span class='ocrx_word' id='word_1_417' title='bbox 455 2784 650 2827; x_wconf 81' lang='lat' dir='ltr'>voluerint,</span> <span class='ocrx_word' id='word_1_418' title='bbox 679 2785 884 2820; x_wconf 87' lang='lat' dir='ltr'>audiantur.</span> <span class='ocrx_word' id='word_1_419' title='bbox 915 2786 1065 2820; x_wconf 82' lang='lat' dir='ltr'>Reversi</span> <span class='ocrx_word' id='word_1_420' title='bbox 1091 2792 1210 2819; x_wconf 86' lang='lat' dir='ltr'>autem</span> <span class='ocrx_word' id='word_1_421' title='bbox 1238 2785 1275 2818; x_wconf 88' lang='lat' dir='ltr'>in</span> <span class='ocrx_word' id='word_1_422' title='bbox 1302 2784 1427 2825; x_wconf 89' lang='lat' dir='ltr'>choro,</span> <span class='ocrx_word' id='word_1_423' title='bbox 1456 2782 1626 2829; x_wconf 87' lang='lat' dir='ltr'>capitu10,</span> <span class='ocrx_word' id='word_1_424' title='bbox 1657 2795 1781 2816; x_wconf 85' lang='lat' dir='ltr'>mensa</span> <span class='ocrx_word' id='word_1_425' title='bbox 1808 2789 1844 2817; x_wconf 90' lang='lat' dir='ltr'>et</span> <span class='ocrx_word' id='word_1_426' title='bbox 1869 2784 2002 2817; x_wconf 84' lang='lat' dir='ltr'>ceteris</span> <span class='ocrx_word' id='word_1_427' title='bbox 2028 2784 2144 2817; x_wconf 87' lang='lat' dir='ltr'>ultimi</span> 
     </span>
     <span class='ocr_line' id='line_1_38' title="bbox 264 2850 2144 2897; baseline 0.001 -14"><span class='ocrx_word' id='word_1_428' title='bbox 264 2851 413 2884; x_wconf 87' lang='lat' dir='ltr'>fratrum</span> <span class='ocrx_word' id='word_1_429' title='bbox 441 2851 609 2894; x_wconf 86' lang='lat' dir='ltr'>existant,</span> <span class='ocrx_word' id='word_1_430' title='bbox 638 2859 674 2886; x_wconf 92' lang='lat' dir='ltr'>et</span> <span class='ocrx_word' id='word_1_431' title='bbox 700 2853 772 2886; x_wconf 88' lang='lat' dir='ltr'>nisi</span> <span class='ocrx_word' id='word_1_432' title='bbox 797 2853 890 2887; x_wconf 89' lang='lat' dir='ltr'>forte</span> <span class='ocrx_word' id='word_1_433' title='bbox 917 2865 959 2887; x_wconf 89' lang='lat' dir='ltr'>ex</span> <span class='ocrx_word' id='word_1_434' title='bbox 987 2852 1239 2887; x_wconf 86' lang='lat' dir='ltr'>misericordia</span> <span class='ocrx_word' id='word_1_435' title='bbox 1265 2851 1366 2886; x_wconf 90' lang='lat' dir='ltr'>sedis</span> <span class='ocrx_word' id='word_1_436' title='bbox 1392 2850 1605 2897; x_wconf 87' lang='lat' dir='ltr'>apostolice,</span> <span class='ocrx_word' id='word_1_437' title='bbox 1635 2850 1747 2884; x_wconf 86' lang='lat' dir='ltr'>totius</span> <span class='ocrx_word' id='word_1_438' title='bbox 1775 2862 1876 2896; x_wconf 89' lang='lat' dir='ltr'>spem</span> <span class='ocrx_word' id='word_1_439' title='bbox 1903 2851 2144 2896; x_wconf 83' lang='lat' dir='ltr'>promotionis</span> 
     </span>
     <span class='ocr_line' id='line_1_39' title="bbox 264 2917 2144 2966; baseline 0.001 -16"><span class='ocrx_word' id='word_1_440' title='bbox 264 2917 429 2952; x_wconf 86' lang='lat' dir='ltr'>amittant</span> <span class='ocrx_word' id='word_1_441' title='bbox 447 2932 479 2952; x_wconf 73' lang='lat' dir='ltr'>n.</span> <span class='ocrx_word' id='word_1_442' title='bbox 507 2920 642 2954; x_wconf 87' lang='lat' dir='ltr'>Verum</span> <span class='ocrx_word' id='word_1_443' title='bbox 672 2919 755 2965; x_wconf 86' lang='lat' dir='ltr'>quia</span> <span class='ocrx_word' id='word_1_444' title='bbox 783 2920 950 2954; x_wconf 88' lang='lat' dir='ltr'>nonnulli</span> <span class='ocrx_word' id='word_1_445' title='bbox 976 2932 1020 2954; x_wconf 91' lang='lat' dir='ltr'>ex</span> <span class='ocrx_word' id='word_1_446' title='bbox 1047 2919 1180 2954; x_wconf 87' lang='lat' dir='ltr'>talibus</span> <span class='ocrx_word' id='word_1_447' title='bbox 1200 2925 1348 2966; x_wconf 89' lang='lat' dir='ltr'>propter</span> <span class='ocrx_word' id='word_1_448' title='bbox 1375 2917 1614 2964; x_wconf 89' lang='lat' dir='ltr'>quorumdam</span> <span class='ocrx_word' id='word_1_449' title='bbox 1636 2917 1830 2963; x_wconf 91' lang='lat' dir='ltr'>opiniones</span> <span class='ocrx_word' id='word_1_450' title='bbox 1852 2917 2016 2951; x_wconf 86' lang='lat' dir='ltr'>diversas</span> <span class='ocrx_word' id='word_1_451' title='bbox 2037 2930 2144 2952; x_wconf 87' lang='lat' dir='ltr'>excu-</span> 
     </span>
    </p>
   </div>
   <div class='ocr_carea' id='block_1_4' title="bbox 264 2984 2143 3032">
    <p class='ocr_par' dir='ltr' id='par_1_4' title="bbox 264 2984 2143 3032">
     <span class='ocr_line' id='line_1_40' title="bbox 264 2984 2143 3032; baseline 0.001 -15"><span class='ocrx_word' id='word_1_452' title='bbox 264 2984 418 3019; x_wconf 85' lang='lat' dir='ltr'>sationis</span> <span class='ocrx_word' id='word_1_453' title='bbox 442 2985 580 3032; x_wconf 87' lang='lat' dir='ltr'>aliquid</span> <span class='ocrx_word' id='word_1_454' title='bbox 605 2986 852 3029; x_wconf 75' lang='lat' dir='ltr'>assumebant,</span> <span class='ocrx_word' id='word_1_455' title='bbox 880 2999 949 3021; x_wconf 86' lang='lat' dir='ltr'>nos</span> <span class='ocrx_word' id='word_1_456' title='bbox 975 2987 1141 3021; x_wconf 89' lang='lat' dir='ltr'>volentes</span> <span class='ocrx_word' id='word_1_457' title='bbox 1168 2993 1207 3020; x_wconf 87' lang='lat' dir='ltr'>ut</span> <span class='ocrx_word' id='word_1_458' title='bbox 1233 2985 1324 3020; x_wconf 86' lang='lat' dir='ltr'>tales</span> <span class='ocrx_word' id='word_1_459' title='bbox 1350 2985 1521 3019; x_wconf 90' lang='lat' dir='ltr'>decetero</span> <span class='ocrx_word' id='word_1_460' title='bbox 1547 2985 1628 3030; x_wconf 87' lang='lat' dir='ltr'>ipso</span> <span class='ocrx_word' id='word_1_461' title='bbox 1648 2984 1741 3018; x_wconf 87' lang='lat' dir='ltr'>facto</span> <span class='ocrx_word' id='word_1_462' title='bbox 1762 2985 1978 3018; x_wconf 84' lang='lat' dir='ltr'>sententiam</span> <span class='ocrx_word' id='word_1_463' title='bbox 2000 2997 2143 3018; x_wconf 86' lang='lat' dir='ltr'>excom-</span> 
     </span>
    </p>
   </div>
  </div>
 </body>
</html>
