2618 3640
262 438 359 479 1210]
595 447 643 470 ΑΒ
677 447 784 469 anno
819 446 898 469 mcc
932 446 1066 475 usqua
1101 446 1150 468 An
1186 446 1416 468 PHILIPPUM
1452 446 1492 468 ιν
1527 446 1615 468 aas.
1652 447 1788 469 rame.
2097 438 2137 471 71

258 521 382 550 Garinus,
402 521 448 553 qut
467 523 672 544 conventaverat
690 520 810 544 Parisios
830 520 862 543 de
882 519 995 548 artibus,
1012 523 1038 544 et
1056 520 1100 543 bic
1120 520 1244 543 sacerdos
1264 519 1386 543 audierat
1404 519 1567 551 theologiam
1587 528 1602 543 a
1624 520 1752 551 magistro
1773 520 1915 551 Stephano,
1937 521 2137 553 archiepiscopo

259 564 442 590 Cantuariensi
457 573 470 588 ι)
487 564 514 595 (i.
530 573 552 588 e.
569 572 584 588 a
606 564 740 596 Stephano
760 564 793 588 de
814 564 942 596 Lnngton.
959 564 1065 596 quando
1087 564 1174 587 adhuc
1196 566 1300 587 rexerat
1321 563 1451 593 Parisiis).
1472 578 1503 581 ——
1522 564 1560 587 13.
1577 564 1651 587 Caes.
1674 572 1679 587 :
1701 564 1828 587 diaconus
1849 564 1880 587 de
1900 564 1986 587 Veteri
2006 564 2137 588 Curbuelo

260 609 411 640 (Coi-holin).
425 609 510 633 -14.
527 609 674 633 Concilium
688 617 740 632 non
755 608 885 637 distinxit,
901 612 931 632 ut
950 608 1066 640 quinque
1084 611 1146 640 post
1166 616 1249 632 annos
1269 608 1399 632 Robertus
1421 608 1453 631 de
1473 608 1592 638 Courcon
1614 611 1640 631 et
1659 608 1705 631 alii
1726 611 1787 640 post
1808 608 1892 636 illum,
1909 608 1976 632 inter
1991 608 2138 632 Aristotelis

258 653 465 689 Eetapbysicam
480 661 511 676 ae
524 653 608 677 libros
623 653 655 677 de
670 653 786 676 naturali
800 652 980 684 philosophia.
993 653 1068 684 Apud
1084 655 1204 676 auctores
1221 655 1280 676 ante
1295 652 1442 676 Concilium
1458 655 1576 675 mortuos
1591 652 1679 676 inveni
1694 652 1788 675 citatos
1804 652 1887 676 libros
1902 653 1934 675 de
1945 653 2139 684 Metaphysica

259 698 361 728 (Petrus
376 697 475 722 Pictav.
492 697 603 722 Glossae
623 697 650 721 in
669 697 741 721 Sent.
761 697 832 721 Bibl.
853 700 907 720 nat.
928 697 1012 721 Paris.
1029 705 1078 720 ms.
1101 697 1147 720 lat.
1164 697 1251 725 14423,
1274 697 1319 720 sol.
1343 698 1387 720 65·
1403 705 1408 720 :
1427 706 1439 720 «
1455 700 1579 720 asserunt
1599 697 1716 728 quidam,
1739 697 1788 720 hoc
1810 696 1977 720 Aristotelem
1998 697 2096 720 dixisse
2112 697 2137 720 in

257 742 401 773 Metaphi-,
422 742 469 766 sed
483 741 528 774 qui
542 741 684 773 diligenter
699 741 879 773 inspexerunt,
896 741 945 764 hoc
965 744 1063 773 negant
1078 749 1099 764 ».
1122 741 1198 765 Circa
1218 741 1287 764 idem
1307 744 1412 772 tempus
1432 741 1530 772 Symon
1550 741 1734 769 Tornaeensis,
1752 749 1801 764 ms.
1819 741 1864 764 lat.
1882 741 1967 769 14886,
1990 741 2034 764 fol.
2051 742 2090 769 35,
2106 741 2139 765 de

258 786 366 812 Anima
381 786 474 816 (abbas
489 786 614 814 Absalon,
629 786 698 810 Bibl.
716 789 769 809 nat.
787 786 871 809 Paris.
887 793 937 809 ms.
953 786 999 809 lat.
1017 786 1102 814 vi525,
1119 786 1164 809 sol.
1181 786 1245 815 132).
1261 785 1366 817 Absque
1381 785 1462 808 dubio
1477 788 1552 809 erant
1562 785 1642 809 etiam
1653 785 1707 809 noti
1723 785 1785 808 libri
1800 786 1993 816 Physicorum
2008 789 2034 809 et
2049 787 2137 809 forsan

258 831 290 855 de
306 831 385 856 Coelo
399 834 424 855 et
435 831 553 855 mundo.
570 830 700 854 Robertus
715 830 887 859 Antisiodor„
905 831 1007 855 Chron.
1025 830 1051 853 in
1065 830 1143 855 Mon.
1160 830 1251 854 Germ.
1269 830 1356 857 XXVI,
1373 831 1427 858 276,
1443 830 1508 854 dicit
1522 830 1605 853 libros
1621 830 1779 858 Aristotelis,
1795 830 1840 862 qui
1861 830 1894 854 de
1914 830 2030 853 naturali
2049 830 2139 862 philo-

258 874 352 907 sophia
374 874 497 907 inscripti
522 878 592 904 sunt,
617 878 677 898 ante
700 883 800 907 paucos
824 883 907 898 annos
933 876 1002 905 (ante
1025 883 1066 898 an.
1089 875 1159 905 1210)
1182 874 1292 899 Parisiis
1317 874 1436 906 coepisse
1460 875 1581 898 lectitari.
1604 889 1634 892 —
1649 875 1687 899 15.
1704 875 1801 907 Utique
1816 874 1947 898 Averrois.
1963 889 1995 892 —
2010 875 2048 898 16.
2071 884 2082 898 α
2102 875 2139 898 Ne

257 919 409 951 legerentur
422 919 539 951 amplius
555 919 586 944 in
597 919 679 944 scolis
693 922 755 943 sunt
768 919 897 951 prohibiti
913 927 935 948 r,
951 919 989 943 ait
1002 919 1128 944 Giraldus
1143 919 1313 943 cambrensis
1326 919 1404 950 (Opp.
1416 919 1456 943 ed.
1473 919 1589 948 Brewer,
1606 919 1648 947 lv,
1665 920 1713 949 10),
1731 919 1786 943 sive
1801 919 1915 951 publice,
1932 919 1988 943 sive
2002 919 2137 951 privatim,

257 967 283 987 et
296 963 403 996 quidem
417 963 599 987 tantummodo
614 963 733 989 Parisiis.
750 963 909 988 Guillelmus
929 963 1080 987 Armoricus
1104 964 1153 993 (ed.
1171 963 1327 992 Delaborde,
1348 964 1368 992 1,
1391 964 1445 994 233)
1462 964 1504 987 hie
1523 963 1550 987 in
1569 963 1720 987 narratione
1739 963 1844 995 penitus
1860 972 1875 986 a
1895 963 2005 987 veritate
2025 964 2140 987 declinat

257 1008 347 1032 dicens
363 1015 370 1031 ι
387 1016 400 1031 α
412 1007 482 1040 jussi
497 1011 559 1031 sunt.
573 1016 663 1031 omnes
679 1008 772 1038 (libelli
787 1008 945 1038 Aristotelis)
961 1007 1082 1031 comburi
1098 1016 1119 1031 ι).
1133 1022 1165 1025 -
1175 1008 1213 1032 17.
1230 1008 1266 1031 De
1280 1008 1363 1031 David
1379 1008 1411 1031 de
1426 1008 1522 1032 Dinant
1536 1009 1617 1032 refert
1633 1008 1799 1039 compilatio
1813 1009 1846 1032 de
1861 1014 1932 1033 novo
1947 1008 2060 1039 spiritu,
2071 1016 2139 1040 quae

256 1052 284 1076 in
303 1052 372 1076 Bibl.
395 1052 466 1076 civit.
483 1053 611 1084 Magunt„
631 1057 662 1076 n⁰
682 1053 736 1081 331,
753 1053 798 1076 fot.
819 1053 871 1081 62⁸,
893 1052 1000 1076 Alberto
1020 1053 1115 1084 Magno
1136 1053 1288 1081 ascribitur,
1309 1052 1335 1076 in
1351 1054 1381 1076 76
1399 1061 1488 1076 errore
1505 1061 1510 1076 :
1529 1053 1655 1080 «Dicere,
1671 1053 1742 1084 quod
1761 1053 1847 1076 omnis
1867 1056 1989 1076 ereatura
2009 1053 2045 1077 sit
2062 1053 2138 1082 deus,

257 1096 358 1121 heresis
373 1097 514 1121 Alexandri
533 1100 582 1126 est,
598 1097 643 1129 qui
658 1097 732 1125 dixit,
753 1097 891 1121 materiam
910 1097 1026 1129 primam
1045 1100 1072 1120 et
1089 1097 1167 1120 deum
1188 1100 1214 1121 et
1233 1105 1312 1129 noym
1332 1097 1381 1120 boc
1399 1100 1440 1121 est
1459 1101 1574 1121 mentem
1587 1097 1614 1120 in
1630 1097 1779 1121 substantia
1795 1098 1823 1127 (l.
1841 1105 1920 1120 unam
1941 1097 2137 1127 substantiam),

257 1149 335 1174 quem
350 1145 443 1173 postea
457 1141 565 1174 quidam
580 1141 663 1165 David
678 1142 710 1165 de
729 1142 833 1174 Dynant
847 1145 953 1165 secutus
973 1145 1020 1170 est,
1042 1142 1087 1173 qui
1106 1142 1271 1173 temporibus
1286 1141 1384 1165 nostris
1400 1150 1449 1173 pro
1465 1142 1514 1165 bac
1529 1141 1615 1165 heresi
1629 1142 1662 1165 de
1677 1142 1787 1165 Francia
1803 1143 1910 1173 fugatus
1925 1145 1966 1165 est
1983 1145 2010 1166 et
2028 1142 2138 1174 punitus

257 1186 360 1214 fuisset,
380 1185 404 1210 si
419 1185 514 1210 fuisset.
527 1186 708 1218 deprehensus
723 1194 746 1210 u.
762 1186 831 1210 Bibl.
849 1186 997 1210 Monacens.
1015 1194 1063 1209 ms.
1081 1186 1126 1209 lat.
1143 1186 1198 1215 311,
1215 1187 1259 1210 fol.
1276 1186 1327 1210 92¹».

261 1379 336 1417 12.
358 1389 423 1415 Hae
441 1391 509 1414 sunt
522 1388 668 1424 haereses,
682 1397 736 1425 pro
753 1388 858 1424 quibus
873 1388 992 1424 quidam
1011 1388 1177 1415 sacerdotes
1200 1392 1228 1415 ee
1242 1388 1348 1423 clerici,
1362 1392 1520 1415 sectatores
1535 1388 1685 1423 Amalrici,
1703 1389 1837 1415 Par-isius
1853 1389 1918 1424 igne
1934 1390 2096 1416 examinati
2110 1394 2138 1417 et

345 1437 507 1474 consumpti
523 1441 600 1464 sunt.

1671 1500 1709 1526 ad
1721 1509 1759 1526 αη.
1778 1501 1850 1527 1210.

345 1589 387 1621 In
424 1587 520 1622 hunc
560 1588 706 1622 modum
746 1587 985 1622 detrahebant
1017 1575 1190 1630 creatori,
1221 1588 1284 1633 qui
1322 1594 1486 1621 creatura
1524 1594 1637 1621 erant.
1678 1588 1884 1621 Auctoritas
1923 1595 2045 1622 sancta
2084 1589 2136 1622 sic

255 1654 417 1700 loquitur
439 1666 446 1688 :
469 1654 589 1701 Opera
612 1655 800 1688 Trinitatis
824 1654 1094 1701 inseparabilia.
1122 1654 1166 1687 Hi
1191 1666 1210 1688 e
1236 1661 1361 1688 contra
1384 1667 1391 1688 :
1419 1655 1523 1688 Pater
1543 1667 1561 1688 a
1582 1655 1763 1700 principio
1784 1661 1955 1700 operatus
1981 1662 2036 1689 est
2056 1655 2136 1689 sine

256 1721 348 1755 Filio
368 1727 405 1755 et
425 1721 561 1767 Spiritu
581 1729 707 1756 sancto
728 1733 845 1767 usque
866 1721 911 1755 ad
931 1721 1095 1767 ejusdem
1118 1721 1200 1754 Filii
1221 1721 1520 1755 incarnationem.

344 1789 433 1822 Item
454 1789 649 1823 auctoritas
671 1801 679 1823 ε
703 1788 812 1823 Solus
837 1788 951 1822 Filius
976 1789 1197 1822 incarnatus.
1226 1788 1270 1822 Hi
1296 1800 1315 1821 e
1340 1795 1465 1822 contra
1488 1800 1495 1822 ε
1519 1789 1623 1822 Pater
1648 1789 1686 1821 in
1710 1788 1891 1822 Abraham
1913 1789 2134 1832 incarnatus,

254 1855 369 1889 Filius
388 1855 426 1888 in
446 1855 572 1897 Maria,
594 1855 751 1902 Spiritus
772 1862 920 1889 sanctus
939 1855 976 1888 in
997 1855 1105 1889 nobis
1126 1855 1290 1901 quotidie
1311 1855 1530 1889 incarnatur.

344 1923 432 1956 Item
459 1922 655 1956 auctoritas
682 1934 690 1956 ε
717 1922 847 1957 Omnia
872 1922 942 1956 sub
967 1922 1045 1956 sole
1070 1922 1222 1956 vanitas.
1250 1923 1294 1955 Hi
1320 1935 1339 1955 e
1362 1929 1487 1956 contra
1510 1934 1517 1955 :
1545 1922 1674 1956 Omnia
1700 1935 1826 1965 unum,
1852 1923 1935 1968 quia
1961 1923 2135 1969 quiequid

254 1995 322 2032 est,
345 1995 402 2023 est
421 1990 532 2023 Deus.
555 1989 660 2023 Unde
681 1989 828 2035 quidam
850 2001 990 2031 eorum,
1013 1989 1161 2022 nomine
1183 1989 1424 2031 Bernardus‘,
1451 2001 1563 2023 ausus
1583 1995 1640 2023 est
1658 1990 1849 2031 affirmare,
1875 2002 1915 2023 se
1937 2002 2003 2023 nec
2025 2002 2134 2036 posse

253 2055 406 2089 cremari
430 2055 620 2098 incendio,
641 2068 708 2089 nec
732 2055 804 2090 alio
830 2056 993 2102 torqueri
1018 2055 1218 2102 supplicio,
1245 2056 1282 2088 in
1308 2062 1481 2101 quantum
1507 2063 1594 2097 erat,
1622 2056 1705 2101 quia
1729 2056 1766 2089 in
1791 2068 1834 2089 eo
1860 2057 1958 2102 quod
1984 2063 2071 2098 crat,
2094 2069 2134 2090 se

255 2123 369 2156 Deum
390 2121 545 2156 dicebat.

342 2190 434 2223 Tum
457 2201 465 2223 :
487 2190 586 2223 Deus
605 2189 815 2223 visibilibus
836 2196 912 2223 erat
936 2189 1086 2223 indutus
1107 2189 1373 2232 instrumentis,
1396 2189 1531 2235 quibus
1556 2190 1672 2223 videri
1698 2197 1839 2236 poterat
1858 2203 1876 2223 a
1897 2191 2074 2224 creaturis
2099 2198 2135 2225 et

254 2254 504 2289 accidentibus
532 2256 717 2302 corrumpi
747 2262 888 2302 poterat
915 2256 1142 2290 extrinsecis.
1176 2257 1251 2290 Hoc
1283 2256 1465 2302 siquidem
1493 2268 1617 2290 errore
1648 2256 1804 2302 decepti,
1833 2269 1967 2302 corpus
1997 2257 2134 2291 Christi

255 2328 336 2355 ante
363 2321 558 2356 verborum
584 2321 823 2368 prolationem
850 2322 1060 2356 visibilibus
1089 2322 1193 2368 panis
1219 2322 1469 2356 accidentibus
1499 2322 1654 2356 subesse
1683 2323 1802 2356 conati
1832 2330 1918 2356 sunt
1941 2323 2131 2366 affirmare,

254 2400 336 2422 cum
362 2399 381 2422 e
406 2394 530 2422 contra
555 2388 651 2422 dicat
673 2389 868 2423 auctoritas
890 2401 898 2423 ε
924 2389 1077 2422 Accedit
1100 2389 1252 2423 verbum
1278 2389 1322 2422 ad
1348 2389 1567 2423 elementum
1594 2395 1629 2422 et
1653 2389 1692 2423 fit
1719 2396 1994 2423 sacramentum.
2025 2390 2131 2434 Quod

254 2454 308 2489 sic
328 2461 577 2501 exposuerunt
597 2466 605 2488 z
628 2455 669 2488 Id
690 2455 789 2500 quod
809 2454 860 2488 ibi
879 2455 997 2489 fuerat
1016 2455 1118 2501 prius
1138 2456 1265 2489 formis
1286 2455 1510 2498 visibilibus,
1536 2455 1739 2501 prolatione
1760 2455 1955 2490 verborum
1976 2455 2131 2497 subesse

254 2521 472 2556 ostenditur.

344 2589 433 2622 Item
456 2599 464 2622 t
488 2587 601 2622 Filius
630 2588 856 2631 incarnatus,
887 2589 923 2622 id
954 2595 1010 2622 est
1037 2588 1174 2622 visibili
1204 2589 1319 2622 forme
1349 2588 1555 2634 subjectus;
1587 2601 1653 2622 nec
1683 2588 1787 2622 aliter
1816 2589 1917 2622 illum
1946 2589 2130 2624 hominem

254 2667 337 2690 esse
358 2656 487 2697 Deum,
508 2667 614 2701 quam
636 2667 749 2689 unum
770 2667 812 2689 ex
833 2655 888 2689 eis
908 2667 1134 2702 cognoscere
1155 2655 1362 2689 voluerunt.

344 2723 434 2756 Item
452 2733 459 2756 ε
478 2722 635 2768 Spiritus
655 2729 803 2756 sanctus
823 2722 860 2756 in
880 2722 935 2756 eis
955 2709 1175 2765 incarnatus,
1193 2729 1233 2756 ut
1252 2722 1434 2764 dixerunt,
1456 2723 1510 2756 eis
1530 2722 1650 2756 omnia
1671 2722 1869 2766 revelabat3
1892 2731 1927 2757 et
1947 2723 2013 2758 hec
2034 2736 2131 2758 reve-

254 2788 340 2823 latio
374 2788 465 2823 nihil
498 2788 596 2823 aliud
630 2795 718 2831 erat,
750 2801 857 2835 quam
892 2796 1117 2823 mortuorum
1150 2789 1383 2823 resurrectio.
1414 2789 1503 2823 Inde
1538 2789 1757 2835 semetipsos
1785 2791 1859 2836 jam
1895 2791 2132 2825 resuscitatos

255 2855 483 2897 asserebant3
512 2855 620 2890 fidem
648 2862 684 2890 et
712 2868 813 2902 spem
843 2856 888 2890 ab
916 2868 1042 2890 eorum
1069 2855 1244 2890 cordibus
1274 2855 1532 2899 excludebant,
1564 2868 1603 2890 se
1633 2856 1701 2890 soli
1731 2857 1884 2891 scientio
1914 2858 2132 2891 mentientes

256 2921 458 2968 subjacere.

347 2989 437 3022 ltem
459 2999 468 3022 ε
490 2988 536 3022 de
562 2989 702 3024 meritis
728 2996 995 3036 presumentes,
1021 2990 1136 3036 gratie
1162 2990 1396 3035 derogantes,
1422 2990 1563 3023 mentiti
1589 2996 1676 3024 sunt
1698 2989 1877 3023 bonorum
1906 2989 2131 3036 baptismatis
