2618 3640
475 415 517 449 70
1051 423 1373 446 cu.›.a'rULA1=1UM
1410 423 1602 446 suivans.
1640 423 1768 445 1111115.
2253 414 2352 454 [1210

476 499 656 533 mediante
691 498 855 539 decidas;
888 502 968 539 [nos
1002 497 1110 538 enim]
1144 497 1331 538 faciemus,
1363 497 1462 542 quod
1491 497 1712 539 decreveris,
1744 508 1809 542 per
1842 509 2033 530 censuram
2069 497 2349 530 ecclesiasticam

476 566 628 599 firmiter
648 565 847 598 observari.
872 566 950 598 Dat.
973 565 1139 598 Laterani
1160 564 1182 609 ij
1205 564 1254 597 id.
1279 563 1399 605 Febr.,
1423 563 1654 609 pontificatus
1676 564 1791 597 nostri
1813 576 1908 596 anno
1930 564 2161 597 duodecimo.

570 651 694 678 Bulaeus,
712 651 744 678 ll,
760 651 815 678 1165,
833 650 878 673 scd
894 650 1095 681 imperfecte.—
1109 649 1174 672 Vide
1189 652 1278 672 notam
1293 649 1326 672 ad
1341 649 1444 672 litteras
1459 649 1561 672 Urbani
1577 649 1614 672 111
1629 657 1711 680 supra
1723 652 1799 680 parte
1815 648 1911 672 introd.
1929 653 1958 672 n⁰
1973 649 2010 672 16.
2027 649 2100 672 Idem
2114 649 2233 680 pontifex
2247 650 2275 672 31
2291 649 2350 673 Dec.

477 697 538 720 1209
557 695 689 727 provisori
709 698 735 718 et
755 695 881 718 fratribus
902 694 1043 725 religiosae
1062 695 1156 717 domus
1175 702 1324 725 pauperum
1347 693 1508 717 scholarium
1529 694 1555 717 S.
1572 693 1688 717 Thomae
1708 693 1740 716 de
1755 693 1860 725 Lapara
1875 693 2008 724 significat
2022 702 2050 717 se
2064 694 2214 725 prohibere,
2231 702 2263 717 ne
2282 694 2352 717 ullus

478 742 589 764 fratrum
609 740 708 771 absque
733 739 837 763 licentia
863 739 972 762 rectoris
993 739 1034 762 sui
1053 747 1066 762 0
1086 739 1163 762 domo
1178 738 1323 770 praedicta,
1345 738 1397 761 nisi
1416 738 1537 761 arctioris
1558 737 1694 769 religionis
1723 737 1840 766 obtentu,
1866 737 1991 761 discedat.
2013 738 2151 762 Praeterea
2172 738 2238 762 duos
2261 738 2353 762 obolos

476 793 570 808 aureos
586 784 748 816 apostolicae
764 784 819 807 sedi
835 784 947 807 solvant.
964 784 1088 811 Bulaeus,
1105 784 1137 811 11,
1153 784 1208 806 465.

572 857 594 880 1.
613 855 779 880 Exsecutioui
800 855 936 878 mandavit
950 855 1091 886 episcopus
1107 854 1191 878 Paris.
1207 854 1256 877 hoc
1275 857 1447 885 praeceptum
1466 862 1535 877 auno
1555 854 1615 877 1217
1636 857 1661 877 et
1681 856 1766 877 certos
1786 853 1884 877 limites
1904 857 1959 877 tam
1978 853 2111 877 canonicis
2127 863 2207 886 quam
2221 854 2354 886 provisori

477 902 571 924 domus
586 900 768 932 praescripsit.
786 900 862 923 Arch.
879 903 932 923 nat.
949 900 1007 922 Par.
1026 900 1052 922 L.
1070 900 1124 927 549,
1141 903 1170 921 n⁰
1190 900 1212 922 8.
1231 898 1273 921 Sic
1288 902 1343 921 tam
1357 898 1485 926 canonici,
1502 907 1582 929 quam
1602 901 1688 921 rector
1706 901 1732 921 et
1751 899 1846 921 fratres
1867 898 2008 929 hospitalis
2027 899 2054 922 S.
2071 899 2187 922 Thomae
2202 899 2234 922 de
2249 899 2354 930 Lapara

478 946 651 977 possidebant
680 945 819 976 proprium
853 944 1037 967 coemeterium
1063 947 1088 966 ct
1110 943 1248 974 propriam
1277 942 1424 966 ecclesiam.
1452 943 1512 965 Jam
1540 951 1628 966 mense
1652 942 1808 966 Novembris
1839 943 1900 966 1212
1926 942 1997 966 idem
2026 942 2168 974 episcopus
2197 943 2354 966 Parisiensis

477 990 660 1022 pronuntiavit
686 990 842 1013 senteutiam
857 989 996 1016 arbitrum,
1013 991 1119 1019 pratum
1141 987 1175 1010 ab
1197 987 1321 1018 episcopo
1336 987 1490 1010 Belvacensi
1510 987 1636 1010 donatum
1655 990 1681 1010 et
1694 986 1765 1010 circa
1779 987 1917 1010 ecclesiam
1937 987 1963 1010 S.
1981 987 2097 1010 Thomae
2112 987 2201 1016 situm,
2216 995 2265 1019 pra
2280 990 2355 1019 parte

477 1036 511 1058 ad
526 1035 675 1062 canonicos,
692 1042 740 1065 pro
756 1037 831 1065 parte
846 1034 879 1056 ad
896 1032 1028 1064 hospitale
1043 1032 1183 1063 pertinere.
1201 1031 1309 1060 Dubois,
1325 1031 1400 1056 Hist.
1412 1032 1475 1055 eccl.
1491 1031 1598 1059 Paris„
1614 1031 1647 1059 11,
1665 1031 1718 1054 184.
1736 1031 1782 1054 An.
1799 1031 1869 1059 1218,
1886 1031 1947 1054 Maii
1963 1032 2001 1059 26,
2018 1031 2149 1055 Honorius
2166 1032 2202 1055 111
2217 1032 2354 1060 decanum,

478 1082 611 1102 cantorem
627 1081 652 1102 et
671 1078 859 1101 cancellarium
876 1077 959 1100 Paris.
976 1076 1113 1099 constituit
1127 1079 1326 1099 conservatores
1347 1075 1481 1107 privilegii
1501 1075 1528 1098 in
1543 1075 1656 1106 epistola
1677 1083 1759 1107 supra
1779 1075 1849 1098 edita
1864 1075 1992 1107 expressi.
2009 1075 2145 1107 Originale
2164 1076 2191 1099 in
2207 1076 2283 1099 Arch.
2301 1079 2355 1100 nat.

478 1123 561 1147 Paris.
578 1124 606 1146 L.
623 1124 677 1150 549,
690 1127 718 1145 n⁰
734 1123 771 1147 14.

482 1273 503 1309 1
515 1273 537 1309 1
547 1302 555 1310 .
579 1284 701 1308 Decreta
712 1281 845 1316 magistri
858 1281 939 1306 Petri
953 1280 989 1306 de
1002 1279 1132 1305 Corbolio
1149 1280 1321 1305 Senonensis
1336 1279 1557 1315 archiepiscopi,
1570 1279 1748 1305 Parisiensis
1765 1279 1906 1316 episcopi*
1921 1283 2008 1315 atque
2019 1279 2143 1305 aliorum
2159 1280 2356 1316 episcoporum

566 1331 691 1356 Parisiis
706 1323 941 1365 congregatorum
956 1338 1045 1365 super
1059 1328 1214 1354 haereticis
1229 1328 1429 1354 comburendis
1444 1332 1472 1354 et
1486 1337 1574 1364 super
1588 1328 1671 1354 libris
1690 1327 1855 1354 Aristotelis
1871 1328 2060 1364 aliorumque.

1867 1413 1940 1443 1210,
1955 1413 2070 1439 ParIsiis.

516 1484 525 1492 ’
565 1491 710 1535 00111115
739 1489 903 1534 magistri
932 1488 1139 1521 Amaurici²
1163 1487 1369 1521 extrahatur
1392 1500 1410 1520 a
1436 1487 1623 1520 cimeterio
1645 1494 1681 1520 et
1705 1487 1916 1533 projiciatur
1940 1487 1977 1520 in
1998 1494 2129 1520 terram
2151 1499 2224 1520 non
2245 1487 2357 1521 bene-

477 1558 620 1598 dictam,
651 1563 686 1589 et
712 1556 806 1589 idem
836 1555 1170 1588 excommunicetur
1191 1567 1255 1599 per
1276 1566 1403 1587 omnes
1423 1554 1598 1587 ccclesias
1620 1554 1730 1587 totius
1751 1554 1968 1599 provincie³.
1991 1554 2231 1596 Bernardus⁴,
2253 1554 2358 1588 Guil-

477 1624 609 1657 lelmus
637 1624 681 1656 de
709 1623 813 1656 Arria
840 1622 1034 1662 aurifaber,
1064 1621 1268 1667 Stephanus
1297 1621 1489 1667 presbyter
1514 1621 1558 1654 de
1579 1621 1703 1655 Veteri
1725 1621 1912 1662 Corbolio,
1937 1620 2142 1667 Stephanus
2167 1620 2357 1667 presbyter

477 1691 522 1724 de
557 1691 687 1731 Cella⁸,
723 1689 907 1723 Johannes
947 1688 1138 1734 presbyter
1172 1689 1216 1721 de
1251 1689 1420 1729 Occincs,
1459 1688 1633 1734 magister
1670 1688 1883 1724 Willelmus
1922 1688 2190 1730 Pictaviensisss,
2232 1687 2358 1721 Dudo⁷

478 1758 664 1798 sacerdos,
692 1756 904 1789 Dominicus
930 1756 974 1788 de
998 1755 1211 1800 TrIangulo,
1238 1756 1336 1788 Odo⁸
1364 1762 1399 1788 et
1425 1755 1594 1788 Elinans⁰
1620 1755 1743 1788 clerici
1771 1755 1815 1788 de
1842 1755 1876 1788 S.
1899 1754 2116 1796 Clodoaldo,
2143 1755 2203 1788 isti
2229 1755 2358 1800 degra-

478 1825 610 1858 dentur
638 1824 782 1869 penitus
810 1814 1093 1856 secularicuric
1122 1822 1365 1867 relinquendi.
1396 1822 1547 1855 Urricus
1576 1821 1767 1867 presbyter
1794 1822 1838 1854 de
1867 1822 2072 1855 Lauriaco¹⁰
2098 1828 2133 1855 et
2160 1823 2287 1854 Petrus
2313 1821 2358 1855 de

479 1892 513 1925 S.
532 1891 781 1931 Clodoaldofl,
801 1890 908 1922 modo
930 1889 1129 1922 monachus
1151 1890 1185 1922 S.
1206 1889 1384 1934 Dionysii,
1403 1889 1620 1922 Guarinus¹²
1637 1888 1828 1934 presbyter
1846 1889 1891 1921 dc
1910 1888 2098 1930 Corbolio,
2123 1888 2359 1933 Stephanus¹⁸

478 1958 633 1991 clericus
665 1957 912 2002 degradentur
940 1963 1116 2001 perpetuo
1143 1956 1278 1989 carceri
1307 1956 1548 2001 mancipandi.
1578 1955 1793 1999 Quaternuli
1820 1955 1983 2001 magistri
2011 1955 2126 1988 David
2153 1955 2198 1987 dc
2226 1955 2360 1988 Dinant

477 2025 568 2058 infra
590 2025 706 2058 natale
731 2024 904 2069 episcopo
926 2023 1122 2056 Parisiensi
1144 2023 1339 2055 afferantur
1362 2029 1397 2055 ct.
1416 2022 1688 2064 comburantur,
1712 2034 1778 2055 nec
1799 2022 1883 2055 libri
1903 2021 2114 2055 Aristotelis
2135 2022 2179 2054 de
2205 2021 2358 2055 naturali

478 2090 741 2137 philosophia⁴‘
760 2102 825 2123 nec
843 2090 1077 2122 commenta¹⁵
1095 2089 1263 2134 legantur
1279 2089 1440 2122 Pau-isius
1462 2089 1606 2133 publice
1626 2089 1683 2122 vel
1705 2095 1861 2130 secreto,
1879 2095 1914 2121 et
1929 2088 1997 2121 hoc
2019 2088 2088 2121 sub
2109 2100 2224 2133 penae
2241 2100 2358 2121 xcom-

478 2157 734 2191 municationis
764 2156 1006 2189 inhibemus⁴⁶

1013 2183 1018 2188 .
1055 2156 1161 2201 Apud
1192 2168 1298 2200 quem
1334 2155 1566 2188 invenientur
1596 2155 1802 2200 quaternuli
1832 2155 1996 2200 magistri
2026 2154 2171 2188 David¹⁷
2202 2167 2220 2187 a
2250 2154 2358 2188 natali

477 2224 623 2257 Domini
648 2224 685 2256 in
710 2230 812 2256 antea
843 2235 908 2268 pro
936 2222 1097 2256 heretico
1125 2222 1329 2255 habebitur.
1358 2223 1409 2254 Dc
1439 2221 1544 2254 libris
1570 2221 1788 2266 theologicis
1818 2222 1965 2266 scriptis
1993 2221 2029 2254 in
2057 2223 2218 2254 Romano
2246 2221 2359 2267 preci-

476 2291 610 2336 pimus,
639 2290 737 2335 quod
766 2290 950 2335 episcopis
971 2289 1178 2322 diocesanis
1204 2289 1390 2322 tradantur
1411 2295 1446 2321 ct
1466 2287 1584 2322 Credo
1605 2289 1642 2322 in
1661 2289 1786 2330 Deum,
1809 2295 1844 2321 et
1862 2289 1978 2322 Pater
1998 2293 2119 2322 noster
2139 2288 2175 2320 in
2198 2289 2358 2322 Romano

477 2364 598 2403 preter
623 2358 714 2391 vitas
740 2364 961 2398 sanctorum,
983 2363 1018 2389 ct
1038 2356 1105 2389 hoc
1127 2356 1218 2388 infra
1240 2355 1541 2400 purificationem,
1565 2355 1647 2400 quia
1669 2355 1764 2400 apud
1785 2367 1892 2400 quem
1915 2355 2148 2388 invenientur
2168 2367 2234 2400 pro
2254 2354 2359 2388 here-

477 2425 547 2458 tico
568 2424 773 2458 habebitur.

570 2518 693 2545 Max-teuc,
713 2518 791 2542 Thes.
808 2524 872 2542 nor.
889 2518 987 2546 anecd.
1005 2517 1046 2544 lv,
1065 2517 1118 2539 165.

571 2589 593 2611 1.
611 2589 680 2612 Petri
700 2589 731 2611 dc
747 2589 883 2612 Nemours.
900 2602 931 2605 —-
950 2590 972 2612 2.
993 2587 1088 2611 Clerici
1110 2587 1234 2611 Amalrici
1254 2587 1285 2610 dc
1305 2587 1384 2615 Boua,
1403 2596 1414 2610 1(
1431 2586 1475 2618 qui
1499 2586 1627 2617 (Parisiis)
1648 2594 1708 2610 cum
1730 2586 1756 2609 in
1778 2589 1833 2610 arte
1856 2586 1944 2618 logica
1962 2586 2064 2618 peritus
2084 2589 2154 2609 esset
2168 2588 2194 2609 et
2208 2585 2312 2609 scholas
2327 2585 2359 2609 da
2396 2610 2398 2612 ,

477 2636 532 2656 arte
546 2633 592 2655 illa
607 2636 633 2656 et
647 2633 678 2655 de
693 2633 752 2655 aliis
769 2633 870 2656 artibus
887 2633 1042 2655 liberalibus
1058 2632 1103 2655 diu
1118 2632 1237 2659 rexisset,
1254 2631 1391 2655 transtulit
1406 2640 1433 2654 se
1448 2631 1481 2654 ad
1497 2639 1601 2654 sacram
1616 2630 1743 2662 paginam
1758 2631 1928 2654 excolendam
1944 2639 1966 2654 ».
1986 2630 2101 2654 OEuvres
2113 2631 2146 2654 de
2160 2630 2271 2660 Riyord
2286 2634 2312 2654 et
2327 2631 2360 2654 de

480 2677 646 2702 Guillaume
659 2677 684 2701 lc
697 2678 810 2704 Brcton,
827 2677 867 2700 cd.
885 2677 1039 2704 Delaborde,
1058 2677 1076 2704 l,
1093 2677 1147 2699 230.
1163 2690 1195 2694 —
1209 2677 1231 2699 3.
1253 2676 1390 2700 Rationem
1410 2675 1524 2699 afferunt
1543 2675 1702 2700 Guillelmus
1722 2675 1873 2698 Armoricus
1893 2675 1964 2706 apud
1984 2674 2131 2698 Delahorde
2145 2674 2163 2697 1.
2181 2682 2202 2697 c.
2220 2682 2246 2705 p.
2263 2675 2318 2703 2:33,
2334 2677 2360 2697 et
2375 2671 2380 2674 ⁴

478 2721 617 2745 Caesarius
634 2721 794 2744 lleisterbac.
811 2721 950 2751 Dialoyus
962 2721 1175 2745 miraculorum
1190 2720 1251 2743 dist.
1269 2722 1291 2748 5,
1308 2728 1329 2743 c.
1347 2721 1385 2747 22,
1401 2720 1441 2743 ed.
1459 2719 1580 2750 Stran'gc,
1597 2720 1617 2746 1,
1633 2720 1687 2743 307.
1699 2720 1762 2742 —4.
1775 2718 1914 2742 Caesarius
1926 2719 1943 2742 l.
1955 2727 1976 2742 c.
1989 2727 2016 2749 p.
2029 2719 2075 2741 304
2086 2721 2162 2741 vocat
2172 2726 2232 2741 eum
2248 2718 2358 2741 subdia-

479 2774 581 2789 conum.
599 2779 629 2782 —
644 2767 666 2788 5.
683 2765 823 2788 Caesarius
843 2765 906 2788 dicit
921 2765 952 2787 110
972 2765 1030 2788 istis
1050 2764 1153 2787 duobus
1173 2768 1199 2787 et
1218 2765 1249 2787 de
1270 2764 1398 2795 sequenti,
1419 2764 1464 2795 qui
1483 2764 1554 2795 apud
1575 2771 1635 2786 eum
1654 2763 1787 2787 Johannes
1808 2763 1839 2786 ‹le
1860 2763 1969 2786 Uncinis
1985 2765 2103 2791 vocatur,
2120 2770 2150 2786 ac
2170 2763 2202 2786 de
2218 2762 2359 2786 Guiltelmo

481 2810 639 2834 aurifabro:
663 2818 673 2832 11
695 2809 738 2832 isti
760 2818 850 2832 omues
872 2809 897 2832 in
920 2809 1053 2840 theologia
1076 2809 1269 2832 studuerant».
1285 2822 1317 2825 ——
1331 2809 1354 2831 6.
1372 2808 1445 2831 Caes.
1464 2816 1469 2831 z
1488 2816 1499 2831 (1
1521 2807 1708 2835 subdiaconus,
1729 2807 1774 2838 qui
1794 2807 1896 2838 legerat
1916 2807 2034 2830 Parisius
2054 2807 2086 2830 de
2106 2807 2208 2830 artibus
2229 2810 2255 2830 et
2273 2807 2358 2830 tribus

481 2854 556 2878 annis
572 2854 710 2877 studuerat
725 2853 750 2876 in
766 2853 898 2884 theologia
915 2862 936 2876 ».
953 2867 984 2870 —
998 2854 1020 2876 7,
1038 2853 1111 2876 Caes.
1129 2861 1134 2875 ε
1153 2861 1164 2876 11
1181 2852 1304 2883 specialis
1320 2852 1431 2875 clericus
1448 2851 1570 2883 magistri
1586 2851 1709 2875 Almerici
1729 2851 1882 2879 sacerdotis,
1905 2851 1950 2883 qui
1970 2852 2023 2874 sere
2042 2851 2132 2874 decem
2151 2851 2227 2874 annis
2242 2851 2269 2874 in
2284 2851 2359 2875 theo-

479 2898 551 2930 logia
566 2899 704 2922 studuerat
719 2906 740 2920 ».
757 2911 788 2915 —
803 2899 825 2921 8.
842 2898 916 2921 Caes.
942 2905 947 2920 ’.
970 2897 1105 2920 diaconus.
1121 2911 1153 2914 —
1167 2898 1190 2919 9.
1211 2896 1286 2927 Apud
1307 2896 1381 2919 Caes.
1400 2899 1508 2919 vocatur
1523 2895 1620 2919 rectius
1635 2895 1780 2919 Elinandus
1797 2896 1920 2927 (Strange
1938 2903 2079 2927 perperam
2093 2903 2098 2918 z
2115 2896 2278 2926 Elmandus).
2296 2896 2360 2919 Erat

481 2943 628 2974 acolythus.
646 2956 676 2959 —-
691 2943 728 2965 10.
745 2942 819 2965 Caes.
837 2950 842 2965 ·.
862 2950 873 2965 «
890 2941 996 2965 Ulricus
1012 2941 1134 2964 sacerdos
1150 2941 1182 2964 de
1197 2940 1274 2964 Lucri
1291 2940 1398 2970 (Lauri),
1419 2940 1463 2971 qui
1484 2939 1672 2971 sexagenarius
1692 2940 1830 2963 studuerat
1850 2939 1876 2962 iu
1897 2939 2031 2971 theologia
2049 2943 2168 2971 tempore
2187 2940 2270 2963 multo
2291 2948 2312 2963 ».
2328 2954 2360 2958 —

482 2987 520 3010 11.
538 2987 612 3011 Caes.
632 2995 637 3010 2
656 2995 667 3010 «
684 2987 776 3010 Petrus
792 2986 823 3009 de
839 2987 865 3009 S.
883 2985 1054 3009 Clodowaldo
1070 2985 1193 3009 sacerdos
1213 2988 1239 3008 et
1258 2984 1455 3015 sexagenarius,
1472 2984 1517 3016 qui
1532 2984 1612 3007 etiam
1626 2983 1747 3007 audierat
1765 2983 1927 3015 theologiam
1948 2992 1970 3007 ».
1986 2997 2018 3001 ——
2033 2984 2071 3007 12.
2089 2984 2162 3007 Caes.
2181 2992 2186 3007 :
2205 2992 2217 3007 11
2232 2984 2361 3016 magister
