2580 3528
264 434 360 475 1245]
609 444 657 466 ΑΒ
691 443 798 466 Anno
832 443 908 466 uec
943 443 1076 472 usque
1110 443 1159 465 Αι)
1193 443 1424 465 nnmerum
1459 443 1499 465 iv
1534 443 1622 466 nse.
1660 445 1797 467 stunc.
2080 437 2142 470 179

261 517 386 552 nullus
411 516 559 551 inchoet
583 516 776 550 lectionem
805 516 1020 550 cursoriam.
1049 517 1137 550 Post
1165 516 1305 550 tertiam
1334 528 1420 550 vero
1450 516 1550 550 illius
1578 516 1650 550 diei
1681 529 1897 563 quacunque
1926 518 2013 551 hora
2041 519 2141 552 illius

261 584 334 618 diei
370 583 530 618 voluerit
565 583 691 630 legere
725 583 853 629 possit.
885 583 923 617 Si
957 582 1040 629 quis
1074 594 1161 616 vero
1200 589 1325 616 contra
1364 582 1526 629 predicte
1561 583 1801 618 institutionis
1835 585 1984 618 formam
2020 585 2140 630 aliquo

261 651 370 685 modo
403 650 529 685 venire
565 650 844 696 presumpserit,
878 650 1022 684 noverit
1054 662 1095 684 se
1128 650 1360 684 incursurum
1396 650 1508 684 totius
1546 651 1731 684 societatis
1765 657 1802 684 et
1834 651 1995 684 omnium
2030 651 2142 685 bene-

261 716 427 751 ficiorum
463 717 720 752 Universitatis
754 717 1008 763 privationem,
1048 728 1241 762 quousque
1280 728 1346 762 pro
1386 716 1556 762 qualitate
1598 724 1634 751 et
1676 718 1874 763 quantitate
1917 717 2041 752 delicti
2084 718 2142 752 vel

260 784 568 830 transgressionis
602 783 760 818 mandati
795 784 1053 818 Universitatis
1087 784 1220 817 rectori
1255 789 1290 817 et
1324 783 1622 829 procuratoribus
1652 796 1718 830 pro
1753 784 1996 818 Universitate
2033 785 2143 818 suerit

260 851 305 885 ad
325 850 472 897 plenum
494 857 531 885 et
549 862 615 897 pro
636 851 798 897 ipsorum
820 850 1006 884 voluntate
1030 851 1264 884 satisfactum.

353 949 417 974 cod.
433 950 491 974 Vnt.
506 949 570 982 Reg.
585 950 642 978 4⁰6,
659 949 704 973 fol.
721 949 776 973 53¹³.
792 949 862 974 Bibl.
879 941 1012 982 Phillipps
1027 949 1054 973 in
1070 949 1252 978 Cheltenham,
1269 957 1317 973 ms.
1334 950 1389 978 876,
1407 950 1451 974 tol.
1468 950 1506 978 57,
1523 958 1554 973 ex
1568 958 1620 982 quo
1634 950 1728 974 titulus
1750 958 1833 982 supra
1852 950 1960 974 relatus.
1978 951 2041 975 Cod.
2062 951 2139 975 Arch.

259 994 337 1019 Uuiv.
353 994 439 1019 Paris.
452 995 492 1023 9¹1,
508 1002 535 1026 p.
550 995 590 1018 65.
606 993 670 1018 Cod.
687 994 808 1023 namur..
825 994 870 1018 fol.
888 994 942 1018 120.
958 1008 991 1012 —
1004 994 1128 1023 Bulaeus,
1145 994 1191 1022 111.
1207 994 1261 1018 194.
1277 1007 1308 1011 —
1323 994 1389 1018 cum
1408 994 1458 1017 hoc
1476 994 1662 1018 documentum
1681 998 1771 1018 careat
1789 997 1860 1023 notu,
1881 1003 1933 1027 quo
1952 1003 2042 1019 mense
2062 996 2142 1020 fuerit

259 1039 360 1068 datum,
374 1047 424 1071 pro
439 1041 510 1063 certo
523 1038 654 1063 affirmari
673 1038 772 1070 nequit,
789 1042 878 1062 utrum
901 1039 935 1062 ad
955 1047 997 1062 un.
1014 1039 1084 1067 1244.
1100 1047 1134 1062 an
1154 1038 1188 1062 ad
1207 1046 1249 1062 un.
1267 1039 1328 1062 1245
1347 1038 1383 1062 sit
1402 1039 1578 1063 referendum.
1600 1039 1748 1063 Verisimile
1762 1042 1803 1064 est
1817 1042 1906 1063 tamen
1919 1041 2068 1064 confectum
2082 1049 2140 1065 esse

260 1091 350 1108 mense
362 1083 516 1112 Februario,
531 1082 601 1107 sicut
614 1083 775 1115 praecedens
790 1083 860 1115 quod
876 1083 903 1107 in
918 1083 1000 1107 Codd.
1013 1083 1076 1115 neg.
1093 1084 1140 1107 1106
1154 1086 1180 1107 et
1194 1083 1327 1115 phillipps
1342 1084 1397 1112 876,
1414 1083 1495 1107 immo
1509 1083 1536 1107 in
1550 1084 1634 1107 altero
1648 1084 1776 1116 proxime,
1793 1084 1973 1116 subsequitur,
1990 1085 2031 1109 vel
2046 1085 2140 1109 saltem

260 1131 320 1152 unte
335 1127 582 1160 Quadragesimam,
597 1135 658 1151 cum
673 1130 772 1152 statuto
787 1127 944 1152 artistarum
958 1128 1115 1160 plerumque
1130 1127 1181 1152 isto
1195 1130 1314 1160 tempore
1328 1128 1398 1152 editu
1413 1128 1589 1152 inveniuntur,

354 1213 376 1236 1.
392 1212 478 1237 Verba
494 1220 506 1237 α
521 1213 593 1245 quod
606 1212 737 1244 contingit
796 1212 919 1236 similiter
933 1215 995 1244 post
1008 1212 1152 1244 prandium
1167 1221 1178 1235 υ
1195 1221 1246 1236 om.
1263 1213 1320 1236 Vnt.
1335 1213 1398 1244 Reg.
1414 1214 1469 1236 406.

265 1386 373 1424 138.
405 1395 588 1422 Innocentius
610 1396 655 1422 IV
669 1396 755 1422 Petro
777 1395 954 1422 cancellar-io
982 1395 1154 1429 Parisiensi,
1179 1399 1210 1421 ut
1240 1395 1369 1430 religiosi
1391 1399 1418 1421 e!
1442 1395 1539 1421 clerici
1562 1395 1730 1422 saeculares
1754 1395 1795 1422 ad
1817 1396 1995 1423 taxationem
2019 1406 2139 1423 suarum

347 1443 494 1471 domorum
509 1448 650 1480 cogantur·
664 1448 692 1470 et
704 1444 741 1471 de
756 1444 839 1471 modo
855 1444 1025 1471 taxationis.

1507 1494 1582 1523 1245,
1597 1494 1686 1520 urae-tit·
1696 1495 1722 1524 5,
1738 1494 1853 1527 Lugduni.

349 1568 586 1602 Innocentius
620 1568 817 1614 episcopus
856 1580 986 1602 servus
1025 1580 1217 1602 servorum
1260 1568 1325 1601 Dei
1356 1567 1490 1602 dilecto
1520 1568 1595 1601 filio
1619 1595 1639 1601 ..
1667 1568 1884 1602 cancellario
1921 1569 2138 1602 Parisiensi¹

259 1633 412 1668 salutem
442 1641 479 1668 et
503 1634 742 1680 apostolicam
771 1634 1080 1668 benedictionem.
1113 1635 1184 1668 Sua
1215 1634 1323 1668 nobis
1351 1634 1474 1668 dilecti
1504 1634 1569 1668 filii
1599 1635 1762 1681 magistri
1789 1642 1825 1669 et
1851 1635 2012 1669 scolares
2042 1636 2140 1669 Pari-

259 1701 404 1735 sienses
435 1701 611 1747 petitione
642 1708 904 1743 monstrarunt,
935 1701 1034 1747 quod
1063 1713 1144 1735 cum
1175 1701 1262 1735 olim
1290 1701 1400 1735 iidem
1428 1701 1465 1735 in
1495 1701 1683 1735 solvendis
1712 1701 1954 1748 hospitiorum
1989 1714 2138 1736 suorum

259 1767 502 1813 pensionibus
535 1768 816 1802 intolerabiliter
850 1775 1101 1815 gravarentur,
1138 1768 1282 1802 tandem
1313 1768 1358 1802 de
1387 1780 1572 1802 consensu
1607 1775 1642 1802 et
1670 1768 1855 1802 voluntate
1889 1769 2069 1803 carissimi
2103 1770 2141 1803 in

259 1833 406 1868 Christo
435 1833 501 1868 filii
530 1835 647 1869 nostri
676 1861 697 1868 ..
724 1834 880 1869 illustris
911 1835 1012 1881 regis
1042 1835 1284 1869 Francorum²
1314 1834 1578 1869 deliberatione
1608 1835 1758 1881 provida
1789 1842 1968 1869 taxatores
1997 1836 2042 1869 ad
2071 1835 2140 1870 hoc

258 1901 358 1935 viros
385 1901 560 1947 providos
586 1901 817 1947 deputarunt.
844 1903 979 1936 Verum
1004 1902 1088 1948 quia
1113 1902 1282 1936 nonnulli
1308 1901 1474 1948 religiosi
1499 1909 1535 1936 et
1557 1902 1681 1936 clerici
1702 1902 1900 1944 seculares,
1928 1903 1990 1948 qui
2011 1902 2140 1937 domos

259 1966 395 2001 habent
426 1967 601 2010 Parisius,
629 1968 740 2002 taxari
771 1969 901 2002 domos
931 1969 1030 2014 ipsas
1065 1969 1216 2002 minime
1238 1969 1434 2014 patiuntur,
1471 1975 1620 2015 propter
1654 1969 1752 2015 quod
1784 1981 1894 2015 grave
1929 1969 2139 2003 scandalum

258 2034 375 2068 oritur
407 2034 503 2068 inter
535 2035 648 2076 cives,
685 2035 871 2081 provideri
906 2047 1018 2082 super
1047 2035 1116 2069 hoc
1151 2048 1216 2082 per
1249 2035 1373 2069 sedem
1409 2035 1644 2082 apostolicam
1676 2036 1870 2082 petierunt.
1907 2037 1997 2071 Cum
2028 2037 2141 2083 igitur

259 2100 451 2146 indignum
482 2101 542 2143 sit,
570 2107 610 2135 ut
634 2101 743 2136 iidem
779 2102 945 2148 religiosi
975 2109 1011 2136 et
1039 2102 1164 2136 clerici
1198 2103 1235 2136 in
1265 2102 1334 2136 hoc
1369 2102 1562 2136 exhibeant
1590 2115 1630 2136 se
1660 2103 1840 2144 difficiles,
1869 2103 1906 2136 in
1936 2115 2008 2149 quo
2033 2103 2138 2145 alios,

259 2167 433 2213 precipue
467 2167 599 2210 laicos,
634 2167 740 2202 decet
773 2180 837 2203 eos
871 2168 1042 2203 benivole
1075 2169 1285 2215 prevenire,
1322 2169 1536 2203 discretioni
1569 2176 1630 2203 tue
1665 2182 1729 2215 per
1764 2170 1963 2215 apostolica
2006 2170 2139 2215 scripta

260 2233 486 2275 mandamus,
508 2234 692 2279 quatinus,
715 2235 746 2268 si
767 2241 824 2268 est
849 2235 911 2278 ita,
932 2241 1112 2269 taxatores
1139 2235 1294 2270 idoneos
1315 2236 1410 2269 sicut
1434 2236 1470 2269 in
1491 2236 1671 2269 taxatione
1697 2235 1937 2281 hospitiorum
1964 2236 2137 2269 laicorum

259 2299 296 2332 in
316 2299 517 2334 eorundem
538 2299 811 2346 religiosorum,
833 2301 940 2335 etiam
961 2302 992 2335 si
1013 2302 1222 2348 Templarii,
1250 2302 1496 2348 Hospitalarii,
1518 2303 1786 2337 Cistercicnscs
1810 2309 1871 2335 aut
1890 2303 2139 2336 Premonstra-

259 2366 404 2400 tenses³
423 2373 485 2400 aut
509 2367 690 2413 cujusque
716 2367 858 2402 ordinis
885 2368 1032 2411 suerint,
1055 2375 1092 2402 et
1117 2368 1335 2403 clericorum
1363 2368 1534 2403 domibus
1560 2369 1772 2402 auctoritate
1798 2369 1997 2414 apostolica
2024 2369 2138 2414 depu-

258 2439 334 2466 tare
361 2444 550 2479 procures.
582 2433 619 2467 Si
650 2445 738 2467 vero
772 2434 817 2468 de
846 2434 949 2468 laicis
978 2435 1212 2480 nequiverint
1243 2442 1495 2469 contaxatores
1531 2434 1670 2477 haberi,
1705 2435 1811 2468 liceat
1840 2435 1984 2469 clericis
2018 2442 2137 2469 taxare

258 2499 420 2545 predicta
444 2499 602 2546 hospitia
621 2500 666 2534 ad
694 2500 764 2535 hoc
789 2501 998 2547 specialiter
1016 2501 1211 2547 deputatis.
1233 2501 1532 2536 Contradictores
1552 2514 1617 2548 per
1637 2514 1827 2535 censuram
1854 2502 2135 2536 ecclesiasticam

257 2565 502 2612 appellatione
522 2567 725 2612 postposita
746 2567 1028 2614 compescendo.
1047 2569 1125 2602 Dat.
1145 2568 1314 2614 Lugduni
1335 2569 1371 2614 iij
1394 2580 1480 2602 non.
1503 2569 1635 2610 Martii,
1659 2568 1889 2614 pontificatus
1910 2570 2026 2603 nostri
2041 2581 2137 2603 anno

258 2632 436 2666 seeundo.

350 2729 487 2763 osigia-le
507 2731 534 2755 iu
553 2731 631 2756 Areh.
648 2735 701 2756 nat.
718 2732 803 2756 Pru-is.
819 2732 847 2756 L.
864 2733 919 2762 2114,
934 2737 965 2756 n⁰
978 2734 1018 2757 68.
1034 2733 1111 2757 Bulla
1130 2733 1255 2765 plumbea
1272 2733 1323 2757 filis
1339 2733 1451 2758 cannah.
1466 2734 1635 2766 appenditur.
1652 2734 1804 2758 Pertinebnt
1822 2734 1855 2758 ad
1875 2734 1951 2758 Arch.
1970 2734 2090 2758 Univers.
2106 2748 2137 2752 —

257 2773 377 2807 Epistola
391 2774 525 2800 invonitur
538 2776 619 2801 etism
634 2776 734 2801 inserta
748 2777 844 2801 litteris
857 2777 950 2802 Adsmi
965 2778 1170 2803 Silvsnsctensis
1182 2778 1301 2810 episcopi
1316 2786 1358 2802 an.
1371 2779 1432 2802 1252
1446 2778 1473 2802 in
1488 2778 1564 2803 Areh.
1581 2781 1635 2804 not.
1651 2778 1735 2803 Paris.
1748 2779 1780 2803 M.
1794 2780 1855 2808 MA.
1867 2783 1897 2802 11⁰
1911 2780 1926 2803 3
1935 2779 2014 2811 (infra
2028 2783 2058 2803 n·
2073 2779 2135 2812 wo).

256 2832 289 2837 —
301 2818 371 2844 Bibl.
387 2819 520 2853 Phillipps
539 2820 566 2845 in
586 2820 769 2851 Chsltonham,
786 2830 835 2846 ms.
852 2823 908 2851 876,
925 2823 971 2847 sol.
988 2823 1025 2847 14.
1047 2823 1111 2847 Cod.
1128 2823 1185 2847 vat.
1202 2823 1266 2855 neg.
1286 2824 1342 2852 406,
1363 2823 1407 2847 rol.
1426 2823 1479 2847 1³⁵.
1498 2825 1519 2854 (ι
1536 2823 1708 2855 Privilegium
1727 2824 1797 2847 dom.
1818 2832 1886 2856 pope
1906 2832 1986 2856 super
2005 2824 2137 2848 taxatione

257 2862 435 2896 hospitiorum
448 2865 567 2889 omnium
581 2868 608 2890 et
621 2866 790 2898 singulorum
809 2866 996 2899 religiosorum
1015 2871 1042 2892 st
1059 2868 1092 2892 de
1111 2867 1189 2892 modo
1208 2867 1350 2892 taxationis
1366 2870 1399 2898 n.)
1415 2868 1539 2897 Bulaeus,
1555 2868 1601 2897 m,
1621 2868 1675 2892 1⁹5.
1696 2868 1760 2892 Vide
1779 2871 1916 2901 praeterea
1937 2876 2018 2900 supra
2037 2873 2067 2892 n⁰
2082 2869 2134 2892 1¹4.

257 2907 295 2933 Cf.
310 2908 449 2940 Jourdain,
465 2910 506 2935 La
520 2913 587 2936 taxe
596 2911 645 2936 des
657 2911 811 2942 loaements
825 2913 896 2937 dam
907 2911 1090 2938 l'tlniversm
1100 2913 1134 2937 de
1146 2912 1232 2938 Paris
1246 2911 1332 2944 (Mem.
1348 2912 1381 2936 de
1395 2913 1421 2936 la
1436 2913 1494 2937 Soc.
1511 2913 1543 2937 de
1557 2912 1638 2937 l'hist.
1655 2913 1687 2937 de
1702 2913 1786 2942 Puris,
1804 2913 1883 2943 1878).

352 2993 375 3017 1.
391 2993 455 3018 Post
469 2993 587 3019 Odonsui
602 2995 634 3019 de
649 2995 742 3020 Castro
758 2996 900 3029 Rndulphi,
917 2996 962 3029 qui
978 2997 1047 3026 1244.
1063 2998 1094 3021 28
1108 2997 1179 3025 Maii,
1195 3006 1254 3021 cum
1271 2997 1390 3021 undecim
1405 2997 1466 3021 aliis
1481 2997 1624 3021 cardinalis
1639 3001 1743 3021 creatus
1758 3001 1806 3025 est,
1822 3001 1848 3021 et
1863 2998 1892 3021 12
1907 2997 2031 3021 novemb.
2048 2997 2136 3020 cardi-
