2618 3640
495 442 516 474 4
1077 446 1396 470 CHARTULARIUM
1430 445 1621 468 UNIVERS.
1658 443 1787 466 PARIS.

496 525 665 570 quatinus
686 535 752 569 pro
772 522 974 557 reverentia
990 521 1086 555 beati
1103 521 1199 554 Petri
1220 533 1259 554 ae
1281 526 1418 561 nostra,
1440 518 1735 552 consideratione
1757 528 1904 562 quoque
1926 527 1991 549 sue
2014 514 2236 556 devotionis,
2253 514 2373 560 ipsum

495 591 602 625 oculo
623 590 850 624 clementiori
870 589 1064 635 respicias,
1086 588 1218 634 diligas
1239 594 1275 620 et
1294 586 1473 628 honores,
1500 585 1644 630 sibique
1666 591 1913 630 opportunum
1933 581 2149 624 consilium,
2176 581 2207 616 si
2228 581 2374 627 quando

496 670 588 704 opus
609 657 788 699 habuerit,
810 656 975 690 conferas
997 662 1031 688 et
1050 655 1222 696 favorem,
1244 654 1291 687 ita
1313 653 1410 698 quod
1430 659 1574 685 nostras
1601 663 1730 697 preces
1751 650 1822 684 sibi
1844 650 1976 684 sentiat
2000 649 2228 695 profuturas,
2251 655 2286 682 et
2305 660 2374 682 nos

496 737 641 771 quoque
662 731 722 757 tue
744 723 983 757 sollicitudini
1003 722 1137 768 gratias
1158 721 1292 754 uberes
1314 719 1556 753 exsolvamus.
1579 720 1658 751 Dat.
1683 718 1840 751 Senonis
1860 717 1908 762 vij
1930 716 2000 750 kal.
2022 716 2195 762 Augusti.

589 822 706 847 Recueil
720 823 766 846 des
776 820 936 846 Historiens
951 821 998 844 des
1015 820 1116 844 Gaules
1131 820 1183 848 XV,
1199 819 1254 842 819.
1270 832 1301 836 ——
1315 818 1411 850 Migne,
1427 817 1536 842 Patrol.
1552 817 1612 846 lat„
1629 821 1691 841 tom.
1708 816 1758 846 CC,
1774 825 1801 848 p.
1819 816 1873 839 299.

496 1038 541 1075 3.
564 1046 731 1073 Alexander
746 1047 793 1071 III
809 1045 943 1071 Willelmo
960 1044 1175 1080 archiepiscopo
1192 1043 1349 1069 Senonensi
1360 1046 1547 1079 praeceptum
1570 1046 1694 1076 renovat,
1713 1046 1744 1068 ut
1762 1042 1959 1077 suffraganeis
1973 1041 2106 1067 Parisios
2122 1041 2283 1068 convocatis
2296 1041 2377 1068 Petri

584 1095 738 1122 Lombardi
761 1094 904 1130 quondam
929 1094 1056 1130 episcopi
1078 1093 1255 1119 Parisiensis
1278 1091 1387 1126 falsam
1411 1092 1584 1118 sententiam
1607 1091 1643 1118 de
1670 1091 1781 1118 Christo
1806 1091 1918 1117 homine
1941 1090 2098 1117 tollendam
2123 1093 2211 1126 curet,
2234 1093 2263 1117 et
2283 1098 2376 1116 veram

584 1144 688 1170 ibidem
704 1152 722 1169 a
738 1144 884 1178 magistris
900 1146 928 1168 et
941 1142 1123 1168 scholaribus
1139 1141 1260 1168 edoceri.

1760 1204 1804 1230 117
1807 1204 1833 1234 0,
1848 1204 1911 1230 Maii
1919 1203 1966 1234 28,
1983 1204 2085 1230 Vomlt'e.

582 1293 787 1326 Alexander
808 1293 1004 1338 episeopus
1026 1305 1155 1326 servus
1177 1304 1366 1326 servorum
1388 1292 1454 1325 Dei
1474 1291 1675 1325 venerabili
1697 1291 1797 1325 fratri
1813 1291 2005 1328 Willelmo
2027 1291 2234 1325 Senonensi
2257 1289 2376 1324 archi-

493 1361 665 1406 episcopo
695 1359 894 1406 apostolice
924 1359 1024 1393 sedis
1051 1359 1171 1405 legato
1201 1359 1354 1392 salutem
1385 1366 1421 1392 et
1449 1358 1686 1404 apostolicam
1718 1358 2026 1392 benedictionem.
2060 1359 2153 1392 Cum
2182 1358 2220 1391 in
2250 1364 2375 1392 nostra

493 1439 596 1461 esses
621 1427 707 1460 olim
734 1427 916 1472 presentia
942 1426 1181 1467 constitutus,
1203 1425 1269 1459 tibi
1294 1426 1373 1459 viva
1396 1437 1486 1459 voce
1511 1425 1756 1471 injunximus,
1782 1432 1821 1458 ut
1846 1425 2088 1471 suffraganeis
2113 1425 2186 1458 tuis
2211 1424 2374 1458 Parisius

492 1494 558 1527 tibi
578 1494 702 1527 ascitis
723 1493 766 1527 ad
787 1493 1061 1539 abrogationem
1083 1505 1191 1538 prave
1213 1493 1378 1526 doctrine
1395 1493 1491 1526 Petri
1509 1493 1691 1538 quondam
1708 1492 1928 1526 parisiensis
1944 1492 2122 1538 episcopi,
2140 1503 2210 1537 qua
2227 1491 2373 1534 dicitur,

493 1561 591 1606 quod
612 1560 781 1595 Christus
807 1560 1008 1593 seeundum
1035 1560 1132 1605 quod
1154 1566 1210 1593 est
1233 1559 1342 1593 homo
1368 1572 1441 1593 non
1467 1566 1523 1593 est
1546 1559 1702 1605 aliquid,
1729 1559 1877 1592 omnino
1899 1559 2111 1592 intenderes
2132 1565 2168 1597 et
2193 1558 2373 1592 efficacem

494 1640 640 1673 operam
668 1626 875 1660 adhiberes.
912 1627 1000 1660 Inde
1032 1627 1212 1672 siquidem
1243 1634 1316 1668 est,
1339 1627 1437 1672 quod
1464 1627 1679 1660 fraternitati
1707 1633 1767 1659 tue
1794 1638 1859 1672 per
1886 1625 2085 1672 apostolica
2113 1626 2247 1672 scripta
2274 1638 2375 1660 man-

494 1695 634 1736 damus,
666 1694 849 1739 quatinus,
880 1694 978 1738 quod
1006 1693 1084 1735 tibi,
1115 1706 1195 1726 cum
1223 1706 1343 1727 coram
1377 1693 1484 1727 nobis
1511 1705 1666 1739 presens
1700 1705 1817 1735 esses,
1846 1693 2091 1739 precepimus,
2122 1693 2374 1738 suffraganeos

494 1768 576 1794 tuos
597 1761 758 1794 Pal-isius
778 1772 973 1802 convoces,
996 1767 1029 1793 et
1050 1772 1120 1793 una
1141 1773 1221 1793 cum
1243 1760 1317 1794 illis
1338 1767 1374 1794 et
1393 1761 1474 1794 aliis
1495 1760 1682 1806 religiosis
1704 1767 1739 1793 et
1759 1759 2003 1805 prudentibus
2024 1760 2113 1794 viris
2134 1760 2372 1806 prescriptam

495 1828 694 1861 doctrinam
717 1827 864 1861 studeas
890 1827 1035 1873 penitus
1056 1827 1247 1873 abrogare,
1269 1834 1305 1861 et
1329 1840 1347 1861 a
1368 1827 1553 1873 magistris
1570 1826 1774 1861 scolaribus
1795 1826 1931 1860 ibidem
1953 1827 1990 1860 in
2012 1827 2197 1873 theologia
2222 1826 2374 1861 studen-

494 1894 592 1928 tibus
619 1894 804 1928 Christum
835 1894 928 1927 sicut
955 1895 1154 1939 perfectum
1176 1896 1306 1935 Deum,
1337 1895 1389 1928 sic
1419 1902 1453 1928 et
1481 1895 1681 1940 perfectum
1706 1906 1745 1927 ac
1771 1905 1896 1927 verum
1923 1893 2107 1927 hominem
2130 1907 2173 1927 ex
2198 1894 2316 1927 anima
2339 1900 2376 1928 et

494 1973 647 2006 corpore
682 1961 883 1994 secundum
918 1961 1015 2006 quod
1050 1960 1158 1994 homo
1193 1962 1454 1995 consistentem
1490 1961 1670 2007 precipias
1706 1961 1852 1994 edoceri
1885 1973 1892 1994 :
1932 1961 2117 1995 universis
2152 1961 2305 1995 firmiter
2340 1967 2375 1994 et

495 2028 665 2061 distincte
686 2027 902 2073 injungens,
924 2028 1022 2072 quod
1048 2028 1247 2061 doctrinam
1274 2028 1370 2061 illam
1393 2028 1438 2061 de
1459 2035 1580 2062 cetero
1602 2035 1728 2062 tenere
1750 2039 1815 2061 seu
1837 2028 1970 2061 docere
1992 2040 2218 2073 nequaquam
2245 2040 2375 2073 presu-

496 2101 605 2136 mant,
628 2094 693 2127 sed
714 2094 827 2139 ipsam
849 2094 994 2139 penitus
1015 2094 1254 2128 detestentur.
1273 2096 1351 2128 Dat.
1374 2095 1522 2129 Verulis
1537 2108 1559 2129 v
1580 2095 1649 2129 kal.
1667 2094 1778 2128 Junii.

589 2192 779 2223 Apogrnphum
794 2200 861 2215 saec.
875 2193 942 2216 XIII.
959 2192 984 2215 in
996 2192 1120 2216 Biblioth.
1138 2196 1190 2216 nat.
1207 2193 1291 2217 Paris.
1310 2202 1358 2216 ms.
1375 2194 1420 2217 lat.
1440 2194 1525 2223 16992,
1538 2194 1581 2218 fol.
1596 2194 1649 2218 138.
1661 2209 1692 2212 —
1703 2194 1819 2219 Recueil
1834 2195 1881 2219 des
1893 2194 2055 2220 Historiens
2070 2196 2116 2219 des
2131 2194 2238 2219 Gaules
2253 2194 2306 2223 XV,
2317 2195 2372 2218 968.

496 2236 591 2268 Migne,
607 2237 716 2261 Patrol.
734 2237 794 2265 lat.,
813 2240 876 2260 tom.
893 2237 942 2265 CC,
963 2246 988 2269 p.
1001 2238 1055 2261 685.
1069 2252 1100 2255 -
1114 2239 1240 2263 Annales
1254 2238 1537 2270 Reichersperqenses
1551 2240 1670 2263 referunt
1686 2240 1742 2271 jam
1757 2240 1790 2263 ad
1806 2248 1848 2263 nn.
1865 2240 1935 2269 1164,
1953 2248 1965 2263 a
1981 2239 2040 2271 ipso
2059 2247 2137 2268 anno,
2154 2247 2213 2262 cum
2228 2247 2276 2271 per
2290 2242 2374 2263 totam

496 2281 634 2304 Franciam
650 2281 746 2304 multae
762 2285 787 2305 et
801 2281 890 2305 variae
911 2282 1054 2305 sententiae
1074 2283 1234 2306 haberentur
1253 2284 1284 2306 de
1304 2283 1355 2306 fide
1378 2283 1446 2307 inter
1466 2284 1609 2315 magistros
1631 2284 1807 2316 francigenas,
1824 2284 1970 2308 Alexander
1989 2293 2060 2316 papa
2075 2284 2225 2308 convocatis
2246 2284 2272 2307 in
2292 2292 2375 2308 unum

498 2325 626 2357 (Senonis)
637 2325 802 2349 scholasticis
813 2329 838 2349 et
848 2326 996 2358 quibusque
1010 2327 1133 2350 litteratis
1150 2327 1176 2350 in
1192 2328 1251 2359 ipsa
1266 2328 1358 2359 vigilia
1373 2328 1519 2352 nativitatis
1534 2329 1634 2352 domini
1645 2329 1693 2360 (24.
1706 2329 1776 2362 Dec.)
1787 2337 1870 2361 usque
1885 2329 1919 2352 ad
1934 2329 1994 2358 tria,
2006 2332 2036 2352 ut
2050 2330 2142 2358 fertur,
2154 2329 2228 2352 milia
2239 2329 2280 2352 vel
2295 2329 2376 2358 ultra,

497 2378 556 2393 cum
571 2370 775 2393 assentientibus
795 2370 846 2393 sibi
867 2371 970 2394 domnis
991 2371 1170 2395 cardinalibus
1190 2373 1375 2396 condemnavit
1396 2376 1422 2396 et
1441 2373 1547 2396 omnino
1568 2373 1704 2397 interdixit
1718 2382 1808 2397 omncs
1828 2377 1920 2406 tropos
1940 2377 1965 2398 ct
1980 2374 2192 2406 indisciplinatus
2209 2373 2376 2406 quaestione!

497 2414 524 2437 in
539 2414 680 2446 theologia,
701 2414 896 2446 Parisiensique
916 2415 1040 2447 episcopo
1054 2417 1197 2448 praecepit,
1214 2420 1243 2440 ut
1262 2425 1309 2448 per
1328 2420 1410 2441 totam
1430 2418 1568 2441 Franciam
1589 2426 1633 2441 eas
1653 2422 1839 2450 compesceret.
1858 2418 1992 2442 Sententia
2012 2422 2099 2442 autem
2115 2419 2146 2442 de
2161 2418 2247 2450 gloria
2262 2417 2377 2442 homini·

498 2459 524 2481 in
547 2459 628 2482 Deum
647 2459 777 2491 assumpti
802 2463 827 2483 et
845 2459 871 2482 in
891 2460 973 2483 Deum
997 2461 1051 2483 nati
1076 2461 1224 2492 approbata
1248 2465 1288 2485 est
1308 2462 1344 2485 ibi
1366 2470 1455 2486 coram
1469 2471 1541 2494 papa
1556 2471 1586 2486 uc
1602 2462 1727 2486 roborata
1749 2463 1907 2495 conscriptis
1929 2463 1989 2487 inde
2011 2466 2115 2487 centum
2138 2462 2332 2495 quinquaginta
2353 2465 2379 2487 et

499 2511 528 2526 co
544 2503 658 2534 amplius
673 2503 873 2527 auctoritatibus
890 2512 911 2527 ι).
928 2504 1006 2529 Mon.
1024 2505 1116 2530 Germ.
1133 2506 1210 2535 XVII,
1225 2507 1280 2530 471.

501 2714 547 2750 4.
570 2723 738 2750 Alexander
753 2725 799 2750 III
812 2725 953 2761 episcopis
966 2735 1019 2762 per
1038 2735 1154 2761 regnum
1169 2729 1342 2754 Francorum
1358 2730 1520 2756 constitutis
1532 2730 1687 2766 praecipit,
1706 2739 1741 2756 ne
1756 2731 1785 2756 in
1800 2739 1896 2756 eorum
1912 2729 2042 2757 ecclesiis
2054 2738 2108 2766 pro
2124 2729 2243 2756 licentia
2258 2729 2380 2756 docendi

589 2773 712 2808 pecunia
729 2773 870 2808 exigatur,
889 2775 1003 2800 etiamsi
1018 2775 1088 2801 haec
1104 2777 1197 2811 vigeat
1211 2777 1394 2804 consuetudo.

1586 2842 1740 2872 1170-1172,
1758 2841 1875 2868 Octobris
1889 2841 1935 2872 20,
1954 2842 2091 2868 rusculam.

595 2922 780 2956 Fratribus
808 2931 843 2957 ct
865 2925 1047 2970 episcopis
1070 2939 1134 2972 per
1162 2940 1314 2973 regnum
1342 2930 1562 2963 Francorum
1589 2930 1810 2963 constitutis.
1838 2930 1980 2974 Quanto
2011 2929 2196 2964 Gallicana
2225 2928 2380 2963 ecclesia

507 2990 680 3034 majorum
709 3002 944 3035 personarum
974 2993 1123 3027 scientia
1144 3001 1179 3028 et
1205 2995 1393 3029 honestate
1423 2996 1619 3042 presulget‚
1648 3003 1683 3030 et
1712 2997 1853 3031 cautius
1882 2997 2009 3030 nititur
2037 2997 2170 3030 evitare
2197 3008 2267 3041 que
2294 3007 2381 3029 con—
