2580 3528
465 413 531 446 420
1050 422 1370 445 ann'rULAamM
1403 421 1595 444 umvnns.
1632 420 1762 443 PARJS.
2246 409 2345 450 [1261

465 497 627 530 Parisius
662 503 731 530 tam
766 497 803 530 in
836 497 917 530 vico
953 497 1073 530 Sancti
1108 495 1294 542 Stephani,
1324 508 1431 541 quam
1462 502 1544 529 ante
1573 501 1712 541 portam
1742 494 1892 527 fratrum
1922 493 2194 527 Predicatorum
2225 492 2347 527 Sancti

464 563 602 606 Jacobi,
625 563 694 597 sub
714 563 780 597 hac
800 564 914 597 forma
935 563 1033 608 quod
1054 574 1234 609 pauperes
1256 562 1436 596 scolares·
1464 561 1629 595 habitent
1647 561 1685 594 in
1706 560 1844 594 eisdem
1866 560 1925 594 vel
1949 559 2050 601 alibi,
2071 559 2135 593 ubi
2155 559 2287 593 melius
2311 565 2346 593 et

466 631 694 664 commodius
716 631 794 664 fieri
816 630 949 676 poterit
969 642 1034 676 per
1053 630 1257 675 legitimum
1279 628 1501 662 escambium
1527 628 1586 662 vel
1610 628 1728 661 forum
1750 627 1795 660 ad
1815 639 1908 673 opus
1929 627 2109 661 dictorum
2135 626 2343 661 scolarium.

466 699 512 731 Et
531 698 562 731 si
583 698 770 743 contingat
790 697 889 742 quod
909 697 980 742 ipsi
1005 696 1166 730 scolares
1186 695 1344 729 habeant
1363 695 1550 741 capellam,
1576 694 1749 728 sacerdos
1770 693 1905 727 ibidem
1926 693 2117 727 celebrans
2138 692 2347 739 specialiter

465 771 546 798 oret
564 764 697 798 cotidie
719 765 756 797 in
776 775 914 797 canone
935 764 1046 797 misse
1068 775 1134 808 pro
1155 762 1330 808 magistro
1350 761 1515 795 Johanne
1542 761 1639 794 bone
1659 761 1835 794 memorie
1856 760 2039 806 quondam
2065 760 2203 794 decano
2224 759 2345 794 Sancti

465 831 661 875 Quintini²,
684 831 746 876 qui
775 831 889 864 dictas
920 831 1048 863 domos
1078 829 1242 862 construi
1271 829 1369 870 fecit,
1401 835 1437 861 et
1464 840 1530 874 pro
1555 828 1673 861 anima
1703 839 1781 861 mea
1806 833 1843 860 et
1864 828 2014 860 fratrum
2045 835 2221 861 meorum>
2238 827 2345 861 here-

464 898 624 943 dumque
646 909 808 931 suorum.
837 898 963 930 Ratum
986 903 1021 929 et
1040 902 1182 941 gratum
1203 895 1395 928 habiturus
1417 894 1597 940 quidquid
1618 894 1737 927 dictus
1759 894 1919 927 decanus
1941 893 2120 939 Royensis
2140 893 2344 928 ordinando

463 976 529 998 seu
558 964 788 1009 disponendo
824 963 967 996 duxerit
995 962 1213 1003 faciendum,
1245 962 1282 995 in
1313 962 1488 1007 predictis
1517 961 1669 1009 liberam
1700 967 1736 994 et
1763 960 1972 1006 generalem
2002 960 2121 993 eidem
2150 960 2344 994 conferens

462 1031 811 1064 administrationem
832 1030 869 1062 in
890 1029 1081 1075 premissis
1103 1028 1286 1062 omnibus.
1310 1029 1351 1061 In
1372 1029 1477 1074 cujus
1498 1028 1551 1062 rei
1574 1027 1822 1061 testimonium
1847 1033 2039 1073 presentes
2059 1026 2199 1060 litteras
2219 1025 2344 1073 sigillo

462 1109 544 1130 meo
574 1104 609 1130 et
633 1097 760 1130 decani
787 1096 1012 1142 Nigellensis
1040 1096 1196 1129 munitas
1224 1095 1342 1128 eidem
1372 1095 1552 1128 concessi.
1575 1096 1654 1128 Dat.
1683 1094 1780 1140 apud
1803 1093 1982 1140 Nigellam
2007 1094 2045 1127 in
2073 1093 2199 1140 vigilia
2228 1093 2344 1128 sancti

462 1164 607 1197 Martini
629 1164 793 1209 episcopi
813 1175 907 1196 anno
929 1163 1075 1196 Domini
1096 1164 1148 1196 Μο
1160 1162 1235 1197 CC⁰
1256 1162 1486 1208 sexagesimo
1507 1162 1637 1208 primo.

559 1253 684 1278 Vidimus
699 1252 821 1276 officialis
837 1252 925 1276 curiae
940 1252 1024 1275 Paris.
1041 1260 1083 1276 an.
1101 1253 1162 1275 1264
1178 1252 1268 1282 (1265),
1284 1251 1405 1275 sanum-ii
1416 1252 1455 1280 13,
1471 1251 1498 1275 in
1509 1251 1586 1275 Arch.
1598 1254 1652 1275 nat.
1669 1251 1753 1275 Paris.
1771 1251 1797 1274 S.
1814 1251 1885 1279 6213,
1902 1254 1931 1274 n⁰
1946 1250 2000 1274 150.
2018 1250 2119 1274 Ibidem
2131 1253 2217 1274 exstat
2230 1249 2344 1286 epistol·

458 1298 581 1321 officialis
597 1298 680 1321 Paris.
698 1306 739 1320 an.
757 1297 817 1320 1262
834 1297 923 1327 (1263),
943 1296 1031 1320 Martii
1046 1297 1084 1324 22,
1106 1296 1132 1320 ἰη
1148 1304 1200 1328 qua
1216 1296 1367 1320 declaratur
1381 1296 1529 1320 Johunnem
1544 1296 1576 1319 de
1592 1295 1701 1324 Kelinis,
1718 1295 1878 1327 magistrum
1892 1295 2036 1319 Robertum
2051 1295 2083 1318 de
2098 1294 2218 1318 Sorbona
2231 1297 2258 1318 et
2271 1294 2342 1319 dom.

459 1343 629 1367 Guillelmum
646 1343 677 1365 dc
697 1343 835 1370 Memonte,
857 1350 949 1365 canon.
972 1342 1003 1365 de
1023 1341 1170 1370 Meleduno,
1193 1341 1364 1364 substituisse
1382 1344 1408 1364 et
1426 1340 1597 1364 constituisse
1615 1343 1813 1372 procuratores,
1829 1343 1859 1363 ut
1873 1343 1983 1371 agerent
2002 1340 2034 1363 de
2049 1339 2181 1368 domibus,
2195 1342 2277 1371 prout
2290 1338 2344 1364 nihi

458 1388 545 1411 visum
561 1387 655 1410 fuisset
668 1386 799 1418 expedire.
817 1386 881 1409 Vide
895 1389 1032 1418 praeterea
1048 1386 1167 1409 chartam
1183 1394 1225 1409 nn.
1243 1386 1305 1409 1259
1324 1385 1388 1409 ibid.
1406 1386 1432 1409 S.
1449 1386 1519 1414 6219,
1537 1389 1566 1408 n⁰
1584 1387 1607 1414 6,
1629 1388 1756 1417 quantum
1776 1385 1810 1408 ad
1825 1384 1996 1409 Guillelmum
2011 1384 2043 1408 de
2062 1384 2200 1408 Memonte.
2216 1384 2264 1408 An.
2279 1383 2342 1408 12⁶³

458 1432 588 1456 Robertus
603 1432 635 1455 de
651 1431 770 1455 Son-bona
786 1431 850 1454 istas
866 1431 959 1454 domos
974 1439 1033 1454 cum
1049 1430 1119 1459 aliis,
1135 1438 1202 1462 quae
1218 1430 1290 1462 regis
1305 1430 1431 1454 Ludovici
1445 1433 1528 1459 erant,
1546 1430 1727 1454 commutavit.
1744 1429 1783 1453 Cf.
1797 1429 1867 1453 infra
1881 1433 1911 1452 11⁰
1925 1430 1980 1453 393.
2183 1438 2185 1440 ’

552 1509 575 1532 1.
592 1508 685 1539 Agitur
699 1507 743 1531 hic
763 1507 794 1530 de
815 1507 1018 1539 quibuscunque
1039 1507 1204 1539 pauperibus
1225 1506 1402 1531 scholaribus.
1420 1521 1447 1524 —
1465 1507 1487 1531 2.
1509 1507 1561 1530 Iste
1584 1507 1699 1530 decanus
1715 1509 1755 1530 est
1773 1506 1844 1529 idem
1863 1508 1942 1537 atque
1961 1505 2006 1529 ille
2025 1505 2057 1528 de
2077 1513 2129 1537 quo
2149 1513 2231 1537 supra
2249 1504 2284 1528 11¹¹
2301 1504 2342 1533 48,

458 1554 512 1581 125,
533 1553 578 1576 129
597 1556 623 1576 et
642 1552 706 1576 alibi
727 1552 808 1576 verba
831 1552 951 1580 fecimus,
974 1552 1043 1575 unde
1058 1552 1141 1584 liquet
1155 1551 1316 1583 magistrum
1335 1552 1482 1575 Johannem
1498 1551 1530 1575 de
1545 1551 1670 1575 Barastre
1685 1551 1776 1583 plures
1794 1551 1886 1574 domos
1905 1557 1989 1582 prope
2004 1550 2092 1573 locum
2107 1550 2220 1573 fratrum
2232 1548 2342 1574 Praedi-

458 1601 577 1621 cutm-um
592 1597 743 1629 possedisse
759 1597 918 1628 minimeque
931 1605 1021 1620 omnes
1037 1596 1114 1620 dictis
1131 1596 1258 1620 fratribus
1274 1604 1316 1620 an.
1334 1597 1393 1620 1221
1411 1597 1534 1621 donasse.

457 1743 570 1779 373.
594 1760 609 1777 ‹
625 1753 734 1777 Lettres
754 1751 789 1777 de
810 1750 992 1777 [Universae
1012 1754 1168 1777 centenam
1187 1750 1276 1787 appel
1295 1750 1426 1786 interjete'
1445 1759 1513 1776 sous
1534 1750 1561 1776 le
1576 1759 1640 1776 nom
1661 1749 1696 1776 de
1719 1749 1882 1776 Guillaume
1903 1751 2015 1775 rectem
2029 1747 2141 1775 d'icelle
2157 1756 2192 1774 en
2202 1747 2342 1784 presence

545 1800 596 1827 des
612 1804 715 1836 quatre
731 1809 905 1836 procureurs
920 1800 956 1826 de
972 1799 1002 1826 la
1021 1799 1133 1835 saculte'
1148 1799 1199 1826 des
1215 1803 1286 1835 arts,
1305 1799 1340 1826 de
1355 1809 1386 1826 ce
1402 1808 1456 1836 que
1472 1799 1513 1826 les
1530 1799 1600 1826 trois
1615 1798 1742 1834 faculte's
1757 1798 1793 1824 de
1807 1798 1912 1834 de'cret,
1931 1797 1967 1824 de
1990 1796 2131 1832 theologie
2146 1800 2174 1824 et
2187 1796 2224 1823 de
2243 1795 2340 1823 mede-

545 1849 621 1876 cine'
639 1850 754 1875 avaient
769 1849 910 1886 entrepris
926 1849 962 1875 de
979 1848 1084 1875 bailler
1099 1848 1289 1884 mandentem,
1308 1858 1460 1885 revocquer
1475 1849 1602 1875 certains
1615 1849 1718 1884 proces
1733 1847 1807 1882 faits
1820 1856 1879 1884 par
1894 1846 1997 1873 lesdits
2008 1850 2121 1873 recleur
2130 1849 2340 1882 etprocuraeurs

544 1898 595 1925 des
611 1899 726 1925 nations
743 1902 838 1924 contre
854 1899 890 1924 M.
912 1897 1067 1924 Gaultierss.
1087 1898 1218 1924 Lesdites
1234 1897 1332 1924 lettres
1349 1898 1384 1924 cle
1400 1898 1459 1924 l’an
1474 1899 1553 1932 1261,
1572 1897 1611 1924 du
1627 1898 1674 1924 130
1690 1897 1794 1930 sds'rier
1809 1905 1833 1922 2.

1777 1986 1852 2015 1262.
1867 1984 2000 2012 Februarii
2013 1984 2050 2011 13.

550 2068 653 2092 Titulus
676 2071 777 2091 tantum
800 2071 885 2091 exstat
906 2068 932 2091 in
959 2067 1125 2093 Inventaire
1139 2069 1185 2093 des
1201 2067 1320 2092 anciens
1343 2067 1420 2092 mres
1442 2069 1475 2092 de
1496 2066 1682 2095 l'Universite,
1706 2066 1783 2090 Arch.
1804 2065 1927 2090 Univers.
1944 2063 2039 2093 Paris„
2056 2067 2085 2087 11⁰
2099 2064 2138 2092 98,
2154 2063 2184 2087 B.
2201 2063 2224 2088 1.
2239 2062 2266 2087 b.

549 2144 571 2167 1.
588 2144 710 2167 Facultns
726 2143 870 2167 medicinae
883 2144 938 2175 jam
954 2144 988 2167 ab
1003 2143 1078 2167 initio
1094 2151 1162 2167 saec.
1182 2143 1241 2167 XIII
1258 2143 1326 2173 (vide
1342 2151 1423 2175 supra
1438 2143 1472 2166 ad
1486 2147 1537 2166 num
1555 2144 1577 2171 8,
1594 2142 1653 2174 etc.)
1669 2142 1702 2165 ab
1717 2141 1777 2165 aliis
1802 2140 1982 2169 facultatibus,
2001 2139 2160 2171 praesertim
2177 2147 2193 2162 a
2213 2138 2338 2163 facultate

454 2189 618 2216 artistarum,
639 2188 763 2211 distincta
782 2192 846 2217 erat,
863 2191 888 2212 ct
904 2191 973 2211 certe
988 2189 1066 2220 longe
1081 2191 1141 2212 unte
1160 2196 1201 2211 an.
1220 2188 1289 2211 1260.
1306 2188 1439 2211 Johannes
1455 2187 1595 2216 Peckham,
1612 2187 1656 2219 qui
1672 2189 1732 2210 ante
1749 2195 1790 2210 an.
1809 2186 1870 2209 1262
1885 2185 1995 2209 Parisiis
2009 2184 2106 2208 studiis
2121 2191 2231 2215 operum
2245 2182 2336 2212 dabat,

454 2233 547 2257 scribit
562 2242 605 2256 an.
621 2233 681 2256 1284
696 2233 825 2264 magistro
840 2236 866 2256 et
883 2233 1050 2256 scholaribus
1067 2233 1099 2256 de
1114 2233 1214 2256 Mox-ton
1231 2240 1236 2256 t
1255 2241 1267 2255 «
1284 2232 1310 2255 in
1326 2232 1494 2256 distinctione
1515 2232 1670 2256 facultatum
1686 2231 1780 2255 medici
1795 2234 1887 2254 contra
1905 2229 2081 2262 philosophos
2099 2228 2129 2254 ἰη
2155 2227 2338 2253 Universitate

454 2278 577 2309 qualibet
592 2278 746 2301 dividuntur
762 2286 784 2301 n.
800 2277 964 2308 Reqtstrum
979 2277 1056 2309 epist.
1072 2278 1135 2302 Joh.
1150 2277 1301 2306 Petham,
1315 2277 1356 2301 ed.
1371 2277 1476 2305 Max-tin,
1492 2286 1519 2308 p.
1536 2277 1590 2300 812.
1607 2277 1676 2300 Raro
1691 2279 1778 2300 tumen
1794 2275 1845 2299 ista
1858 2278 1943 2298 notate
1955 2274 2028 2298 illius
2044 2272 2178 2298 facultatis
2189 2271 2286 2305 mentio
2297 2271 2335 2298 fit.

452 2336 484 2341 —
497 2324 519 2347 2.
534 2322 718 2346 verisimiliter
734 2322 803 2345 idem
819 2330 848 2345 ac
863 2322 907 2345 ille
923 2322 992 2345 infra
1008 2326 1037 2345 n0
1053 2323 1099 2346 395
1114 2322 1274 2346 nominatus.

455 2481 778 2524 374.1ngerandus‚
797 2489 929 2515 dominus
950 2489 986 2515 de
1006 2490 1182 2525 Maintenay,
1205 2498 1301 2516 omnes
1323 2490 1441 2517 clericos
1467 2498 1622 2526 eorumque
1645 2489 1791 2515 ministros
1813 2496 1904 2514 causa
1927 2486 2088 2513 studiorum
2103 2485 2235 2512 Parisios
2249 2492 2334 2511 acce-

545 2538 643 2564 dentes
660 2542 687 2564 et
698 2547 751 2574 per
766 2547 847 2563 suam
866 2542 971 2564 terram
989 2542 1171 2564 transeuntes
1187 2547 1205 2564 a
1221 2538 1353 2565 solvendo
1365 2539 1494 2576 pedagio
1510 2539 1624 2565 liberat.

1774 2574 1849 2603 1262,
1865 2572 1998 2599 Februarii
2010 2571 2047 2597 17.

546 2647 725 2681 Omnibus
746 2647 881 2681 Christi
904 2648 1075 2682 fidelibus
1102 2656 1293 2694 presentes
1318 2650 1457 2683 litteras
1478 2650 1613 2683 visuris
1633 2649 1691 2683 vel
1712 2647 1890 2682 audituris
1912 2645 2140 2692 Ingerandus
2162 2643 2333 2677 dominus

457 2715 501 2747 de
531 2714 763 2758 Mauntenay¹
793 2713 897 2746 miles
928 2721 1088 2747 eternam
1119 2715 1155 2748 in
1187 2716 1343 2749 Domino
1373 2716 1538 2750 salutem.
1561 2716 1745 2750 Noveritis
1770 2727 1827 2748 me
1853 2726 1918 2760 pro
1945 2713 2060 2747 salute
2089 2711 2207 2744 anime
2237 2721 2330 2751 mee,

456 2781 568 2826 patris
590 2787 625 2813 et
645 2780 768 2812 matris
789 2792 951 2813 meorum
981 2788 1254 2815 antecessorum
1286 2790 1322 2816 et
1350 2795 1606 2817 successorum
1635 2789 1671 2816 et
1697 2794 1818 2816 amore
1844 2793 1883 2814 ac
1908 2780 2047 2814 honore
2077 2776 2331 2812 Universitatis

456 2847 687 2887 Parisiensis,
709 2853 744 2879 et
764 2846 805 2878 ad
828 2846 1039 2879 instanciam
1062 2848 1283 2882 venerabilis
1312 2851 1379 2883 viri
1406 2851 1570 2896 magistri
1596 2849 1736 2883 Giraldi
1757 2849 1802 2882 de
1822 2845 2062 2881 Abbatisvilla
2087 2842 2332 2878 archidiaconi

455 2913 706 2947 Ponfivensis'
735 2913 771 2945 in
797 2912 951 2946 ccclesia
974 2913 1222 2956 Ambianensi,
1247 2917 1433 2950 remisisse
1454 2930 1493 2950 ac
1514 2917 1690 2962 quittasse
1712 2916 1749 2948 in
1770 2921 1985 2961 perpetuum
2007 2924 2072 2958 pro
2094 2923 2150 2944 me
2171 2917 2206 2943 et
2225 2909 2331 2942 here-

456 2981 563 3014 dibus
595 2980 684 3013 meis
714 2978 885 3012 omnibus
910 2979 1054 3012 clericis
1081 2993 1187 3014 causa
1216 2982 1419 3016 studiorum
1445 2984 1607 3017 Parisius
1634 2981 1894 3016 accedentibus
1915 2987 1950 3014 et
1970 2980 2015 3013 de
2036 2978 2159 3012 eadem
2187 2976 2330 3010 civitate
