2580 3528
445 373 488 406 92
1030 383 1350 406 CHARTULAR1UM
1385 382 1576 406 UNIVERS.
1613 383 1742 405 PARIS.
2226 371 2325 414 [1219

446 458 704 491 municationis
737 457 935 499 incurrant,
973 458 1136 491 districte
1169 458 1406 503 precipiendo
1441 458 1665 497 mandamus,
1698 457 1868 503 quatinus
1897 464 1966 490 tam
2002 469 2019 490 a
2050 457 2257 490 diocesanis
2291 462 2327 490 et

447 524 615 570 capitulis
650 525 812 569 ipsorum
847 536 952 569 quam
984 524 1087 558 etiam
1119 536 1137 557 a
1167 524 1299 558 ceteris
1330 524 1527 569 episcopis,
1557 524 1595 557 in
1625 536 1779 569 quorum
1811 517 2021 557 dio'cesibus
2051 524 2088 556 in
2115 522 2326 568 hujusmodi

448 592 597 625 student
625 591 725 633 tales,
756 591 899 625 sublato
926 591 1181 636 appellationis
1209 591 1411 633 obstaculo,
1444 591 1744 624 excommunicati
1773 598 1808 624 et
1837 591 2011 636 predictis
2042 591 2147 636 penis
2177 590 2326 623 obnoxii

447 659 593 704 publice
613 659 838 692 nuntientur.
861 658 953 702 Quia
972 670 1059 691 vero
1081 658 1266 704 theologie
1288 658 1454 703 cupimus
1476 658 1635 691 studium
1657 658 1834 703 ampliari,
1863 665 1903 691 ut
1929 658 2076 691 dilatato
2101 658 2248 691 tentorii
2269 657 2326 690 sui

447 726 529 759 loco
549 726 733 759 funiculos
755 737 843 759 suos
864 726 969 758 saciat
988 725 1189 771 longiores,
1213 732 1249 758 et
1269 725 1315 758 sit
1335 725 1428 758 fides
1449 724 1624 758 catholica
1645 725 1901 758 circumcincta
1922 737 2026 758 muro
2050 724 2326 771 inexpugnabili

448 793 677 835 bellatorum,
705 793 839 838 quibus
861 793 1034 826 resistere
1053 792 1170 825 valeat
1189 791 1474 825 ascendentibus
1499 804 1543 825 ex
1569 791 1737 833 adverso,
1765 792 1810 825 ad
1836 791 2126 834 archidiaconos,
2154 792 2324 832 decanos,

449 860 669 905 prepositos,
693 859 882 905 plebanos,
906 865 1073 892 cantores
1099 865 1135 891 et
1160 858 1252 891 alios
1277 858 1432 891 clericos
1459 865 1678 903 personatus
1705 857 1895 899 habentes,
1924 870 1991 892 nec
2018 870 2092 891 non
2118 865 2154 892 et
2179 858 2327 904 presby-

448 934 559 968 teros,
582 927 653 959 nisi
673 926 717 959 ab
738 926 809 959 hiis
830 926 922 958 infra
943 925 1097 970 spatium
1120 925 1361 970 prescriptum
1389 925 1608 966 destiterint,
1636 925 1704 958 hec
1725 925 1870 958 extendi
1896 925 2079 963 volumus,
2108 931 2144 958 et
2169 925 2328 970 appella-

448 994 546 1026 tione
585 993 787 1038 postposita
827 992 1088 1025 inviolabiliter
1121 991 1338 1025 observari‘.
1375 993 1462 1024 Nam
1498 1004 1579 1025 cum
1615 991 1689 1025 sint
1721 992 1824 1025 multi
1859 1004 2043 1037 caupones
2076 1003 2203 1037 aquam
2242 992 2327 1025 vino

448 1061 656 1101 miscentes,
694 1060 755 1104 qui
790 1071 863 1091 non
899 1058 1017 1092 solum
1053 1058 1241 1092 involvere
1275 1058 1364 1091 falsa
1398 1059 1509 1100 veris,
1553 1065 1609 1092 set
1647 1059 1752 1092 etiam
1794 1059 1888 1092 diem
1928 1059 1966 1091 in
2002 1065 2146 1092 noctem
2184 1065 2327 1092 vertere

447 1127 658 1167 moliuntur,
677 1126 713 1158 in
735 1125 962 1158 firmamento
979 1125 1047 1158 celi
1069 1125 1231 1170 plantare
1252 1125 1443 1158 luminaria
1461 1125 1658 1159 dividentia
1680 1126 1776 1159 diem
1797 1138 1815 1159 a
1837 1132 1944 1159 nocte
1964 1125 2083 1159 valide
2104 1126 2325 1167 affectamus,

446 1204 678 1238 summopere
699 1199 919 1237 satagentes,
942 1198 982 1225 ut
1001 1191 1045 1225 ad
1065 1192 1281 1237 capiendum
1302 1192 1432 1237 vulpes
1453 1192 1621 1238 parvulas
1642 1204 1712 1237 que
1733 1192 1982 1226 demoliuntur
2001 1193 2126 1226 vineas
2147 1191 2326 1225 bonorum

445 1260 642 1293 habeamus
663 1259 802 1304 copiam
829 1265 1057 1300 venatorum,
1087 1259 1148 1304 qui
1176 1271 1321 1292 manum
1348 1259 1533 1293 mittentes
1561 1259 1607 1292 ad
1633 1260 1738 1292 sortia
1767 1266 1891 1293 contra
1919 1271 2115 1305 perversos
2142 1259 2228 1292 fidei
2255 1259 2329 1292 sint

446 1333 612 1372 potentes
641 1338 751 1371 opere
779 1338 818 1359 ac
847 1338 1031 1367 sermone,
1059 1325 1117 1359 hic
1143 1326 1265 1359 vestiti
1287 1326 1509 1371 duplicibus,
1538 1333 1578 1359 ut
1603 1333 1812 1360 mereantur
1832 1326 1990 1372 duplicia
2018 1326 2222 1372 possidere,
2245 1336 2326 1359 cum

445 1394 615 1427 ridebunt
637 1394 674 1426 in
701 1394 760 1426 die
786 1394 1001 1434 novissimo,
1031 1393 1075 1426 ad
1098 1393 1338 1438 judicandum
1366 1406 1447 1427 cum
1475 1400 1572 1427 terre
1600 1393 1832 1427 senatoribus
1858 1394 2082 1427 consessuri.
2111 1395 2225 1426 Porro
2246 1405 2326 1427 cum

445 1468 634 1506 argentum
657 1460 743 1493 alibi
764 1460 891 1493 habeat
912 1472 1085 1494 venarum
1109 1472 1255 1493 suarum
1277 1460 1454 1506 principia
1476 1472 1581 1505 quam
1603 1461 1701 1493 unde
1721 1461 1856 1494 ferrum
1878 1460 2030 1502 tollitur,
2060 1467 2095 1493 et
2114 1472 2202 1493 auro
2223 1460 2328 1493 locus

445 1529 481 1561 in
507 1540 579 1573 quo
605 1527 784 1560 confletur
811 1528 858 1560 sit
879 1527 1093 1572 jamdudum
1123 1527 1284 1561 Parisius
1313 1527 1519 1573 deputatus,
1543 1527 1605 1560 ubi
1631 1528 1743 1561 turris
1771 1528 1886 1561 David
1912 1540 1994 1561 cum
2021 1528 2098 1561 suis
2123 1539 2328 1573 propugna-

446 1595 539 1627 culis
578 1594 741 1627 construi
781 1594 983 1635 consucvit,
1021 1606 1063 1627 ex
1098 1606 1167 1639 qua
1203 1594 1412 1639 dependent
1446 1607 1519 1627 non
1554 1594 1671 1627 solum
1708 1594 1806 1627 mille
1841 1594 1971 1640 clypei,
2011 1600 2068 1627 set
2101 1593 2220 1627 omnis
2251 1593 2329 1627 fere

445 1668 623 1694 armatura
645 1661 805 1702 fortium,
825 1661 909 1693 dum
932 1660 1185 1694 indesinenter
1206 1661 1337 1694 exinde
1358 1661 1471 1694 sortes
1489 1673 1532 1694 ex
1547 1662 1758 1695 fortissimis
1780 1661 1974 1707 prodeunt,
1997 1667 2165 1694 tenentes
2185 1660 2329 1706 gladios

446 1735 479 1761 et
499 1728 544 1761 ad
564 1727 659 1760 bella
681 1727 896 1769 doctissimi,
927 1727 988 1772 qui
1015 1727 1180 1760 ambiunt
1206 1739 1271 1773 per
1298 1727 1423 1761 orbem
1453 1728 1615 1773 undique
1643 1728 1815 1762 lectulum
1839 1728 2055 1769 Salomonis,
2084 1727 2229 1772 quidam
2251 1727 2329 1760 suis

446 1795 583 1828 divitiis
604 1795 811 1828 invidentes
833 1794 954 1827 dicere
976 1794 1146 1827 videntur
1167 1795 1258 1840 patri
1277 1806 1284 1828 ε
1304 1795 1392 1840 quid
1413 1797 1596 1840 generas?
1615 1802 1650 1828 et
1669 1796 1786 1836 matri,
1805 1795 1892 1840 quid
1914 1795 2098 1840 parturis?
2114 1794 2198 1827 dum
2221 1805 2329 1827 secus

446 1863 556 1895 altare
592 1862 753 1907 plantare
787 1861 908 1894 lucum
945 1868 980 1894 et
1013 1861 1179 1894 ancillam
1210 1861 1382 1895 heredem
1415 1874 1480 1895 sue
1511 1862 1657 1896 domine
1686 1863 1850 1908 gestiunt
1879 1861 2094 1907 subrogare,
2124 1872 2327 1906 quanquam

446 1929 576 1963 ancille
599 1929 696 1962 filius
717 1941 797 1962 cum
826 1928 902 1961 filio
930 1928 1045 1962 libere
1074 1941 1147 1962 non
1176 1929 1307 1962 debeat
1332 1929 1440 1962 heres
1469 1941 1563 1963 esse.
1592 1930 1754 1963 Currunt
1779 1930 1874 1962 enim
1896 1929 1983 1962 illuc
2005 1928 2149 1974 quidam
2171 1927 2328 1973 improbi

447 2009 527 2029 cum
562 1995 820 2029 traditionibus
855 1995 1073 2028 secularium
1106 1995 1323 2041 principum,
1360 1997 1463 2041 quasi
1497 1997 1697 2029 rarefacere
1726 1996 1841 2029 velint
1869 1995 1919 2028 ibi
1949 1995 2089 2028 fabrum
2123 1994 2327 2034 ferrarium,

447 2070 636 2097 acuentem
664 2063 826 2109 gladium
855 2069 915 2095 aut
939 2062 1113 2103 lanceam,
1136 2074 1321 2096 vomerem
1348 2063 1406 2096 vel
1433 2063 1614 2108 ligonem;
1642 2070 1678 2096 et
1705 2075 1784 2096 cum
1817 2063 1853 2095 in
1884 2062 1975 2095 locis
2005 2061 2174 2107 plurimis
2203 2061 2330 2106 plures

447 2131 603 2164 habeant
632 2130 688 2163 sui
720 2129 831 2163 studii
861 2130 1104 2174 professores,
1137 2129 1232 2162 ultro
1263 2130 1436 2174 ingerunt
1465 2129 1622 2162 filiorum
1653 2129 1769 2163 oculis
1800 2141 1940 2162 merces
1971 2141 2068 2170 suas,
2101 2135 2140 2161 ut
2168 2129 2327 2174 ipsarum

448 2197 567 2231 allecti
588 2197 748 2242 phaleris
769 2203 802 2229 et
830 2196 1024 2229 dulcedine
1053 2196 1250 2241 provocati„
1279 2208 1297 2229 a
1327 2197 1452 2229 matris
1480 2196 1751 2242 pulchritudine
1772 2209 1812 2230 ac
1833 2196 1971 2242 sapidis
1992 2194 2169 2228 uberibus
2196 2195 2329 2228 abstra—

448 2265 591 2305 hantur,
614 2276 686 2297 non
707 2263 937 2296 attendentes
958 2263 1057 2308 quod
1077 2269 1353 2308 coangustatum
1376 2270 1432 2296 est
1451 2263 1526 2296 illic
1547 2270 1696 2297 stratum
1719 2270 1755 2297 et
1773 2264 1849 2296 fere
1870 2270 1969 2296 artus
1991 2269 2047 2296 est
2067 2262 2170 2295 locus
2193 2261 2328 2295 ibidem

449 2332 534 2364 filiis
562 2331 832 2376 prophetarum.
864 2331 955 2363 Sane
983 2330 1068 2363 licet
1094 2337 1215 2363 sancta
1243 2330 1397 2363 ecclesia
1424 2330 1545 2375 legum
1576 2331 1794 2364 secularium
1826 2342 1899 2363 non
1930 2336 2077 2375 respuat
2106 2328 2328 2369 famulatum,

450 2411 519 2444 que
542 2399 629 2431 satis
651 2398 820 2443 equitatis
842 2405 877 2430 et
892 2398 1034 2442 justitie
1060 2397 1213 2442 vestigia
1235 2398 1452 2439 imitantur&
1475 2398 1558 2443 quia
1586 2405 1705 2431 tamen
1733 2398 1769 2431 in
1798 2397 1946 2431 Francia
1975 2404 2010 2430 et
2035 2396 2223 2429 nonnullis
2251 2407 2330 2440 pro—

449 2466 580 2498 vinciis
605 2465 686 2498 laici
709 2467 952 2498 Romanorum
976 2465 1233 2509 imperatorum
1255 2464 1402 2510 legibus
1423 2477 1496 2498 non
1518 2472 1681 2507 utuntur,
1710 2472 1746 2498 et
1765 2471 1962 2498 occurrunt
1982 2476 2062 2497 raro
2084 2461 2330 2496 ecclesiastice

451 2544 558 2565 cause
581 2532 683 2572 tales,
706 2543 775 2576 que
797 2544 870 2564 non
892 2538 1045 2576 possent
1065 2532 1208 2565 statutis
1229 2532 1414 2565 canonicis
1436 2532 1613 2578 expediri,
1635 2539 1674 2565 ut
1694 2532 1839 2577 plenius
1858 2543 1959 2564 sacre
1978 2530 2109 2576 pagine
2128 2529 2329 2570 insistatur,

452 2605 486 2631 et
507 2598 678 2642 discipuli
699 2598 821 2642 Elysei
847 2597 1000 2631 liberius
1023 2599 1123 2642 juxta
1152 2598 1287 2631 fluenta
1314 2599 1527 2644 plenissima
1554 2599 1738 2632 resideant
1765 2605 1802 2631 ut
1824 2597 2006 2638 columbe,
2034 2596 2119 2629 dum
2147 2595 2184 2627 in
2207 2595 2331 2639 januis

453 2665 570 2698 scolas
606 2676 678 2696 non
713 2664 931 2704 invenerint,
963 2664 1007 2696 ad
1037 2676 1126 2709 quas
1157 2665 1355 2698 divaricare
1385 2665 1528 2698 valeant
1556 2665 1669 2710 pedes
1700 2677 1800 2703 suos,
1832 2664 1983 2697 firmiter
2014 2662 2267 2695 interdicimus
2297 2666 2331 2693 et

453 2731 654 2765 districtius
675 2730 896 2771 inhibemus,
919 2742 964 2762 ne
986 2731 1147 2763 Parisius
1167 2731 1225 2764 vel
1246 2731 1283 2763 in
1304 2731 1511 2764 civitatibus
1533 2744 1597 2765 seu
1618 2732 1699 2764 aliis
1720 2731 1811 2764 locis
1831 2730 1962 2764 vicinis
1984 2730 2174 2775 quisquam
2198 2728 2330 2760 docere

453 2798 510 2832 vel
538 2798 663 2831 audire
685 2798 748 2842 jus
776 2796 881 2830 civile
909 2803 1106 2841 presumat,
1138 2804 1171 2829 et
1200 2797 1261 2841 qui
1289 2804 1413 2830 contra
1439 2798 1579 2839 fecerit,
1607 2810 1680 2830 non
1709 2797 1826 2830 solum
1855 2809 1873 2830 a
1901 2808 2089 2830 causarum
2119 2794 2331 2840 patrociniis

454 2865 598 2899 interim
635 2864 858 2903 excludatur,
891 2875 1017 2896 verum
1050 2863 1155 2896 etiam
1188 2875 1253 2908 per
1280 2864 1491 2909 episcopum
1525 2864 1595 2897 loci
1623 2864 1865 2910 appellatione
1893 2863 2094 2909 postposita
2125 2872 2332 2894 excommu-

455 2931 648 2965 nicationis
668 2930 815 2964 vinculo
835 2930 1043 2963 innodetur.
1065 2931 1141 2963 Vos
1162 2936 1294 2971 autem,
1322 2931 1451 2963 fratres
1480 2937 1515 2964 et
1538 2931 1617 2969 filii,
1647 2931 1698 2964 sic
1720 2930 1934 2975 diligentius
1955 2929 2156 2975 prescripta
2176 2927 2331 2961 servetis
