2580 3528
246 439 342 479 1255]
584 448 631 470 AB
666 447 772 470 anuo
806 447 884 469 uec
921 440 1053 476 USQUE:
1088 447 1136 469 An
1171 447 1400 469 Pmmrruu
1437 448 1475 469 tv
1510 448 1598 470 nse.
1637 449 1773 471 anNc.
2052 443 2114 475 281

243 521 289 556 ad
314 533 382 557 vos
407 520 613 555 mandatum
641 520 885 554 restitutionis
912 526 948 554 et
974 520 1216 554 revocationis
1242 519 1453 565 hujusmodi
1480 522 1692 566 pervenisse
1721 522 1872 563 dicatur,
1902 523 1972 568 ipsi
2001 530 2116 558 tamen

242 588 372 623 fratres
393 599 510 633 usque
530 599 627 621 nunc
647 587 801 633 adipisci
822 586 946 620 efficax
967 598 1033 620 sue
1055 586 1298 620 restitutionis
1319 587 1550 620 commodum
1571 587 1676 621 vobis
1697 589 1852 633 quedam
1873 589 2117 624 obicientibus

243 654 498 700 nequiverunt.
526 654 711 695 Ceterum,
739 665 806 687 vos
836 652 902 686 filii
931 653 1097 698 magistri
1126 653 1164 686 in
1189 652 1374 698 theologia
1401 653 1563 687 Parisius
1590 661 1674 687 tunc
1701 661 1872 700 regentes
1897 655 1963 688 hec
1989 662 2118 689 statuta

242 720 507 756 deliberatione
531 719 652 754 habita
679 719 862 762 edidistis,
891 726 931 753 ut
958 719 1130 753 videlicet
1155 719 1326 753 decetero
1356 719 1554 765 religiosus
1580 720 1712 766 aliquis
1744 733 1818 754 non
1844 721 1982 755 habens
2012 722 2118 755 colle-

242 787 343 833 gium
372 787 548 828 Parisius,
575 793 612 820 et
639 787 698 820 cui
727 793 784 820 est
810 798 830 820 a
851 788 936 832 jure
964 786 1110 832 publice
1137 786 1271 820 docere
1298 786 1534 832 prohibitum,
1556 787 1600 820 ad
1625 787 1836 821 societatem
1862 789 2117 834 magistrorum

242 853 452 889 nullatenus
476 853 701 894 admittatur3
729 859 841 899 utque
867 853 1012 899 singula
1041 852 1298 898 religiosorum
1325 853 1481 899 collegia
1507 853 1665 899 singulis
1686 854 1871 900 magistris
1890 861 1970 888 actu
1993 867 2118 900 regen—

242 919 342 956 tibus
370 926 406 954 et
435 920 542 954 unica
569 919 669 954 scola
693 920 864 954 decetero
889 920 963 953 sint
987 926 1173 961 contenta3
1203 931 1248 953 ne
1273 931 1420 966 quoque
1446 919 1578 965 aliquis
1605 919 1823 954 bacellarius
1851 921 1888 954 in
1914 921 2119 967 theologica

241 986 410 1021 facultate
437 993 694 1033 promoveatur
720 987 765 1020 ad
791 986 1012 1028 cathedram,
1034 986 1106 1020 nisi
1133 987 1234 1032 prius
1262 987 1520 1020 examinaverit
1546 987 1796 1033 semetipsum,
1823 988 1949 1022 saltem
1975 988 2118 1034 aliquos

242 1052 358 1087 libros
385 1052 571 1099 theologie
597 1053 762 1099 glosatos
787 1059 822 1086 et
843 1053 1043 1086 sententias
1064 1053 1100 1086 in
1121 1052 1232 1086 scolis
1259 1052 1413 1098 alicujus
1439 1053 1602 1099 magistri
1627 1060 1707 1087 actu
1736 1054 1897 1100 regentis
1922 1054 2119 1100 diligenter

242 1119 414 1166 legendo.
437 1119 546 1164 Quod
570 1120 601 1154 si
626 1119 759 1165 aliquis
780 1126 905 1153 contra
931 1119 1046 1153 dictas
1066 1119 1316 1152 ordinationes
1336 1126 1476 1153 vestras
1497 1120 1622 1153 venire
1643 1127 1883 1166 presumeret,
1908 1121 1941 1154 ei
1962 1121 2118 1155 societas

242 1192 362 1220 vestra
386 1192 457 1219 tam
482 1186 519 1219 in
546 1186 736 1232 principiis
764 1197 870 1231 quam
897 1186 934 1219 in
954 1186 1035 1219 aliis
1056 1185 1332 1220 subtraheretur
1355 1186 1517 1219 omnino.
1545 1187 1772 1232 Quicumque
1793 1199 1880 1221 vero
1901 1187 2118 1221 bacellarius

241 1251 455 1286 licenciatus
475 1253 585 1286 fuerit
604 1259 640 1286 et
659 1252 743 1286 huic
764 1252 986 1286 ordinationi
1006 1264 1226 1286 consensum
1249 1259 1411 1298 prestare
1432 1253 1592 1286 noluerit
1608 1254 1820 1299 requisitus,
1839 1266 1919 1287 eum
1941 1254 2118 1288 statuistis

243 1318 387 1356 excludi
414 1331 433 1353 a
462 1319 648 1352 consortio
682 1319 955 1365 magistrorum,
986 1325 1022 1352 et
1053 1319 1170 1352 eidem
1202 1325 1271 1352 tam
1302 1319 1338 1352 in
1369 1320 1558 1365 principiis
1594 1332 1698 1365 quam
1730 1321 1767 1353 in
1796 1320 1877 1354 aliis
1909 1321 2116 1354 societatem

242 1385 488 1431 magistralem
531 1385 678 1432 penitus
719 1385 908 1431 denegari,
951 1385 1142 1431 premissis
1184 1386 1328 1419 statutis
1373 1386 1630 1420 Universitatis
1675 1393 1712 1420 ut
1751 1387 1883 1420 dicitur
1924 1388 2119 1421 accedente

242 1463 440 1494 consensu,
475 1451 686 1486 reverencia
720 1458 838 1485 tamen
868 1458 904 1485 et
933 1451 1148 1485 obediencia
1183 1452 1284 1486 sedis
1318 1452 1518 1498 apostolice
1548 1465 1587 1485 ac
1617 1453 1769 1486 aliorum
1805 1453 1939 1498 quibus
1969 1453 2119 1487 obedire

242 1518 429 1560 tenemini,
456 1529 602 1564 semper
629 1518 758 1552 salva⁸.
783 1518 967 1552 Statuistis
995 1519 1160 1564 insuper,
1188 1530 1233 1552 ne
1259 1518 1357 1552 ullus
1382 1519 1556 1564 magister
1577 1519 1614 1552 in
1640 1531 1867 1565 quacumque
1889 1520 2055 1554 facultate
2076 1520 2119 1554 ad

241 1584 438 1631 collegium
466 1585 725 1631 magistrorum
754 1584 812 1618 vel
841 1585 1068 1619 consortium
1096 1585 1353 1619 Universitatis
1383 1597 1509 1619 eorum
1541 1585 1770 1631 aliquatenus
1799 1586 2018 1628 admittatur,
2050 1587 2121 1620 nisi

242 1651 345 1698 prius
365 1651 403 1685 in
423 1650 530 1697 plena
549 1652 836 1698 congregatione
858 1651 1115 1698 magistrorum
1136 1651 1194 1685 vel
1219 1651 1346 1685 saltem
1367 1663 1486 1685 coram
1510 1651 1626 1685 tribus
1646 1652 1831 1698 magistris
1852 1665 1917 1686 sue
1942 1653 2121 1686 facultatis

242 1717 288 1752 ad
307 1717 375 1752 hoc
400 1717 608 1764 specialiter
635 1718 817 1764 deputatis
839 1718 1019 1764 juraverit
1044 1725 1175 1752 statuta
1199 1725 1319 1752 vestra
1345 1718 1443 1752 licita
1470 1725 1505 1752 et
1531 1718 1683 1752 honesta
1709 1726 1744 1752 et
1763 1719 1868 1753 vobis
1893 1720 2122 1765 expedientia

243 1797 283 1823 se
312 1784 465 1818 firmiter
497 1791 738 1827 servaturum,
768 1791 909 1819 secreta
939 1797 1086 1830 quoque
1111 1792 1147 1818 et
1173 1785 1326 1818 consilia
1355 1792 1474 1819 vestra
1502 1792 1586 1831 post
1612 1785 1872 1819 inhibicioncm
1899 1786 1970 1819 sibi
1995 1787 2119 1820 factam

242 1863 262 1886 a
285 1850 391 1886 vobis
420 1850 579 1885 fideliter
607 1840 820 1894 celaturuin,
852 1851 1024 1898 quodque
1059 1851 1348 1897 obligationibus
1382 1852 1515 1886 vestris
1550 1852 1659 1886 licitis
1689 1859 1724 1885 et
1752 1852 1918 1886 honestis
1952 1865 1991 1886 ac
2016 1853 2122 1887 vobis

243 1917 523 1964 expedientibus
549 1918 722 1964 precipue
752 1930 795 1952 ex
824 1925 951 1952 tenore
981 1918 1258 1964 privilegiorum
1289 1925 1493 1952 vestrorum
1522 1919 1686 1964 vigorem
1716 1919 1944 1965 capientibus
1973 1919 2121 1965 pacifice

243 1984 548 2030 concorditerque
577 1985 802 2018 consenciet.
835 1986 879 2018 Et
908 1991 947 2018 ut
979 1984 1047 2019 hoc
1078 1984 1219 2018 firmius
1249 1991 1457 2019 servaretur
1486 1985 1693 2027 addidistis,
1729 1991 1768 2019 ut
1796 1985 1919 2019 nullus
1951 1986 2123 2032 magister

243 2050 462 2097 principium
489 2050 644 2096 alicujus
673 2051 859 2085 bacellarii
884 2058 1010 2085 tenere
1037 2051 1095 2086 vel
1122 2052 1202 2097 ejus
1233 2051 1414 2098 principio
1444 2052 1624 2085 interesse
1650 2059 1847 2098 presumat,
1875 2052 1945 2085 nisi
1967 2052 2068 2098 prius
2089 2053 2121 2085 ei

243 2116 462 2159 constiterit,
485 2117 584 2163 quod
609 2117 706 2151 idem
733 2117 952 2152 bacellarius
973 2118 1017 2152 ad
1038 2118 1201 2164 predicta
1221 2118 1330 2152 modo
1356 2118 1545 2164 prehabito
1567 2119 1614 2152 sit
1634 2118 1781 2164 ligatus,
1802 2131 1869 2152 nee
1890 2119 1985 2152 idem
2007 2119 2122 2152 bacel-

243 2182 370 2224 larius,
391 2183 425 2217 si
443 2182 514 2216 alio
536 2183 645 2217 modo
671 2184 862 2230 inceperit,
891 2185 1065 2230 magister
1091 2197 1110 2218 a
1133 2184 1239 2219 vobis
1266 2184 1494 2230 aliquatenus
1519 2184 1706 2218 habeatur.
1734 2186 1917 2219 Statuistis
1943 2192 2120 2231 preterea,

245 2255 285 2283 ut
303 2249 335 2282 si
355 2255 522 2283 cessante
548 2249 670 2283 studio
696 2250 894 2284 Parisiensi
915 2250 962 2284 ob
987 2262 1115 2284 causas
1139 2250 1351 2284 consimiles
1372 2250 1430 2285 vel
1454 2250 1542 2284 alias
1564 2250 1798 2284 rationabiles
1818 2251 1950 2296 aliquis
1977 2251 2119 2284 interim

245 2314 462 2349 bacellarius
490 2315 527 2348 in
553 2315 672 2361 aliqua
700 2316 867 2350 facultate
894 2317 939 2350 de
967 2328 1062 2350 novo
1089 2316 1328 2362 solempniter
1358 2317 1519 2363 incipere
1546 2316 1602 2350 vel
1628 2317 1760 2362 aliquis
1785 2329 1909 2350 eorum
1932 2317 1992 2362 qui
2020 2317 2121 2363 prius

245 2387 419 2430 reiterant
442 2392 528 2415 suas
553 2381 685 2415 iterum
710 2394 897 2416 resumere
920 2383 1188 2429 presumpserit
1211 2383 1403 2425 lectiones,
1425 2395 1469 2416 ex
1495 2389 1578 2416 tunc
1598 2395 1616 2416 a
1637 2383 1822 2416 consortio
1844 2389 1965 2416 vestro
1987 2383 2120 2429 imper-

246 2454 394 2493 petuum
411 2447 635 2490 excludatur,
654 2460 720 2482 nec
742 2449 903 2483 Parisius
924 2461 989 2482 seu
1009 2448 1095 2482 alibi
1117 2449 1179 2482 ubi
1200 2449 1360 2483 studium
1383 2449 1571 2482 transferri
1592 2449 1787 2495 contigerit
1811 2449 1906 2482 inter
1926 2450 2121 2495 magistros

244 2525 311 2548 seu
336 2513 498 2548 scolares
525 2514 755 2560 aliquatenus
784 2515 1006 2558 admittatur,
1034 2521 1070 2549 et
1097 2527 1188 2561 pena
1218 2515 1401 2549 consimili
1428 2514 1594 2557 scolaris,
1617 2515 1678 2561 qui
1706 2515 1849 2549 interim
1875 2528 1983 2549 causa
2009 2515 2120 2549 studii

242 2580 404 2614 Parisius
423 2581 550 2614 venire
573 2582 838 2627 presumpserit
863 2581 1065 2627 puniretur,
1089 2581 1160 2615 nisi
1186 2588 1481 2627 transgressores
1507 2581 1660 2627 predicti
1686 2582 1995 2628 presumptionem
2019 2594 2118 2615 suam

244 2646 290 2681 ad
313 2646 503 2681 arbitrium
529 2647 786 2682 Universitatis
813 2654 934 2682 vestre
959 2648 1169 2682 curaverint
1193 2648 1400 2681 emendare.
1431 2649 1475 2682 Et
1494 2647 1559 2682 hec
1581 2648 1778 2682 ordinastis
1799 2655 1835 2682 et
1853 2649 2031 2683 statuistis
2052 2648 2121 2682 sub

245 2725 350 2759 pena,
379 2725 485 2759 quam
512 2714 681 2760 infligere
708 2715 862 2760 potestis
888 2714 1148 2748 inviolabiliter
1168 2713 1408 2756 observanda,
1432 2713 1692 2748 nichilominus
1719 2721 1955 2749 recensentes
1984 2727 2121 2749 excom—

246 2779 503 2814 municationis
527 2781 744 2814 sententiam
766 2792 837 2827 que
860 2781 897 2814 in
918 2787 1215 2827 transgressores
1241 2780 1442 2827 premissos
1463 2780 1579 2814 extitit
1599 2787 1638 2814 ut
1657 2781 1873 2827 proponitur
1897 2782 2121 2829 promulgata

245 2843 291 2887 ab
319 2845 491 2879 omnibus
521 2846 781 2881 inviolabiliter
810 2846 1012 2889 observari,
1043 2847 1154 2881 salvis
1183 2847 1220 2880 in
1250 2845 1421 2881 omnibus
1442 2847 1526 2893 jure
1554 2858 1593 2880 ac
1620 2846 1786 2881 libertate
1813 2848 1998 2881 canonicis
2026 2847 2123 2881 Pari-

247 2910 434 2953 siensibus
463 2919 637 2958 quantum
665 2913 709 2947 ad
736 2913 871 2956 omnia,
900 2913 936 2947 in
966 2913 1101 2960 quibus
1129 2920 1164 2947 et
1193 2925 1258 2960 per
1286 2925 1357 2959 que
1384 2926 1403 2947 a
1429 2913 1562 2947 vestris
1592 2913 1885 2948 ordinationibus
1915 2921 1950 2948 ct
1979 2914 2121 2948 statutis

247 2978 460 3031 auctoritate
489 2979 689 3025 apostolica
722 2992 787 3014 seu
823 2992 1051 3026 quacumque
1081 2979 1147 3014 alia
1178 2987 1264 3014 sunt
1291 2980 1479 3026 exempti⁸.
1511 2981 1623 3014 Porro
1665 2980 1808 3014 dilectis
1843 2981 1928 3014 tiliis
1951 3007 1971 3013 ..
2002 2981 2121 3027 priore

374 3036 473 3062 Char-c.
493 3037 572 3062 Unio.
590 3037 684 3063 Paris.
702 3036 722 3062 1.
1968 3039 1998 3061 36
