2618 3640
520 421 563 453 64
1099 430 1421 452 CHAttTULAntUM
1461 430 1650 452 unnvsas.
1688 430 1817 451 imnis.
2304 420 2403 461 [1205

520 504 630 538 bitur.v
667 504 849 537 Scolarem
886 511 1004 538 tamen
1039 503 1133 538 bona
1168 503 1253 545 fide,
1289 504 1434 549 qnando
1469 504 1629 537 viderint
1657 504 1829 549 expedire
1864 504 2022 549 capitulo
2056 511 2118 537 aut
2150 504 2275 549 majori
2311 505 2401 550 parti

520 572 777 615 canonicorum
807 571 1059 611 residentium,
1090 583 1261 604 revocare
1290 570 1426 612 licebit,
1456 577 1492 604 et
1516 571 1546 604 si
1573 578 1763 604 revocatus
1789 571 1881 604 infra
1908 578 2050 616 tempus
2076 578 2288 616 competens
2313 571 2403 604 assi—

520 645 668 684 gnatum
696 638 816 671 redire
845 638 1016 679 noluerit,
1045 650 1088 671 ex
1116 645 1200 671 tunc
1229 650 1309 671 eum
1337 638 1525 671 foraneum
1553 637 1785 684 reputabunt,
1813 638 1884 671 nisi
1909 638 1962 671 eis
1990 638 2035 671 de
2061 638 2264 671 rationabili
2293 638 2402 684 impe-

521 706 682 738 dimento
707 705 923 738 eonstiterit.
954 705 1114 738 Licentia
1140 712 1258 738 autem
1285 705 1454 738 manendi
1480 705 1517 737 in
1545 705 1657 738 scolis
1684 705 1775 738 nulli
1801 705 2035 746 concedatur,
2064 705 2135 738 nisi
2161 705 2319 738 resideat
2345 705 2402 738 vel

520 785 585 818 pro
608 773 781 805 residenti
804 772 990 805 habeatur.
1020 772 1054 805 Si
1081 784 1168 805 vero
1194 772 1390 817 capitulum
1417 772 1454 804 in
1480 772 1597 805 danda
1623 783 1687 805 seu
1714 772 1929 817 deneganda
1950 772 2154 805 studiorum
2179 772 2324 805 licentia
2346 772 2403 805 vel

520 840 556 871 in
577 839 807 872 revocatione
835 839 1059 872 studentium
1086 839 1291 879 excederet,
1320 838 1363 871 ad
1391 838 1631 871 Parisiensem
1659 838 1872 883 episcopum
1900 850 2073 872 excessus
2094 839 2203 884 hujus
2224 839 2403 872 correctio

520 906 729 951 pertineret.
764 907 895 939 Verum
920 912 987 938 tam
1011 917 1078 938 nos
1107 917 1212 950 qnam
1242 916 1478 938 successores
1504 905 1620 938 nostri
1646 905 1873 938 Parisienses
1905 906 2068 950 episcopi
2098 906 2191 939 duos
2221 906 2266 939 de
2296 917 2404 939 eano-

520 973 612 1005 nicis
634 973 796 1017 ejusdem
821 972 976 1005 ecclesie
997 972 1039 1005 ad
1063 971 1279 1016 obsequium
1303 978 1482 1012 nostrum,
1505 971 1536 1004 si
1557 971 1795 1013 voluerimus,
1824 972 2025 1017 poterimus
2046 984 2210 1013 evocare,
2238 972 2298 1018 qui
2321 972 2406 1006 licet

519 1041 555 1072 in
578 1040 721 1085 propria
744 1051 899 1084 persona
922 1039 1077 1071 ecclesie
1099 1051 1172 1071 non
1194 1038 1365 1079 serviant,
1396 1050 1543 1071 suarum
1565 1045 1685 1071 tamen
1705 1038 1848 1084 integre
1869 1039 2009 1072 fruetus
2030 1039 2233 1084 percipient
2253 1039 2404 1084 prehen-

520 1107 657 1143 darum,
687 1106 856 1150 quamdiu
885 1112 1010 1138 nostro
1037 1105 1094 1138 vel
1121 1116 1375 1138 successorum
1403 1111 1614 1138 nostrorum
1640 1104 1819 1150 obsequio
1846 1105 1983 1139 fuerint
2009 1106 2214 1151 mancipati,
2243 1106 2404 1151 exceptis

519 1173 711 1205 cotidianis
740 1171 1075 1213 distributionibus,
1107 1183 1196 1216 quas
1225 1183 1291 1204 nec
1318 1171 1403 1216 ipsi,
1432 1183 1551 1216 neque
1583 1172 1874 1217 peregrinantes,
1904 1184 2023 1217 neque
2051 1172 2212 1206 scolares
2239 1173 2404 1206 canonici

520 1239 733 1284 percipient.
764 1239 831 1281 Qui
860 1239 905 1271 de
931 1239 1099 1271 mandato
1128 1238 1284 1271 ecclesie
1313 1239 1382 1272 erit
1408 1238 1446 1271 in
1474 1239 1623 1284 negotio
1649 1239 1819 1280 ecclesie,
1846 1251 1911 1284 pro
1936 1239 2112 1273 residenti
2138 1239 2343 1281 habebitur,
2371 1246 2406 1273 et

519 1306 778 1339 nichilominus
814 1305 991 1350 percipiet
1025 1305 1304 1338 distributiones
1335 1305 1548 1339 cotidianas.
1581 1305 1809 1351 Obsequium
1837 1313 1955 1339 autem
1991 1306 2232 1352 intelligimus
2267 1307 2404 1352 episco-

521 1373 599 1418 pale
624 1385 630 1405 :
655 1373 816 1417 equitare
846 1385 926 1405 cum
959 1372 1146 1417 episcopo,
1178 1384 1260 1405 csse
1292 1372 1479 1405 officialem
1512 1373 1605 1418 ejuS,
1635 1372 1694 1406 vel
1723 1373 1767 1405 ad
1797 1373 1984 1406 servitium
2014 1373 2176 1418 episcopi
2205 1373 2337 1406 morari
2368 1373 2405 1406 in

522 1439 692 1472 domibus
718 1440 794 1471 suis
821 1439 1103 1480 Parisiensibus,
1131 1439 1189 1472 vel
1217 1439 1307 1472 mitti
1332 1439 1375 1472 ad
1402 1439 1527 1472 sedem
1553 1439 1801 1484 apostolicam.
1829 1439 1920 1473 Cum
1941 1451 2028 1473 vero
2053 1452 2159 1473 causa
2185 1439 2404 1481 studiorum,

521 1506 840 1551 peregrinationis,
869 1513 929 1538 aut
954 1506 1174 1551 episcopalis
1200 1505 1368 1551 obsequii
1398 1506 1554 1551 aliquem
1584 1506 1629 1539 de
1656 1506 1843 1539 canonicis
1871 1506 2056 1540 absentem
2087 1518 2168 1540 esse
2195 1507 2404 1552 contigerit,

521 1573 719 1606 canonicus
741 1572 948 1617 providebit
969 1573 1124 1606 ecclesie
1145 1573 1326 1618 ydoneum
1349 1573 1521 1606 vicarium
1545 1573 1624 1606 sine
1646 1585 1757 1614 mora,
1785 1573 1843 1606 eui
1869 1573 1967 1606 dabit
1993 1585 2038 1606 xx
2059 1573 2199 1606 solidos
2219 1573 2263 1606 ad
2285 1574 2405 1606 minus

523 1652 587 1685 per
617 1652 747 1672 annum
781 1646 901 1684 preter
936 1640 1246 1681 distributionem,
1283 1652 1353 1685 que
1387 1639 1450 1673 fiet
1482 1640 1640 1674 vicariis.
1675 1642 1813 1674 Verum
1847 1640 1892 1673 de
1925 1641 2158 1674 foraneorum
2193 1640 2404 1685 prebendis,

522 1707 656 1739 vicario
684 1707 851 1751 primitus
877 1719 893 1739 a
920 1707 1105 1739 canonicis
1133 1707 1381 1740 residentibus
1407 1707 1587 1748 instituto,
1615 1707 1790 1752 quicquid
1816 1707 1860 1740 de
1886 1707 2065 1740 fructibus
2090 1707 2234 1740 illarum
2254 1707 2406 1752 preben-

523 1773 647 1806 darum
676 1773 861 1805 residnum
889 1773 1010 1810 fuerit,
1036 1773 1221 1806 canonicis
1249 1773 1502 1807 sacerdotibus
1530 1780 1566 1807 et
1591 1773 1736 1807 vicariis
1762 1780 1798 1807 et
1824 1773 1904 1807 aliis
1932 1773 2076 1807 clericis
2103 1774 2148 1807 de
2176 1773 2299 1815 choro,
2330 1774 2405 1820 qui,

523 1840 722 1873 secundum
746 1840 843 1885 quod
865 1840 1093 1873 ordinabitur
1114 1853 1131 1873 a
1152 1840 1351 1880 canonicis,
1374 1840 1524 1874 servitio
1543 1841 1787 1881 interfuerint,
1811 1840 2052 1874 distribuetur
2072 1841 2108 1873 in
2127 1840 2223 1874 hunc
2244 1841 2405 1882 modum,

523 1907 619 1952 quod
642 1907 806 1940 canonici
829 1914 864 1939 et.
884 1907 1056 1940 sacerdos
1079 1908 1225 1952 majoris
1252 1907 1374 1941 altaris
1396 1907 1691 1948 ebdomadarius,
1718 1908 1795 1941 sive
1817 1908 1864 1940 sit
1888 1908 2086 1940 canonicus
2107 1908 2184 1941 sive
2205 1920 2278 1941 non
2299 1919 2407 1941 cano-

523 1974 641 2009 nicus,
674 1973 817 2019 duplam
850 1974 1069 2018 portionem,
1099 1974 1231 2019 reliqui
1261 1986 1348 2008 vero
1383 1975 1594 2008 sacerdotes
1629 1981 1664 2008 et
1693 1974 1825 2020 reliqui
1855 1974 1979 2007 vicarii
2014 1974 2179 2019 simplam
2214 1974 2406 2019 accipient,

523 2040 644 2073 clerici
672 2047 788 2073 antem
817 2040 862 2073 de
888 2040 1000 2073 choro
1027 2041 1212 2074 dimidiam
1234 2041 1376 2086 simple.
1405 2042 1503 2074 Hauc
1529 2042 1650 2086 itaque
1678 2041 1943 2074 institutionem
1966 2052 2005 2074 se
2027 2040 2178 2073 firmiter
2198 2047 2407 2074 servaturos

524 2107 658 2152 singuli
689 2107 946 2140 canonicorum
975 2107 1282 2141 instituendorum
1310 2108 1347 2140 in
1374 2108 1603 2141 institutione
1629 2120 1692 2141 sua
1713 2108 1911 2152 juramenti
1937 2107 2117 2153 religione
2138 2107 2346 2143 firmabunt,
2372 2114 2409 2141 et

524 2173 622 2219 quod
650 2186 725 2206 eam
755 2186 821 2206 nec
850 2186 914 2218 per
941 2185 981 2206 se
1010 2186 1075 2206 nec
1104 2186 1168 2219 per
1194 2174 1303 2207 alium
1332 2174 1533 2219 infringere
1560 2174 1819 2219 procurabunt.
1851 2174 2044 2207 lnstitutus
2074 2174 2179 2207 etiam
2210 2174 2408 2208 canonicus

523 2253 595 2274 non
628 2241 728 2285 prius
759 2241 795 2273 in
827 2240 938 2274 choro
969 2252 1034 2274 seu
1065 2241 1223 2286 capitulo
1255 2241 1452 2286 recipietur
1482 2241 1525 2274 ab
1556 2241 1650 2282 aliis,
1685 2248 1747 2274 aut
1774 2241 1914 2274 fructus
1945 2241 2123 2286 percipiet
2151 2240 2407 2286 prebendales,

524 2308 640 2340 donec
671 2307 707 2340 in
739 2307 897 2352 capitulo
923 2308 1103 2353 juraverit
1136 2307 1203 2341 hec
1233 2307 1353 2341 onmia
1384 2319 1423 2341 se
1452 2307 1604 2341 firmiter
1638 2314 1879 2341 servaturum.
1915 2309 2084 2341 Preterea
2119 2308 2278 2341 decanus
2312 2307 2408 2341 beati

524 2374 685 2407 Marcelli
716 2381 747 2406 et
778 2374 975 2419 capitulum
1003 2374 1072 2407 hoc
1100 2386 1139 2407 se
1162 2375 1380 2419 juraverunt
1406 2374 1501 2408 bona
1529 2375 1600 2408 fide
1628 2374 1797 2408 similiter
1827 2381 2048 2408 servaturos.
2080 2376 2120 2407 In
2150 2374 2259 2420 hujus
2288 2374 2408 2420 itaque
2439 2374 2442 2377 ’

524 2441 574 2473 rei
604 2448 814 2486 perpetuam
845 2441 1049 2474 firmitatem
1081 2448 1289 2486 presentem
1320 2442 1487 2487 paginam
1518 2441 1632 2487 sigilli
1660 2442 1776 2475 nostri
1812 2442 2012 2475 munimine
2043 2442 2196 2475 fecimus
2230 2441 2408 2483 roborari,

526 2514 560 2540 et
590 2515 766 2552 preterea,
799 2508 835 2540 in
867 2507 976 2553 hujus
1006 2508 1088 2541 facti
1118 2508 1365 2541 testimonium
1395 2515 1431 2542 et
1456 2520 1677 2542 consensum
1707 2510 1813 2554 Hugo
1841 2509 2000 2542 decanus
2027 2515 2063 2542 et
2089 2508 2284 2554 capitulum
2313 2508 2410 2541 Pari-

527 2574 649 2606 siense
678 2586 781 2606 suum
812 2574 989 2619 sigillum,
1018 2582 1054 2608 et
1079 2575 1275 2620 capitulum
1305 2575 1400 2609 beati
1428 2575 1590 2609 Marcelli
1618 2575 1787 2609 similiter
1813 2587 1919 2608 suum
1946 2575 2107 2620 sigillum
2136 2575 2219 2608 huic
2246 2575 2412 2609 fecerunt

529 2640 674 2684 apponi.
698 2641 824 2672 Actum
848 2653 942 2674 anno
964 2642 1139 2675 incarnati
1160 2642 1273 2676 Verbi
1295 2647 1459 2684 m⁰cc⁰v⁰,
1482 2642 1714 2687 pontificatus
1735 2642 1849 2675 nostri
1871 2654 1966 2675 anno
1987 2641 2073 2686 viij0.

624 2729 751 2753 (lhareul.
765 2729 884 2759 episcopi
900 2730 993 2754 Paris,
1004 2730 1029 2753 in
1042 2730 1168 2754 Biblioth.
1189 2734 1242 2754 nat.
1259 2731 1343 2755 Puris.
1361 2739 1410 2755 ms.
1427 2731 1472 2754 lut.
1489 2732 1558 2759 5526,
1572 2731 1616 2755 fol.
1629 2731 1680 2755 53¹³.
1692 2731 1822 2755 Parvum
1839 2730 1975 2758 Chartul.,
1993 2730 2018 2753 in
2034 2730 2111 2753 Arcb.
2128 2733 2181 2754 nnt.
2198 2730 2282 2753 Puris.
2295 2730 2343 2754 LL.
2356 2730 2410 2758 1811,

528 2781 554 2803 p.
571 2774 610 2797 90.
627 2787 657 2789 —
672 2773 800 2800 Guerard,
821 2774 898 2797 Cart.
912 2775 945 2797 de
960 2774 1153 2799 Notre-Dame
1165 2776 1198 2798 de
1212 2775 1305 2802 Paris,
1323 2776 1342 2802 Ι,
1360 2776 1397 2803 75,
1414 2779 1443 2798 n⁰
1459 2776 1497 2799 77.

625 2853 646 2876 l.
664 2853 722 2876 Jnm
740 2861 807 2876 saec.
825 2853 991 2884 praecedenti
1012 2853 1080 2877 idem
1102 2855 1184 2877 multo
1204 2854 1305 2885 largius
1326 2854 1406 2878 fiebat
1420 2863 1435 2878 a
1451 2855 1611 2886 quibusdam
1626 2854 1762 2886 capitulis.
1783 2854 1826 2878 Sic
1841 2855 1987 2878 Alexander
2002 2855 2038 2878 111
2062 2853 2091 2878 19
2109 2855 2231 2878 Decemb.
2253 2854 2411 2885 (1170-1180)

530 2897 621 2920 scribit
647 2898 745 2920 decano
771 2901 795 2920 ct
819 2897 935 2929 capitulo
956 2898 1125 2921 Ambinnensi
1138 2906 1142 2921 z
1157 2907 1168 2921 «
1186 2899 1330 2922 Addidistis
1351 2899 1468 2930 insuper,
1491 2900 1559 2931 quod
1581 2899 1625 2931 qui
1646 2900 1758 2923 fratrum
1778 2902 1927 2923 vestrorum
1947 2899 1979 2922 de
1998 2899 2103 2922 licentia
2123 2902 2211 2922 vestra
2230 2907 2311 2922 causa
2331 2899 2411 2922 studii

530 2942 569 2965 vel
590 2941 813 2973 peregrinationis
835 2942 956 2965 absentes
979 2943 1083 2971 suerint,
1105 2943 1267 2974 prebendam
1287 2951 1362 2966 sunm
1386 2943 1557 2966 nihilominus
1583 2944 1695 2967 debeant
1714 2952 1773 2967 cum
1796 2943 1946 2975 integritate
1970 2943 2143 2975 percipere».
2165 2943 2242 2967 Arch.
2258 2943 2317 2974 dep.
2335 2943 2366 2966 de
2385 2944 2411 2966 lu

530 2986 635 3009 Summe
650 2986 784 3017 (Amicus).
802 2987 932 3011 Chartul.
954 2986 976 3010 I.
994 2987 1024 3011 G.
1041 2988 1095 3015 339,
1118 2988 1162 3011 sot.
1178 2987 1229 3011 45¹³.
1247 2987 1286 3012 cf.
1308 2988 1559 3019 Pssugk-Hnrttung,
1577 2990 1647 3013 Acta
1658 2993 1739 3018 pont.
1756 2989 1835 3013 Rom.
1852 2989 1926 3012 ined.
1944 2988 1962 3015 1,
1980 2989 2035 3012 248.
