2580 3528
259 386 356 427 1272]
594 394 641 416 Aa
674 393 781 416 Anno
815 392 893 415 mcc
926 392 1060 421 usqua
1095 393 1144 414 An
1180 392 1412 415 pmmppuu
1448 393 1488 415 1v
1523 393 1612 415 nse.
1650 394 1787 416 fumo.
2064 386 2127 418 501

257 469 448 516 premissis
472 467 630 502 fideliter
653 466 906 501 observandis.
929 467 970 499 In
995 467 1100 511 cujus
1125 466 1178 500 rei
1203 466 1452 500 testimonium
1479 467 1515 499 in
1541 466 1636 500 libro
1662 467 1917 512 magistrorum
1943 468 2038 501 inter
2061 468 2129 502 alia

256 548 381 570 eorum
403 541 619 570 statutorum
641 533 819 580 premissa
834 534 1029 579 jusserunt
1047 532 1327 567 conscribenda.
1349 534 1478 566 Datum
1500 540 1539 566 ut
1559 533 1673 579 prius.

349 647 477 672 Chao-tul.
491 646 594 677 facult.
608 647 715 672 Decret-
731 646 759 670 in
773 645 842 670 Bibl.
859 646 949 670 Arsen.
967 645 1062 674 Parin..
1079 653 1127 669 ms.
1144 645 1215 674 1121,
1232 645 1276 668 fol.
1294 645 1348 668 175.
1364 657 1393 662 -
1409 644 1534 669 Preuves
1546 644 1747 677 justificatives
1763 645 1811 670 des
1829 644 1919 669 droits
1937 645 1983 669 des
2000 645 2128 670 docteurs

253 691 367 723 rdqmts
379 695 408 716 et
419 692 454 716 do
466 691 543 716 teta!
556 692 603 716 des
614 692 743 716 domurs
755 690 874 722 αρνέρέε
888 691 906 715 ἀ
921 690 951 715 la
965 690 1075 721 facult&
1085 691 1133 715 des
1145 690 1234 715 droits
1246 690 1279 714 de
1293 689 1398 717 Paris„
1414 689 1498 717 Paris.
1515 689 1585 719 1766,
1599 697 1626 721 p.
1643 689 1681 712 13.
1692 689 1740 713 Mn,
1757 692 1783 713 et
1796 689 1876 713 editio
1891 688 2048 720 quandoque
2061 693 2072 714 t
2082 697 2131 720 pro

253 743 268 762 c
281 738 392 768 ponunt.
407 735 545 765 Jourdain,
560 739 590 759 n‘·
603 736 658 760 229.

347 833 370 858 1.
386 832 621 865 Bapaume?—2.
639 833 691 856 Inte
706 831 834 864 magister
855 832 963 856 minime
982 835 1023 856 est
1042 831 1113 856 idem
1131 839 1162 855 ac
1182 833 1214 856 fr.
1238 831 1329 855 Simon
1348 831 1380 855 de
1400 831 1481 859 Valle,
1502 839 1533 854 ex
1552 830 1616 855 ord.
1637 831 1741 859 Praed„
1763 833 1793 854 ut
1811 830 1940 854 Jourdain
1962 833 2047 862 putat,
2070 839 2130 854 cnm

252 878 348 902 fratres
358 877 556 902 Praedicatores
570 885 623 900 non
638 877 671 900 ad
687 877 839 901 facultatem
852 877 1022 901 Deci-storum
1037 876 1170 908 pertinere
1184 875 1327 908 potuerint.
1339 875 1382 899 Sic
1396 883 1443 899 nec
1454 875 1576 899 Alhertus
1590 875 1769 899 Theutonicus
1783 878 1859 899 antea
1870 875 1994 899 laudatus
2005 875 2132 899 confundi

251 922 330 946 debet
343 930 403 946 cnm
418 922 525 946 Albos-to
539 921 635 954 Magno
650 929 681 945 ex
695 921 759 946 Ord.
775 921 868 945 Praed.
886 921 933 945 Hic
948 921 1055 953 illicque
1067 921 1160 944 eadem
1173 920 1241 944 ratio
1255 921 1333 944 valet.
1349 934 1381 938 —
1395 921 1418 944 3.
1430 921 1507 944 Forte
1525 920 1594 944 idem
1609 928 1640 944 ac
1654 920 1788 944 ,lohannes
1804 920 1836 944 de
1851 920 1990 948 Blanosco,
2006 920 2132 952 Burgun-

251 966 311 996 ἆυ,
323 966 386 999 jura
400 966 489 990 civilia
503 965 645 995 Bononiae,
666 966 760 990 saltem
775 973 817 989 an.
834 966 904 995 1256,
920 967 1067 998 professus.
1084 965 1149 989 Vide
1164 965 1290 997 Savigny‚
1309 964 1470 990 aeschichte
1480 966 1527 990 des
1542 964 1623 990 Ram.
1640 964 1754 995 Rechts,
1767 965 1797 994 V,
1813 965 1860 988 1196
1875 972 1934 996 sqq.
1948 978 1980 983 —
1994 966 2018 988 4.
2035 965 2132 996 Utique

251 1010 410 1035 Totainville
423 1010 551 1043 (Vc-ges).
570 1023 602 1028 --
615 1012 639 1034 5.
655 1010 772 1035 Gnatiae.
791 1010 844 1034 Iste
858 1010 944 1035 Guido
959 1018 1038 1042 saepe
1058 1009 1210 1034 nominatur
1224 1009 1251 1033 in
1267 1009 1375 1035 Canul.
1393 1011 1427 1034 do
1441 1008 1543 1040 l'eylise
1558 1011 1592 1034 de
1605 1009 1798 1034 Nom-Darne
1811 1010 1845 1034 de
1859 1009 1955 1038 Paris,
1971 1009 2014 1037 lv,
2030 1010 2084 1033 264.
2100 1022 2132 1027 —

251 1056 276 1080 ⁶.
290 1055 347 1079 Non
361 1055 467 1079 videtur
480 1063 539 1079 esse
548 1054 619 1078 idem
633 1062 663 1078 ac
676 1062 758 1086 supi-a
772 1059 803 1078 n⁰
815 1055 871 1084 410,
887 1063 912 1079 n.
929 1055 953 1084 9,
969 1054 1102 1078 laudatus.

248 1256 363 1294 443.
389 1265 509 1293 ear-olus
525 1267 548 1302 I,
563 1274 615 1293 rea:
630 1265 760 1301 Siciliae,
777 1265 907 1292 doctores
923 1269 950 1292 et
963 1265 1111 1292 scholares
1125 1265 1310 1292 Parisienses
1326 1266 1427 1292 invitat
1442 1268 1473 1291 ut
1488 1264 1648 1301 Neapolim,
1666 1265 1715 1291 ubi
1729 1265 1856 1291 studium
1869 1265 2006 1300 generale
2021 1266 2132 1292 instau-

337 1315 420 1350 ravit,
438 1314 561 1341 docendi
575 1318 603 1341 et
617 1313 759 1341 audiendi
773 1322 866 1340 causa
882 1315 1004 1341 veniant.

1323 1377 1399 1406 1272,
1413 1377 1477 1403 dulii
1487 1377 1528 1407 31,
1545 1378 1614 1409 apud
1624 1378 1840 1404 Hontomfortem.

337 1460 547 1495 Universis¹
575 1459 788 1494 doctoribus
808 1466 845 1494 et
864 1459 1068 1494 scolaribus
1089 1459 1374 1493 Parisiensibus.
1398 1459 1671 1505 Dispensatoris
1696 1460 1838 1506 providi
1865 1460 2042 1503 debitum,
2064 1461 2127 1507 qui

247 1531 347 1579 pacis
381 1538 418 1566 et
449 1531 537 1566 belli
571 1538 734 1578 tempora
767 1543 931 1577 congrua
964 1531 1176 1577 provisione
1211 1530 1413 1577 dispensat,
1443 1530 1595 1576 implere
1625 1538 1798 1576 quantum
1834 1530 1941 1565 nobis
1976 1544 2019 1565 ex
2053 1532 2124 1566 alto

244 1598 465 1645 permittitur
493 1598 684 1645 cupientes
710 1605 794 1644 post
820 1604 967 1632 nostros
995 1597 1151 1632 sudores
1178 1597 1334 1631 bellicos
1362 1603 1398 1631 et
1423 1597 1581 1639 labores,
1608 1597 1743 1643 quibus
1768 1597 1915 1632 dextera
1941 1598 2125 1632 salubrem

242 1666 317 1711 jam
341 1665 450 1699 finem
475 1665 661 1712 imposuit,
684 1665 804 1699 studia
828 1671 952 1699 nostra
973 1664 1221 1699 convertimus
1241 1664 1287 1698 ad
1307 1665 1406 1710 pacis
1426 1664 1616 1698 commoda
1642 1665 1679 1698 in
1705 1676 1820 1711 regno
1848 1672 1974 1699 nostro
2004 1665 2126 1699 Sicilie

244 1731 490 1766 instauranda.
514 1733 612 1766 Inter
638 1744 710 1778 que
736 1731 773 1766 id
800 1731 1028 1778 providimus
1055 1731 1214 1765 subditis
1240 1731 1378 1765 nostris
1404 1723 1635 1778 potissimum
1664 1731 1762 1777 quod
1790 1732 1828 1765 in
1856 1744 1971 1778 regno
1999 1739 2126 1766 nostro

244 1798 415 1832 refloreat
438 1805 474 1833 et
490 1798 614 1845 vigeat
626 1798 767 1845 jugiter
787 1798 949 1832 studium
969 1798 1187 1840 litterarum,
1210 1810 1275 1844 per
1296 1797 1395 1844 quod
1416 1797 1630 1832 erudiantur
1651 1798 1802 1840 indocti,
1824 1798 1921 1832 docti
1948 1805 2017 1832 tam
2043 1799 2125 1833 aliis

247 1877 352 1912 quam
392 1864 463 1899 sibi
500 1864 702 1912 proficiant,
734 1865 988 1911 pullulentque
1016 1865 1084 1899 viri
1113 1864 1287 1899 virtutum
1316 1865 1488 1898 varietate
1518 1864 1651 1911 prediti
1683 1877 1722 1898 ac
1753 1865 1860 1898 donis
1893 1865 2045 1899 scientie
2081 1865 2126 1899 ad

245 1932 447 1978 regendum
472 1932 510 1966 in
529 1932 670 1978 justitia
691 1932 848 1979 populos
869 1931 1132 1978 prefulgentes.
1156 1931 1366 1965 Institutum
1387 1931 1569 1977 siquidem
1590 1931 1634 1965 ab
1655 1932 1804 1977 antiquo
1828 1932 1865 1965 in
1891 1932 2125 1978 Neapolitana

246 1998 388 2034 civitate
414 1997 625 2044 hujusmodi
651 1999 811 2033 studium
837 1997 1104 2045 supplementis
1129 1998 1332 2032 instaurare
1357 1997 1506 2040 debitis,
1527 1998 1709 2044 adaugere
1735 1998 1927 2044 oportunis
1953 1999 2126 2045 presidiis

247 2072 284 2099 et
308 2065 484 2112 congruis
509 2066 633 2100 fovere
653 2065 840 2101 favoribus
861 2065 1117 2108 decernentes,
1139 2065 1183 2099 ad
1204 2065 1384 2099 civitatem
1406 2065 1535 2111 ipsam,
1557 2077 1628 2111 que
1648 2065 1744 2099 aeris
1769 2066 1924 2111 puritate
1952 2066 2125 2109 salubris,

247 2131 318 2166 loci
339 2132 530 2166 amenitate
558 2133 768 2179 conspicua,
796 2132 961 2167 ubertate
990 2145 1110 2166 rerum
1140 2132 1302 2166 omnium
1331 2131 1516 2178 opulenta,
1543 2138 1579 2166 et
1608 2132 1780 2166 marinis¹
1806 2133 2125 2167 commoditatibus

248 2204 426 2245 oportuna
460 2198 555 2233 inter
585 2205 703 2233 cetera
735 2199 815 2233 loca
844 2199 946 2233 Italie
970 2200 1073 2245 juxta
1103 2199 1319 2245 sapientium
1351 2198 1583 2244 antiquorum
1619 2199 1835 2232 sententiam
1871 2199 2056 2233 extollitur
2090 2206 2125 2233 et

247 2264 428 2307 laudatur,
454 2271 491 2299 et
516 2265 553 2299 in
580 2277 651 2312 qua
678 2278 751 2300 non
779 2266 859 2300 sine
886 2278 994 2300 causa
1024 2266 1186 2312 pensatis
1214 2272 1395 2299 tantorum
1424 2265 1605 2299 bonorum
1632 2265 1780 2299 dotibus
1806 2266 1985 2299 institutio
2011 2267 2124 2300 studii

247 2331 326 2366 fieri
362 2331 506 2375 meruit,
539 2331 639 2366 viros
679 2332 716 2366 in
751 2331 922 2366 omnibus
955 2332 1119 2366 scientiis
1154 2331 1319 2366 eruditos
1353 2331 1523 2365 duximus
1551 2332 1624 2376 jam
1661 2343 1726 2377 pro
1761 2331 1971 2377 hujusmodi
2002 2333 2124 2367 studio

247 2398 466 2440 evocandos,
488 2404 528 2432 ut
546 2398 584 2432 in
605 2410 648 2433 eo
668 2398 777 2433 velud
798 2399 897 2433 fonte
917 2398 1058 2445 irriguo
1079 2398 1203 2445 pusilli
1225 2405 1260 2432 et
1280 2398 1414 2444 magni,
1437 2398 1612 2439 minores,
1630 2398 1736 2444 periti
1757 2404 1793 2432 ct
1813 2399 1975 2444 provecti
1996 2406 2065 2433 tam
2086 2400 2123 2433 in

218 2469 226 2506 ⁴.
248 2465 354 2499 trivio
381 2471 417 2499 et
443 2465 659 2511 quadruvio,
679 2466 763 2511 jure
792 2465 968 2499 canonico
998 2472 1035 2499 et
1062 2465 1174 2507 civili,
1200 2477 1306 2510 quam
1337 2464 1521 2510 theologia
1552 2464 1700 2498 studere
1730 2464 1909 2507 volentes,
1938 2466 2125 2500 inveniant

248 2531 345 2566 unde
373 2533 475 2578 juxta
509 2543 610 2566 suam
645 2531 923 2579 possibilitatem
958 2538 994 2566 et
1027 2532 1173 2566 modum
1209 2531 1309 2565 refici
1344 2530 1460 2565 valeat
1498 2531 1764 2577 unusquisque.
1802 2532 1858 2566 Ad
1900 2532 1968 2567 hoc
2011 2533 2123 2579 igitur

247 2598 408 2633 studium
434 2598 545 2633 velud
573 2599 712 2646 grande
741 2599 947 2633 convivium
977 2598 1100 2633 multis
1127 2598 1165 2632 in
1193 2610 1237 2632 eo
1265 2597 1563 2631 recombentibus
1590 2598 1680 2632 viris
1709 2597 1988 2634 honorabilibus
2018 2612 2123 2634 exor-

246 2671 382 2708 natum,
408 2666 644 2712 omniumque
671 2666 911 2700 reficientium
937 2665 1101 2700 ciborum
1129 2665 1339 2700 diversitate
1367 2664 1536 2698 refertum
1564 2676 1630 2699 vos
1656 2665 1849 2700 universos
1877 2673 1912 2700 et
1939 2667 2122 2713 singulos,

247 2743 341 2778 quos
370 2731 550 2767 bonorum
585 2739 794 2767 nostrorum
829 2732 1023 2779 participes
1058 2731 1135 2766 fieri
1171 2731 1353 2778 cupimus,
1388 2730 1619 2774 invitamus⁸,
1649 2731 1819 2766 doctores
1854 2745 1981 2767 omnes
2015 2741 2122 2780 atque

247 2797 408 2833 scolares
439 2798 484 2833 ad
517 2799 638 2846 ipsum
671 2799 861 2834 venientes
895 2799 1056 2834 studium
1093 2798 1227 2833 nedum
1257 2797 1474 2844 privilegiis,
1506 2797 1738 2833 libertatibus
1768 2805 1804 2832 et
1832 2799 2120 2835 immunitatibus

247 2865 436 2900 concessis
460 2865 719 2901 accedentibus
743 2866 787 2900 ad
812 2866 973 2900 studium
998 2865 1171 2912 generale
1196 2864 1357 2912 gaudere
1382 2863 1560 2907 volentes,
1586 2876 1712 2899 verum
1737 2865 1843 2899 etiam
1870 2867 2123 2912 promittentes

249 2937 375 2966 tenore
394 2932 618 2979 presentium
639 2933 677 2967 in
697 2933 799 2980 ipsos
818 2933 1011 2967 affluenter
1037 2932 1225 2967 effundere
1250 2931 1339 2966 alias
1366 2930 1598 2966 multimodas
1624 2932 1758 2978 gratias
1784 2939 1817 2966 et
1844 2932 2033 2976 beneficia,
2053 2945 2124 2979 quc
