2580 3528
453 396 518 429 218
1039 401 1355 425 CHARTULARIUM
1390 399 1579 422 UNIVERS.
1616 397 1744 420 PAnis.
2224 387 2323 428 [1249

454 479 647 525 adjutorio,
677 478 877 521 secundum
905 477 1035 510 celitus
1063 476 1177 509 datam
1205 474 1310 508 vobis
1337 473 1567 513 industriam,
1596 472 1652 517 pia
1680 470 1939 516 prosecutione
1966 476 2145 504 maturare
2172 471 2320 505 curetis.

455 546 638 591 Insipiens
666 545 781 578 factus
810 556 889 578 sum
913 555 920 576 :
944 542 1162 588 postulantis
1189 541 1355 586 urgentia
1383 551 1440 572 me
1469 539 1601 584 coegit.
1633 537 1760 571 Valeat
1787 537 2014 582 paternitatis
2042 543 2163 571 vestre
2193 537 2321 583 pietas.

455 614 507 647 Ne
527 613 619 646 forte
640 611 812 645 memorie
834 610 1035 656 [exciderit]
1056 615 1190 650 vestre,
1212 613 1360 652 propter
1381 605 1657 650 occupationum
1677 604 1901 645 varietatem,
1922 610 2028 637 tenor
2047 603 2324 650 indulgentialis

455 680 588 721 littere,
616 691 720 724 quam
751 678 939 723 piissimus
968 683 1068 721 pater
1094 675 1260 708 minister
1286 672 1470 718 generalis
1499 671 1598 705 fratri
1627 672 1667 704 R.
1699 671 1736 704 in
1767 683 1834 704 suo
1862 682 2012 705 recessu
2040 670 2201 717 reliquit,
2229 671 2324 705 dicte

456 746 575 779 littere
602 752 761 778 tenorem
787 745 894 789 signo
918 742 1104 775 memorati
1132 739 1315 786 generalis
1341 739 1496 784 signate,
1524 750 1630 783 quem
1657 749 1775 783 nuper
1799 738 1937 784 aspexi,
1962 737 2079 771 adhuc
2105 749 2218 783 penes
2243 750 2326 784 pre-

456 813 565 846 fatum
604 812 747 844 fratrem
783 812 823 843 R.
859 815 1117 848 remanentem,
1153 806 1351 839 sanctitatis
1385 811 1505 838 vestre
1541 804 1755 838 discretioni
1790 804 1859 837 sub
1898 804 2022 850 sigillo
2061 811 2187 838 nostro
2222 805 2324 838 mitto

456 879 723 923 transcriptum.

549 976 663 1004 Brewer,
683 975 812 999 Manum.
832 974 986 1000 Francisc„
1009 973 1028 999 l,
1049 973 1102 995 365.
1118 985 1148 988 —
1165 971 1227 994 Vide
1247 974 1335 994 notam
1355 970 1388 993 ad
1412 970 1469 993 doc.
1491 974 1520 993 11⁰
1540 970 1593 993 188.
1615 971 1668 994 Iste
1689 971 1721 994 rr.
1747 970 1876 994 Ricardus
1895 970 2085 994 cornubiensis
2102 979 2114 994 α
2128 970 2195 1002 legit
2208 970 2326 994 cursorie

457 1020 602 1044 Sententias
623 1019 748 1047 Purisius,
769 1018 814 1041 ubi
837 1025 948 1048 magnus
968 1020 993 1039 et
1015 1016 1180 1039 admirabilis
1205 1015 1381 1047 philosophus
1402 1015 1536 1046 judicatus
1557 1018 1634 1039 est».
1655 1015 1770 1038 Thomas
1796 1015 1828 1039 de
1846 1015 1993 1045 Eccleatom
2013 1015 2090 1044 ibid„
2119 1023 2147 1047 p.
2173 1016 2212 1039 39.
2245 1015 2327 1039 Aliter

453 1064 554 1096 judicat
568 1065 599 1087 de
615 1064 660 1086 illo
675 1064 791 1094 Rogerus
807 1062 875 1085 Baco
893 1070 897 1084 z
916 1070 926 1083 α
943 1060 1147 1084 Famosissimus
1163 1060 1234 1091 apud
1254 1060 1363 1083 stultum
1381 1059 1588 1087 multitudinem,
1609 1060 1655 1083 sed
1675 1060 1746 1091 apud
1766 1059 1900 1091 sapientes
1921 1060 1971 1084 suit
1991 1059 2102 1083 insanus
2121 1063 2147 1084 et
2167 1060 2326 1092 reprobatus

455 1108 572 1132 Parisius
592 1110 700 1139 propter
719 1114 821 1129 errores
841 1113 906 1137 quos
926 1105 1061 1128 invenerat
1080 1108 1105 1127 et
1125 1105 1340 1136 pervulgaverat,
1365 1111 1425 1126 cum
1449 1103 1602 1127 solemniter
1621 1104 1727 1135 legebat
1746 1103 1907 1129 Sententia-5
1927 1104 2035 1134 ibidem,
2054 1104 2213 1136 priusquam
2227 1105 2327 1136 legeret

456 1151 602 1175 Sententias
616 1151 708 1175 Oxonii
723 1151 757 1174 ab
772 1158 839 1173 anno
850 1149 954 1173 Domini
969 1150 1030 1172 1250
1045 1157 1066 1172 n.
1083 1149 1201 1177 Chai-les,
1218 1149 1311 1179 Roqer
1322 1149 1428 1176 Bac-on,
1444 1157 1470 1180 p.
1487 1148 1533 1172 415
1558 1149 1596 1172 Ex
1611 1148 1660 1172 hoc
1680 1148 1779 1172 scimus
1792 1149 1887 1172 saltem
1901 1157 1953 1181 quo
1967 1152 2086 1180 tempore
2101 1149 2211 1173 Parisiis
2222 1149 2325 1181 legerit,

454 1196 509 1220 scil.
527 1199 585 1219 ante
600 1204 642 1219 nn.
659 1196 728 1224 1250,
745 1195 814 1226 quod
830 1194 927 1226 optime
943 1194 1065 1225 congruit
1081 1202 1140 1216 cum
1156 1193 1268 1224 epistola
1282 1201 1364 1225 supra
1378 1193 1523 1225 publicata.

458 1402 564 1439 190.
588 1412 768 1437 Innocentius
779 1413 795 1436 1
800 1412 922 1438 Vratum
933 1415 961 1437 et
969 1415 1082 1445 gratnm
1094 1411 1189 1445 habel,
1205 1410 1281 1446 quod
1294 1419 1312 1436 a
1326 1410 1464 1446 Iohanne,
1479 1410 1586 1437 abbate
1598 1412 1625 1437 S.
1643 1410 1792 1437 Benedicti
1803 1411 2005 1447 Floriacensis,
2024 1415 2052 1438 et
2069 1411 2175 1447 0done,
2193 1413 2327 1448 episcopo

546 1463 714 1498 Tusculano,
731 1463 909 1499 apostolicae
924 1462 1002 1488 sedis
1018 1462 1121 1497 legato,
1139 1462 1175 1488 de
1188 1462 1295 1488 studiis
1311 1461 1474 1498 aliquorum
1490 1462 1692 1489 monachorum
1708 1462 1834 1499 ejusdem
1850 1463 2019 1489 monasterii
2039 1463 2131 1498 suerit
2150 1463 2324 1490 ordinatum.

1697 1553 1773 1583 1250,
1789 1553 1850 1579 unii
1861 1553 1908 1583 28,
1923 1553 2040 1586 Lugduni.

544 1627 778 1659 Innocentius
803 1638 931 1659 servus
957 1638 1144 1659 servorum
1174 1626 1240 1659 Dei
1261 1626 1395 1660 dilecto
1417 1626 1492 1660 filio
1512 1626 1654 1660 abbati²
1682 1627 1893 1661 monasterii
1916 1628 1950 1661 S.
1974 1627 2164 1661 Benedicti
2192 1627 2329 1661 Floria-

454 1693 575 1726 censis
605 1693 692 1726 Ord.
725 1694 759 1726 S.
791 1693 978 1726 Benedicti
1008 1693 1052 1726 ad
1082 1694 1276 1726 Romanam
1307 1692 1498 1727 ecclesiam
1525 1693 1627 1727 nullo
1658 1694 1778 1727 medio
1805 1694 2024 1740 pertinentis
2050 1693 2328 1728 Aurelianensis

455 1759 612 1793 diocesis
638 1759 789 1793 salutem
815 1766 850 1792 et
874 1759 1106 1805 apostolicam
1134 1759 1441 1793 benedictionem.
1470 1761 1548 1794 Hiis
1573 1773 1643 1806 que
1669 1760 1712 1794 ab
1738 1761 1976 1794 ecclesiarum
2002 1761 2151 1807 prelatis
2175 1761 2328 1807 provide

455 1833 673 1869 statuuntur,
706 1826 863 1859 libenter
890 1827 1080 1872 adjicimus
1105 1827 1296 1872 apostolici
1327 1827 1540 1861 muniminis
1566 1827 1784 1870 firmitatem,
1811 1835 1851 1861 ut
1875 1828 2086 1861 intemerata
2111 1828 2328 1870 consistant,

454 1905 535 1926 cum
567 1900 692 1926 nostro
724 1893 859 1926 fuerint
888 1894 1050 1939 presidio
1080 1894 1312 1927 communita.
1345 1895 1436 1928 Cum
1469 1895 1581 1940 igitur
1606 1895 1702 1928 sicut
1726 1907 1769 1928 ex
1794 1902 1894 1940 parte
1924 1901 1983 1928 tua
2007 1895 2075 1928 fuit
2100 1894 2327 1940 propositum

455 1971 573 1992 coram
604 1959 710 1992 nobis
735 1959 830 1993 bone
856 1960 1028 1993 memorie
1049 1962 1079 1994 J.
1107 1961 1294 2006 proximus
1319 1961 1562 2006 predecessor
1592 1968 1676 1994 tuus
1705 1960 1817 1995 abbas
1842 1961 2054 1995 monasterii
2084 1960 2329 1994 Floriacensis

456 2025 717 2059 deliberatione
746 2026 895 2072 provida
925 2027 1069 2060 duxerit
1093 2027 1349 2069 ordinandum,
1382 2034 1422 2061 ut
1452 2028 1489 2060 in
1521 2028 1682 2073 prioratu
1711 2029 1745 2061 S.
1776 2028 1943 2062 Gervasii
1972 2027 2253 2061 Aurelianensis
2282 2026 2327 2060 ad

455 2092 550 2125 idem
577 2093 832 2126 monasterium
861 2093 969 2138 pleno
993 2095 1076 2139 jure
1107 2101 1292 2139 spectante
1320 2094 1446 2128 decem
1476 2106 1520 2128 ex
1548 2095 1666 2140 ipsius
1691 2095 1902 2128 monasterii
1929 2094 2117 2128 monachis
2147 2093 2327 2127 docibiles

456 2159 499 2192 ad
520 2159 728 2192 discendam
756 2172 890 2193 sacram
912 2161 1078 2205 paginam
1104 2168 1388 2203 commorentur,
1416 2161 1634 2207 quibusdam
1661 2151 1831 2195 domibus
1856 2161 2011 2207 predicti
2037 2160 2262 2202 monasterii,
2285 2171 2330 2193 ex

456 2226 588 2271 quibus
609 2227 803 2259 sustentari
824 2227 978 2268 valeant,
1001 2240 1126 2260 eorum
1148 2227 1277 2261 usibus
1305 2228 1500 2274 deputatis,
1526 2229 1636 2274 idque
1660 2228 1830 2262 venerab.
1853 2229 1964 2262 frater
1984 2235 2111 2261 noster
2131 2227 2328 2273 episcopus

455 2293 603 2326 Tuscul.
631 2300 714 2326 tunc
740 2294 777 2326 in
798 2293 960 2339 partibus
986 2295 1134 2327 Francie
1160 2295 1359 2340 apostolice
1385 2295 1485 2328 sedis
1506 2295 1649 2341 legatus
1670 2296 1814 2328 duxerit
1833 2295 2134 2336 confirmandum,
2162 2299 2271 2340 prout
2290 2293 2328 2326 in

456 2359 586 2393 litteris
617 2372 727 2405 super
755 2360 823 2393 hoc
850 2361 1038 2402 confectis,
1074 2374 1225 2406 quarum
1260 2369 1423 2395 tenorem
1455 2362 1500 2395 de
1533 2362 1646 2396 verbo
1681 2363 1724 2396 ad
1758 2362 1909 2396 verbum
1945 2361 2180 2408 presentibus
2214 2359 2328 2393 inseri

457 2427 622 2467 fecimus,
661 2427 804 2471 plenius
842 2428 1082 2461 continetur:
1110 2440 1178 2461 nos
1212 2429 1285 2462 tuis
1320 2429 1649 2474 supplicationibus
1684 2429 1860 2469 inclinati,
1895 2429 1993 2474 quod
2032 2439 2143 2474 super
2181 2427 2250 2460 hoc
2284 2425 2328 2460 ab

459 2493 595 2526 eisdem
621 2493 747 2526 abbate
775 2501 809 2526 et
836 2494 954 2539 legato
981 2495 1132 2539 provide
1161 2496 1290 2528 sactum
1314 2502 1382 2537 est,
1411 2503 1525 2529 ratum
1554 2502 1590 2529 et
1615 2503 1757 2542 gratum
1784 2495 1974 2538 habentes,
2005 2495 2195 2528 autoritate
2222 2505 2329 2539 apos—

459 2559 563 2591 tolica
594 2560 848 2593 confirmamus
869 2568 904 2593 et
930 2562 1112 2606 presentis
1140 2562 1263 2607 scripti
1296 2563 1497 2607 patrocinio
1524 2563 1803 2596 communimus.
1834 2564 1955 2596 Tenor
1982 2568 2101 2595 autem
2128 2561 2328 2594 litterarum

460 2625 540 2658 talis
575 2632 630 2658 est
653 2638 660 2658 t
685 2641 700 2657 «
723 2627 802 2659 Odo
831 2627 950 2660 divina
978 2628 1209 2661 miseratione
1236 2629 1466 2662 Tusculanus
1494 2630 1703 2675 episcopus,
1731 2635 1794 2663 etc.
1823 2635 1862 2663 ut
1889 2640 2001 2674 supra
2027 2639 2066 2661 n⁰
2087 2629 2147 2661 171
2172 2641 2202 2659 ».
2230 2625 2328 2659 Nulli

461 2703 563 2737 ergo,
597 2697 675 2733 etc.,
710 2699 833 2725 nostre
867 2694 1165 2736 confirmationis,
1193 2701 1256 2729 etc.
1290 2696 1326 2729 Si
1358 2696 1439 2741 quis
1469 2703 1600 2737 autem,
1637 2701 1701 2730 etc.
1739 2697 1816 2729 Dat.
1853 2695 2023 2740 Lugduni
2056 2706 2078 2728 v
2112 2693 2180 2727 kat.
2216 2693 2327 2734 Junii,

462 2757 689 2802 pontificatus
711 2759 825 2791 nostri
846 2771 939 2792 anno
961 2761 1127 2805 septimo.

555 2856 650 2880 Chart.
668 2857 695 2879 S.
713 2857 856 2881 Benedicti
872 2857 991 2881 Floriac.
1009 2857 1034 2880 in
1051 2858 1125 2881 Arch.
1143 2859 1244 2890 depart.
1261 2860 1295 2882 du
1311 2860 1398 2883 Loiret
1413 2860 1552 2891 (Oi-lenus),
1569 2869 1594 2892 p.
1612 2862 1651 2889 36,
1667 2864 1696 2883 n⁰
1711 2861 1749 2884 53.
1771 2869 1782 2883 «
1799 2860 1930 2884 Collatum
1950 2867 2009 2882 cum
2031 2858 2155 2890 originali
2177 2866 2200 2881 ».
2222 2857 2329 2886 Ghnzut,

460 2899 587 2924 Historia
604 2900 724 2924 coenobii
737 2901 867 2928 floriac„
884 2901 945 2924 Cod.
963 2901 1040 2924 270b³⁸
1054 2901 1079 2924 in
1095 2902 1257 2926 Bibliotheca
1272 2904 1346 2935 publ.
1363 2905 1506 2933 Aurelium,
1523 2905 1567 2928 fol.
1582 2905 1636 2928 478.
1647 2918 1680 2922 —
1693 2905 1713 2928 Α
1724 2904 1822 2928 Denisse
1837 2904 1879 2928 ed.
1890 2903 1917 2927 in
1928 2903 2035 2928 Archiv
2043 2904 2065 2933 Γ.
2082 2903 2258 2927 Litteratur—
2268 2901 2332 2925 und

461 2944 673 2975 Kirchenqesch.
689 2946 735 2968 des
750 2944 936 2972 Mitcelalters,
958 2946 976 2973 Ι,
994 2947 1046 2969 582.
1063 2959 1093 2963 -—
1109 2947 1155 2970 An.
1172 2947 1241 2976 1260,
1263 2956 1351 2972 mense
1370 2949 1447 2978 Maio,
1464 2949 1623 2980 Stephanus,
1639 2949 1713 2981 prim·
1729 2950 1756 2973 S.
1773 2948 1906 2972 Benedicti
1921 2947 2044 2976 Florine„
2061 2946 2149 2970 omnia
2164 2949 2222 2970 rata
2236 2945 2331 2969 hab-ia

570 2990 607 3012 28.
