<?xml version="1.0" encoding="UTF-8"?>
<!DOCTYPE html PUBLIC "-//W3C//DTD XHTML 1.0 Transitional//EN"
    "http://www.w3.org/TR/xhtml1/DTD/xhtml1-transitional.dtd">
<html xmlns="http://www.w3.org/1999/xhtml" xml:lang="en" lang="en">
 <head>
  <title>
</title>
<meta http-equiv="Content-Type" content="text/html;charset=utf-8" />
  <meta name='ocr-system' content='tesseract 3.04.00' />
  <meta name='ocr-capabilities' content='ocr_page ocr_carea ocr_par ocr_line ocrx_word'/>
</head>
<body>
  <div class='ocr_page' id='page_1' title='image "./chartulariumuniv01univuoft_0645.png"; bbox 0 0 2580 3528; ppageno 0'>
   <div class='ocr_carea' id='block_1_1' title="bbox 0 0 227 3528">
    <p class='ocr_par' dir='ltr' id='par_1_1' title="bbox 0 0 227 3528">
     <span class='ocr_line' id='line_1_1' title="bbox 0 0 227 3528; baseline 0 0"><span class='ocrx_word' id='word_1_1' title='bbox 0 0 227 3528; x_wconf 95' lang='lat' dir='ltr'><strong> </strong></span> 
     </span>
    </p>
   </div>
   <div class='ocr_carea' id='block_1_2' title="bbox 260 419 2134 464">
    <p class='ocr_par' dir='ltr' id='par_1_2' title="bbox 260 419 2134 464">
     <span class='ocr_line' id='line_1_2' title="bbox 260 419 2134 464; baseline -0.001 -11"><span class='ocrx_word' id='word_1_2' title='bbox 260 421 358 464; x_wconf 82' lang='lat'><strong>1284]</strong></span> <span class='ocrx_word' id='word_1_3' title='bbox 603 431 651 454; x_wconf 71' lang='lat' dir='ltr'><strong>AB</strong></span> <span class='ocrx_word' id='word_1_4' title='bbox 684 430 790 452; x_wconf 55' lang='lat' dir='ltr'><strong>anuo</strong></span> <span class='ocrx_word' id='word_1_5' title='bbox 825 429 902 452; x_wconf 70' lang='lat' dir='ltr'><strong>uec</strong></span> <span class='ocrx_word' id='word_1_6' title='bbox 936 428 1069 458; x_wconf 74' lang='lat' dir='ltr'><strong>usous</strong></span> <span class='ocrx_word' id='word_1_7' title='bbox 1104 429 1153 451; x_wconf 68' lang='lat' dir='ltr'><strong>An</strong></span> <span class='ocrx_word' id='word_1_8' title='bbox 1187 427 1416 450; x_wconf 73' lang='lat' dir='ltr'><strong>t‘HtLIPPUM</strong></span> <span class='ocrx_word' id='word_1_9' title='bbox 1452 428 1492 450; x_wconf 83' lang='lat' dir='ltr'><strong>iv</strong></span> <span class='ocrx_word' id='word_1_10' title='bbox 1527 428 1615 450; x_wconf 73' lang='lat' dir='ltr'><strong>aso.</strong></span> <span class='ocrx_word' id='word_1_11' title='bbox 1652 428 1789 450; x_wconf 51' lang='lat' dir='ltr'><strong>rasse.</strong></span> <span class='ocrx_word' id='word_1_12' title='bbox 2068 419 2134 451; x_wconf 87' lang='lat'><strong>603</strong></span> 
     </span>
    </p>
   </div>
   <div class='ocr_carea' id='block_1_3' title="bbox 243 500 2136 3016">
    <p class='ocr_par' dir='ltr' id='par_1_3' title="bbox 243 500 2136 3016">
     <span class='ocr_line' id='line_1_3' title="bbox 258 500 2133 547; baseline -0.003 -7"><span class='ocrx_word' id='word_1_13' title='bbox 258 506 305 540; x_wconf 82' lang='lat' dir='ltr'><strong>de</strong></span> <span class='ocrx_word' id='word_1_14' title='bbox 329 504 520 547; x_wconf 83' lang='lat' dir='ltr'><strong>Colubrio,</strong></span> <span class='ocrx_word' id='word_1_15' title='bbox 546 503 733 539; x_wconf 79' lang='lat' dir='ltr'><strong>Iohannes</strong></span> <span class='ocrx_word' id='word_1_16' title='bbox 759 503 805 537; x_wconf 90' lang='lat' dir='ltr'><strong>de</strong></span> <span class='ocrx_word' id='word_1_17' title='bbox 833 502 1021 537; x_wconf 87' lang='lat' dir='ltr'><strong>Ambianis</strong></span> <span class='ocrx_word' id='word_1_18' title='bbox 1048 509 1085 536; x_wconf 92' lang='lat' dir='ltr'><strong>et</strong></span> <span class='ocrx_word' id='word_1_19' title='bbox 1107 503 1187 536; x_wconf 84' lang='lat' dir='ltr'><strong>Yvo</strong></span> <span class='ocrx_word' id='word_1_20' title='bbox 1212 502 1325 543; x_wconf 86' lang='lat' dir='ltr'><strong>Brito,</strong></span> <span class='ocrx_word' id='word_1_21' title='bbox 1348 500 1560 535; x_wconf 89' lang='lat' dir='ltr'><strong>Gilebertus</strong></span> <span class='ocrx_word' id='word_1_22' title='bbox 1588 501 1813 543; x_wconf 87' lang='lat' dir='ltr'><strong>Portelance,</strong></span> <span class='ocrx_word' id='word_1_23' title='bbox 1835 502 2061 535; x_wconf 89' lang='lat' dir='ltr'><strong>Guillermus</strong></span> <span class='ocrx_word' id='word_1_24' title='bbox 2088 502 2133 535; x_wconf 90' lang='lat' dir='ltr'><strong>de</strong></span> 
     </span>
     <span class='ocr_line' id='line_1_4' title="bbox 258 567 2133 618; baseline -0.003 -12"><span class='ocrx_word' id='word_1_25' title='bbox 258 573 400 618; x_wconf 79' lang='lat' dir='ltr'><strong>Noyon,</strong></span> <span class='ocrx_word' id='word_1_26' title='bbox 426 571 613 606; x_wconf 80' lang='lat' dir='ltr'><strong>Johanues</strong></span> <span class='ocrx_word' id='word_1_27' title='bbox 640 570 685 604; x_wconf 92' lang='lat' dir='ltr'><strong>de</strong></span> <span class='ocrx_word' id='word_1_28' title='bbox 713 570 894 611; x_wconf 83' lang='lat' dir='ltr'><strong>Lexoviis,</strong></span> <span class='ocrx_word' id='word_1_29' title='bbox 920 568 1078 603; x_wconf 85' lang='lat' dir='ltr'><strong>Jacobus</strong></span> <span class='ocrx_word' id='word_1_30' title='bbox 1106 568 1343 615; x_wconf 87' lang='lat' dir='ltr'><strong>Burgundus,</strong></span> <span class='ocrx_word' id='word_1_31' title='bbox 1371 567 1576 614; x_wconf 80' lang='lat' dir='ltr'>Stephanus</span> <span class='ocrx_word' id='word_1_32' title='bbox 1602 568 1647 601; x_wconf 91' lang='lat' dir='ltr'><strong>de</strong></span> <span class='ocrx_word' id='word_1_33' title='bbox 1672 567 1775 613; x_wconf 87' lang='lat' dir='ltr'><strong>Luyl,</strong></span> <span class='ocrx_word' id='word_1_34' title='bbox 1802 567 1986 601; x_wconf 76' lang='lat' dir='ltr'><strong>Johannes</strong></span> <span class='ocrx_word' id='word_1_35' title='bbox 2015 569 2133 601; x_wconf 79' lang='lat' dir='ltr'><strong>dictus</strong></span> 
     </span>
     <span class='ocr_line' id='line_1_5' title="bbox 258 633 2131 683; baseline -0.003 -11"><span class='ocrx_word' id='word_1_36' title='bbox 258 638 371 680; x_wconf 73' lang='lat' dir='ltr'><strong>Bane,</strong></span> <span class='ocrx_word' id='word_1_37' title='bbox 393 639 525 672; x_wconf 86' lang='lat' dir='ltr'><strong>Petrus</strong></span> <span class='ocrx_word' id='word_1_38' title='bbox 551 637 671 671; x_wconf 89' lang='lat' dir='ltr'><strong>dictus</strong></span> <span class='ocrx_word' id='word_1_39' title='bbox 696 638 825 683; x_wconf 85' lang='lat' dir='ltr'><strong>Doyte,</strong></span> <span class='ocrx_word' id='word_1_40' title='bbox 848 636 961 670; x_wconf 88' lang='lat' dir='ltr'><strong>Adam</strong></span> <span class='ocrx_word' id='word_1_41' title='bbox 983 635 1029 669; x_wconf 89' lang='lat' dir='ltr'><strong>de</strong></span> <span class='ocrx_word' id='word_1_42' title='bbox 1050 635 1265 677; x_wconf 91' lang='lat' dir='ltr'><strong>Suessione,</strong></span> <span class='ocrx_word' id='word_1_43' title='bbox 1287 636 1416 668; x_wconf 90' lang='lat' dir='ltr'><strong>Petrus</strong></span> <span class='ocrx_word' id='word_1_44' title='bbox 1436 635 1482 668; x_wconf 91' lang='lat' dir='ltr'><strong>de</strong></span> <span class='ocrx_word' id='word_1_45' title='bbox 1503 635 1620 668; x_wconf 90' lang='lat' dir='ltr'><strong>Bosco</strong></span> <span class='ocrx_word' id='word_1_46' title='bbox 1646 634 1794 680; x_wconf 84' lang='lat' dir='ltr'><strong>Rogeri,</strong></span> <span class='ocrx_word' id='word_1_47' title='bbox 1816 633 2008 667; x_wconf 65' lang='lat' dir='ltr'><strong>Johannesv</strong></span> <span class='ocrx_word' id='word_1_48' title='bbox 2026 635 2070 667; x_wconf 91' lang='lat' dir='ltr'><strong>de</strong></span> <span class='ocrx_word' id='word_1_49' title='bbox 2097 635 2131 668; x_wconf 92' lang='lat' dir='ltr'><strong>S.</strong></span> 
     </span>
     <span class='ocr_line' id='line_1_6' title="bbox 256 701 2133 750; baseline -0.003 -11"><span class='ocrx_word' id='word_1_50' title='bbox 256 705 440 747; x_wconf 80' lang='lat' dir='ltr'><strong>Laudum,</strong></span> <span class='ocrx_word' id='word_1_51' title='bbox 466 703 680 750; x_wconf 87' lang='lat' dir='ltr'><strong>Radulphus</strong></span> <span class='ocrx_word' id='word_1_52' title='bbox 705 703 930 745; x_wconf 87' lang='lat' dir='ltr'><strong>Portelance,</strong></span> <span class='ocrx_word' id='word_1_53' title='bbox 957 709 994 736; x_wconf 91' lang='lat' dir='ltr'><strong>et</strong></span> <span class='ocrx_word' id='word_1_54' title='bbox 1015 702 1200 736; x_wconf 89' lang='lat' dir='ltr'><strong>Johannes</strong></span> <span class='ocrx_word' id='word_1_55' title='bbox 1225 702 1344 735; x_wconf 89' lang='lat' dir='ltr'><strong>dictus</strong></span> <span class='ocrx_word' id='word_1_56' title='bbox 1368 701 1610 747; x_wconf 87' lang='lat' dir='ltr'><strong>Albus-panis</strong></span> <span class='ocrx_word' id='word_1_57' title='bbox 1636 701 1773 742; x_wconf 91' lang='lat' dir='ltr'><strong>clerici,</strong></span> <span class='ocrx_word' id='word_1_58' title='bbox 1799 707 1867 734; x_wconf 87' lang='lat' dir='ltr'><strong>tam</strong></span> <span class='ocrx_word' id='word_1_59' title='bbox 1895 701 2041 734; x_wconf 89' lang='lat' dir='ltr'><strong>nomine</strong></span> <span class='ocrx_word' id='word_1_60' title='bbox 2067 713 2133 734; x_wconf 91' lang='lat' dir='ltr'><strong>suo</strong></span> 
     </span>
     <span class='ocr_line' id='line_1_7' title="bbox 257 767 2132 818; baseline -0.003 -12"><span class='ocrx_word' id='word_1_61' title='bbox 257 770 364 818; x_wconf 75' lang='lat' dir='ltr'><strong>quarn</strong></span> <span class='ocrx_word' id='word_1_62' title='bbox 389 771 538 805; x_wconf 88' lang='lat' dir='ltr'><strong>nomine</strong></span> <span class='ocrx_word' id='word_1_63' title='bbox 562 770 715 805; x_wconf 87' lang='lat' dir='ltr'><strong>aliorum</strong></span> <span class='ocrx_word' id='word_1_64' title='bbox 745 782 943 817; x_wconf 88' lang='lat' dir='ltr'><strong>pauperum</strong></span> <span class='ocrx_word' id='word_1_65' title='bbox 970 769 1165 803; x_wconf 89' lang='lat' dir='ltr'><strong>scolarium</strong></span> <span class='ocrx_word' id='word_1_66' title='bbox 1192 769 1312 802; x_wconf 91' lang='lat' dir='ltr'><strong>Sancti</strong></span> <span class='ocrx_word' id='word_1_67' title='bbox 1336 768 1475 802; x_wconf 90' lang='lat' dir='ltr'><strong>Thome</strong></span> <span class='ocrx_word' id='word_1_68' title='bbox 1502 768 1547 801; x_wconf 92' lang='lat' dir='ltr'><strong>de</strong></span> <span class='ocrx_word' id='word_1_69' title='bbox 1575 769 1716 814; x_wconf 88' lang='lat' dir='ltr'><strong>Lupera</strong></span> <span class='ocrx_word' id='word_1_70' title='bbox 1742 767 1856 801; x_wconf 84' lang='lat' dir='ltr'><strong>Paris.</strong></span> <span class='ocrx_word' id='word_1_71' title='bbox 1883 774 2132 806; x_wconf 81' lang='lat' dir='ltr'><strong>asseruerunt,</strong></span> 
     </span>
     <span class='ocr_line' id='line_1_8' title="bbox 257 834 2132 884; baseline -0.003 -12"><span class='ocrx_word' id='word_1_72' title='bbox 257 840 357 884; x_wconf 85' lang='lat' dir='ltr'><strong>quod</strong></span> <span class='ocrx_word' id='word_1_73' title='bbox 376 850 458 872; x_wconf 90' lang='lat' dir='ltr'><strong>cum</strong></span> <span class='ocrx_word' id='word_1_74' title='bbox 479 838 551 884; x_wconf 92' lang='lat' dir='ltr'><strong>ipsi</strong></span> <span class='ocrx_word' id='word_1_75' title='bbox 571 837 719 871; x_wconf 86' lang='lat' dir='ltr'><strong>nomine</strong></span> <span class='ocrx_word' id='word_1_76' title='bbox 740 837 835 871; x_wconf 91' lang='lat' dir='ltr'><strong>dicte</strong></span> <span class='ocrx_word' id='word_1_77' title='bbox 856 836 987 870; x_wconf 88' lang='lat' dir='ltr'><strong>domus</strong></span> <span class='ocrx_word' id='word_1_78' title='bbox 1007 835 1195 878; x_wconf 87' lang='lat' dir='ltr'><strong>haberent,</strong></span> <span class='ocrx_word' id='word_1_79' title='bbox 1214 842 1394 877; x_wconf 81' lang='lat' dir='ltr'><strong>tenerent,</strong></span> <span class='ocrx_word' id='word_1_80' title='bbox 1412 835 1646 881; x_wconf 81' lang='lat' dir='ltr'><strong>possiderent</strong></span> <span class='ocrx_word' id='word_1_81' title='bbox 1665 846 1705 868; x_wconf 89' lang='lat' dir='ltr'><strong>ac</strong></span> <span class='ocrx_word' id='word_1_82' title='bbox 1725 834 1957 880; x_wconf 80' lang='lat' dir='ltr'><strong>perciperent</strong></span> <span class='ocrx_word' id='word_1_83' title='bbox 1971 835 2009 867; x_wconf 92' lang='lat' dir='ltr'><strong>in</strong></span> <span class='ocrx_word' id='word_1_84' title='bbox 2025 841 2132 875; x_wconf 84' lang='lat' dir='ltr'><strong>terra,</strong></span> 
     </span>
     <span class='ocr_line' id='line_1_9' title="bbox 251 901 2134 951; baseline -0.003 -12"><span class='ocrx_word' id='word_1_85' title='bbox 251 905 511 951; x_wconf 88' lang='lat' dir='ltr'><strong>jurisdictione</strong></span> <span class='ocrx_word' id='word_1_86' title='bbox 530 916 571 938; x_wconf 88' lang='lat' dir='ltr'><strong>ac</strong></span> <span class='ocrx_word' id='word_1_87' title='bbox 591 904 754 938; x_wconf 92' lang='lat' dir='ltr'><strong>dominio</strong></span> <span class='ocrx_word' id='word_1_88' title='bbox 774 903 968 937; x_wconf 89' lang='lat' dir='ltr'><strong>reverendi</strong></span> <span class='ocrx_word' id='word_1_89' title='bbox 992 903 1030 936; x_wconf 90' lang='lat' dir='ltr'><strong>in</strong></span> <span class='ocrx_word' id='word_1_90' title='bbox 1049 902 1197 937; x_wconf 88' lang='lat' dir='ltr'><strong>Christo</strong></span> <span class='ocrx_word' id='word_1_91' title='bbox 1218 902 1330 948; x_wconf 85' lang='lat' dir='ltr'><strong>patris</strong></span> <span class='ocrx_word' id='word_1_92' title='bbox 1351 901 1531 948; x_wconf 85' lang='lat' dir='ltr'><strong>Ranulphi</strong></span> <span class='ocrx_word' id='word_1_93' title='bbox 1552 901 1795 948; x_wconf 76' lang='lat' dir='ltr'><strong>permissione</strong></span> <span class='ocrx_word' id='word_1_94' title='bbox 1816 901 1938 935; x_wconf 87' lang='lat' dir='ltr'><strong>divina</strong></span> <span class='ocrx_word' id='word_1_95' title='bbox 1958 901 2134 934; x_wconf 88' lang='lat' dir='ltr'><strong>Parisien-</strong></span> 
     </span>
     <span class='ocr_line' id='line_1_10' title="bbox 258 968 2133 1018; baseline -0.003 -12"><span class='ocrx_word' id='word_1_96' title='bbox 258 973 311 1006; x_wconf 91' lang='lat' dir='ltr'><strong>sis</strong></span> <span class='ocrx_word' id='word_1_97' title='bbox 331 972 496 1018; x_wconf 83' lang='lat' dir='ltr'><strong>episcopi</strong></span> <span class='ocrx_word' id='word_1_98' title='bbox 515 983 651 1006; x_wconf 89' lang='lat' dir='ltr'><strong>census</strong></span> <span class='ocrx_word' id='word_1_99' title='bbox 676 977 928 1017; x_wconf 87' lang='lat' dir='ltr'><strong>augmentatos</strong></span> <span class='ocrx_word' id='word_1_100' title='bbox 949 982 1014 1004; x_wconf 91' lang='lat' dir='ltr'><strong>seu</strong></span> <span class='ocrx_word' id='word_1_101' title='bbox 1035 969 1202 1003; x_wconf 88' lang='lat' dir='ltr'><strong>redditus</strong></span> <span class='ocrx_word' id='word_1_102' title='bbox 1226 969 1492 1015; x_wconf 81' lang='lat' dir='ltr'><strong>insi-ascriptos,</strong></span> <span class='ocrx_word' id='word_1_103' title='bbox 1513 968 1685 1002; x_wconf 80' lang='lat' dir='ltr'><strong>videlicet</strong></span> <span class='ocrx_word' id='word_1_104' title='bbox 1709 980 1821 1014; x_wconf 90' lang='lat' dir='ltr'><strong>super</strong></span> <span class='ocrx_word' id='word_1_105' title='bbox 1845 968 1998 1014; x_wconf 87' lang='lat' dir='ltr'><strong>quadam</strong></span> <span class='ocrx_word' id='word_1_106' title='bbox 2025 968 2133 1001; x_wconf 92' lang='lat' dir='ltr'><strong>domo</strong></span> 
     </span>
     <span class='ocr_line' id='line_1_11' title="bbox 259 1034 2134 1083; baseline -0.003 -11"><span class='ocrx_word' id='word_1_107' title='bbox 259 1038 326 1072; x_wconf 86' lang='lat' dir='ltr'><strong>sita</strong></span> <span class='ocrx_word' id='word_1_108' title='bbox 345 1039 384 1072; x_wconf 91' lang='lat' dir='ltr'><strong>in</strong></span> <span class='ocrx_word' id='word_1_109' title='bbox 403 1037 547 1073; x_wconf 83' lang='lat' dir='ltr'><strong>sellaria</strong></span> <span class='ocrx_word' id='word_1_110' title='bbox 567 1037 780 1079; x_wconf 86' lang='lat' dir='ltr'><strong>Parisiensi,</strong></span> <span class='ocrx_word' id='word_1_111' title='bbox 801 1049 871 1083; x_wconf 90' lang='lat' dir='ltr'><strong>que</strong></span> <span class='ocrx_word' id='word_1_112' title='bbox 891 1037 959 1071; x_wconf 89' lang='lat' dir='ltr'><strong>suit</strong></span> <span class='ocrx_word' id='word_1_113' title='bbox 978 1037 1159 1082; x_wconf 89' lang='lat' dir='ltr'><strong>quondam</strong></span> <span class='ocrx_word' id='word_1_114' title='bbox 1182 1036 1342 1070; x_wconf 76' lang='lat' dir='ltr'><strong>defuncti</strong></span> <span class='ocrx_word' id='word_1_115' title='bbox 1362 1035 1538 1069; x_wconf 86' lang='lat' dir='ltr'><strong>Johannis</strong></span> <span class='ocrx_word' id='word_1_116' title='bbox 1558 1035 1769 1069; x_wconf 87' lang='lat' dir='ltr'><strong>Nevellonis</strong></span> <span class='ocrx_word' id='word_1_117' title='bbox 1789 1042 1826 1068; x_wconf 92' lang='lat' dir='ltr'><strong>et</strong></span> <span class='ocrx_word' id='word_1_118' title='bbox 1845 1047 1950 1080; x_wconf 88' lang='lat' dir='ltr'><strong>quam</strong></span> <span class='ocrx_word' id='word_1_119' title='bbox 1972 1041 2070 1068; x_wconf 89' lang='lat' dir='ltr'><strong>tenet</strong></span> <span class='ocrx_word' id='word_1_120' title='bbox 2090 1034 2134 1068; x_wconf 92' lang='lat' dir='ltr'><strong>ad</strong></span> 
     </span>
     <span class='ocr_line' id='line_1_12' title="bbox 259 1101 2135 1151; baseline -0.003 -12"><span class='ocrx_word' id='word_1_121' title='bbox 259 1115 414 1151; x_wconf 83' lang='lat' dir='ltr'><strong>presens</strong></span> <span class='ocrx_word' id='word_1_122' title='bbox 439 1104 637 1139; x_wconf 89' lang='lat' dir='ltr'><strong>Gualterus</strong></span> <span class='ocrx_word' id='word_1_123' title='bbox 662 1103 708 1138; x_wconf 91' lang='lat' dir='ltr'><strong>de</strong></span> <span class='ocrx_word' id='word_1_124' title='bbox 733 1103 946 1138; x_wconf 89' lang='lat' dir='ltr'><strong>Broissellis</strong></span> <span class='ocrx_word' id='word_1_125' title='bbox 971 1103 1061 1137; x_wconf 88' lang='lat' dir='ltr'><strong>civis</strong></span> <span class='ocrx_word' id='word_1_126' title='bbox 1086 1103 1319 1141; x_wconf 78' lang='lat' dir='ltr'><strong>ParisiensiS,</strong></span> <span class='ocrx_word' id='word_1_127' title='bbox 1348 1102 1534 1148; x_wconf 72' lang='lat' dir='ltr'><strong>sexaginta</strong></span> <span class='ocrx_word' id='word_1_128' title='bbox 1568 1101 1708 1135; x_wconf 90' lang='lat' dir='ltr'><strong>solidos</strong></span> <span class='ocrx_word' id='word_1_129' title='bbox 1743 1102 1853 1147; x_wconf 89' lang='lat' dir='ltr'><strong>paris.</strong></span> <span class='ocrx_word' id='word_1_130' title='bbox 1880 1101 1989 1135; x_wconf 90' lang='lat' dir='ltr'><strong>annui</strong></span> <span class='ocrx_word' id='word_1_131' title='bbox 2016 1102 2135 1134; x_wconf 92' lang='lat' dir='ltr'><strong>incre-</strong></span> 
     </span>
     <span class='ocr_line' id='line_1_13' title="bbox 259 1168 2135 1215; baseline -0.003 -9"><span class='ocrx_word' id='word_1_132' title='bbox 259 1172 371 1205; x_wconf 88' lang='lat' dir='ltr'><strong>menti</strong></span> <span class='ocrx_word' id='word_1_133' title='bbox 391 1183 526 1205; x_wconf 88' lang='lat' dir='ltr'><strong>census</strong></span> <span class='ocrx_word' id='word_1_134' title='bbox 546 1183 613 1205; x_wconf 87' lang='lat' dir='ltr'><strong>seu</strong></span> <span class='ocrx_word' id='word_1_135' title='bbox 633 1171 821 1212; x_wconf 89' lang='lat' dir='ltr'><strong>redditus;</strong></span> <span class='ocrx_word' id='word_1_136' title='bbox 840 1170 924 1204; x_wconf 88' lang='lat' dir='ltr'><strong>item</strong></span> <span class='ocrx_word' id='word_1_137' title='bbox 946 1181 1058 1215; x_wconf 89' lang='lat' dir='ltr'><strong>super</strong></span> <span class='ocrx_word' id='word_1_138' title='bbox 1077 1169 1219 1203; x_wconf 85' lang='lat' dir='ltr'><strong>duabus</strong></span> <span class='ocrx_word' id='word_1_139' title='bbox 1240 1169 1411 1203; x_wconf 87' lang='lat' dir='ltr'><strong>domibus</strong></span> <span class='ocrx_word' id='word_1_140' title='bbox 1426 1169 1610 1214; x_wconf 87' lang='lat' dir='ltr'><strong>contiguis</strong></span> <span class='ocrx_word' id='word_1_141' title='bbox 1631 1169 1712 1202; x_wconf 89' lang='lat' dir='ltr'><strong>sitis</strong></span> <span class='ocrx_word' id='word_1_142' title='bbox 1728 1168 1889 1202; x_wconf 85' lang='lat' dir='ltr'><strong>Parisius</strong></span> <span class='ocrx_word' id='word_1_143' title='bbox 1910 1168 1947 1201; x_wconf 92' lang='lat' dir='ltr'><strong>in</strong></span> <span class='ocrx_word' id='word_1_144' title='bbox 1969 1168 2135 1213; x_wconf 81' lang='lat' dir='ltr'><strong>Frigido-</strong></span> 
     </span>
     <span class='ocr_line' id='line_1_14' title="bbox 259 1234 2134 1281; baseline -0.003 -9"><span class='ocrx_word' id='word_1_145' title='bbox 259 1237 432 1272; x_wconf 82' lang='lat' dir='ltr'><strong>Mantello</strong></span> <span class='ocrx_word' id='word_1_146' title='bbox 466 1238 563 1272; x_wconf 89' lang='lat' dir='ltr'><strong>inter</strong></span> <span class='ocrx_word' id='word_1_147' title='bbox 596 1237 742 1271; x_wconf 80' lang='lat' dir='ltr'><strong>domum</strong></span> <span class='ocrx_word' id='word_1_148' title='bbox 774 1236 963 1271; x_wconf 88' lang='lat' dir='ltr'><strong>Guillelmi</strong></span> <span class='ocrx_word' id='word_1_149' title='bbox 989 1236 1074 1270; x_wconf 91' lang='lat' dir='ltr'><strong>dicti</strong></span> <span class='ocrx_word' id='word_1_150' title='bbox 1106 1235 1284 1270; x_wconf 84' lang='lat' dir='ltr'><strong>Bonefille</strong></span> <span class='ocrx_word' id='word_1_151' title='bbox 1314 1248 1357 1269; x_wconf 83' lang='lat' dir='ltr'><strong>ex</strong></span> <span class='ocrx_word' id='word_1_152' title='bbox 1386 1248 1456 1269; x_wconf 86' lang='lat' dir='ltr'><strong>una</strong></span> <span class='ocrx_word' id='word_1_153' title='bbox 1485 1242 1599 1281; x_wconf 87' lang='lat' dir='ltr'><strong>parte,</strong></span> <span class='ocrx_word' id='word_1_154' title='bbox 1630 1242 1666 1269; x_wconf 92' lang='lat' dir='ltr'><strong>et</strong></span> <span class='ocrx_word' id='word_1_155' title='bbox 1695 1235 1841 1268; x_wconf 92' lang='lat' dir='ltr'><strong>domum</strong></span> <span class='ocrx_word' id='word_1_156' title='bbox 1874 1234 2062 1269; x_wconf 89' lang='lat' dir='ltr'><strong>Guillelmi</strong></span> <span class='ocrx_word' id='word_1_157' title='bbox 2101 1234 2134 1267; x_wconf 90' lang='lat' dir='ltr'><strong>le</strong></span> 
     </span>
     <span class='ocr_line' id='line_1_15' title="bbox 259 1301 2136 1351; baseline -0.003 -12"><span class='ocrx_word' id='word_1_158' title='bbox 259 1305 445 1338; x_wconf 80' lang='lat' dir='ltr'><strong>Hiaumier</strong></span> <span class='ocrx_word' id='word_1_159' title='bbox 463 1316 507 1338; x_wconf 89' lang='lat' dir='ltr'><strong>ex</strong></span> <span class='ocrx_word' id='word_1_160' title='bbox 527 1303 651 1345; x_wconf 86' lang='lat' dir='ltr'><strong>altera,</strong></span> <span class='ocrx_word' id='word_1_161' title='bbox 672 1315 762 1349; x_wconf 86' lang='lat' dir='ltr'><strong>quas</strong></span> <span class='ocrx_word' id='word_1_162' title='bbox 783 1309 883 1337; x_wconf 85' lang='lat' dir='ltr'><strong>tenet</strong></span> <span class='ocrx_word' id='word_1_163' title='bbox 902 1303 946 1336; x_wconf 91' lang='lat' dir='ltr'><strong>ad</strong></span> <span class='ocrx_word' id='word_1_164' title='bbox 967 1314 1122 1348; x_wconf 86' lang='lat' dir='ltr'><strong>presens</strong></span> <span class='ocrx_word' id='word_1_165' title='bbox 1143 1304 1310 1348; x_wconf 84' lang='lat' dir='ltr'><strong>Rogerus</strong></span> <span class='ocrx_word' id='word_1_166' title='bbox 1330 1302 1364 1336; x_wconf 90' lang='lat' dir='ltr'><strong>le</strong></span> <span class='ocrx_word' id='word_1_167' title='bbox 1385 1302 1555 1351; x_wconf 60' lang='lat' dir='ltr'><strong>Pelotier,</strong></span> <span class='ocrx_word' id='word_1_168' title='bbox 1574 1314 1638 1336; x_wconf 85' lang='lat' dir='ltr'><strong>sex</strong></span> <span class='ocrx_word' id='word_1_169' title='bbox 1658 1301 1798 1335; x_wconf 86' lang='lat' dir='ltr'><strong>solidos</strong></span> <span class='ocrx_word' id='word_1_170' title='bbox 1819 1308 1855 1335; x_wconf 91' lang='lat' dir='ltr'><strong>et</strong></span> <span class='ocrx_word' id='word_1_171' title='bbox 1873 1314 2003 1335; x_wconf 80' lang='lat' dir='ltr'><strong>novem</strong></span> <span class='ocrx_word' id='word_1_172' title='bbox 2025 1301 2136 1335; x_wconf 88' lang='lat' dir='ltr'><strong>dena-</strong></span> 
     </span>
     <span class='ocr_line' id='line_1_16' title="bbox 259 1368 2134 1417; baseline -0.002 -12"><span class='ocrx_word' id='word_1_173' title='bbox 259 1372 335 1405; x_wconf 82' lang='lat' dir='ltr'><strong>rios</strong></span> <span class='ocrx_word' id='word_1_174' title='bbox 362 1371 474 1417; x_wconf 86' lang='lat' dir='ltr'><strong>paris.</strong></span> <span class='ocrx_word' id='word_1_175' title='bbox 505 1371 616 1404; x_wconf 91' lang='lat' dir='ltr'><strong>annui</strong></span> <span class='ocrx_word' id='word_1_176' title='bbox 643 1381 780 1404; x_wconf 89' lang='lat' dir='ltr'><strong>census</strong></span> <span class='ocrx_word' id='word_1_177' title='bbox 809 1381 875 1404; x_wconf 86' lang='lat' dir='ltr'><strong>seu</strong></span> <span class='ocrx_word' id='word_1_178' title='bbox 905 1369 1092 1410; x_wconf 79' lang='lat' dir='ltr'><strong>redditus3</strong></span> <span class='ocrx_word' id='word_1_179' title='bbox 1124 1369 1209 1402; x_wconf 89' lang='lat' dir='ltr'><strong>item</strong></span> <span class='ocrx_word' id='word_1_180' title='bbox 1238 1380 1350 1414; x_wconf 87' lang='lat' dir='ltr'><strong>super</strong></span> <span class='ocrx_word' id='word_1_181' title='bbox 1378 1368 1531 1414; x_wconf 85' lang='lat' dir='ltr'><strong>quadam</strong></span> <span class='ocrx_word' id='word_1_182' title='bbox 1561 1369 1670 1402; x_wconf 88' lang='lat' dir='ltr'><strong>domo</strong></span> <span class='ocrx_word' id='word_1_183' title='bbox 1700 1368 1767 1402; x_wconf 88' lang='lat' dir='ltr'><strong>sita</strong></span> <span class='ocrx_word' id='word_1_184' title='bbox 1794 1368 1956 1402; x_wconf 89' lang='lat' dir='ltr'><strong>Parisius</strong></span> <span class='ocrx_word' id='word_1_185' title='bbox 1986 1369 2023 1401; x_wconf 92' lang='lat' dir='ltr'><strong>in</strong></span> <span class='ocrx_word' id='word_1_186' title='bbox 2052 1368 2134 1402; x_wconf 82' lang='lat' dir='ltr'><strong>vico</strong></span> 
     </span>
     <span class='ocr_line' id='line_1_17' title="bbox 259 1435 2134 1484; baseline -0.002 -12"><span class='ocrx_word' id='word_1_187' title='bbox 259 1437 399 1484; x_wconf 79' lang='lat' dir='ltr'><strong>Frigidi</strong></span> <span class='ocrx_word' id='word_1_188' title='bbox 419 1437 582 1471; x_wconf 88' lang='lat' dir='ltr'><strong>Mantelli</strong></span> <span class='ocrx_word' id='word_1_189' title='bbox 608 1437 780 1483; x_wconf 86' lang='lat' dir='ltr'><strong>contigua</strong></span> <span class='ocrx_word' id='word_1_190' title='bbox 809 1448 853 1470; x_wconf 87' lang='lat' dir='ltr'><strong>ex</strong></span> <span class='ocrx_word' id='word_1_191' title='bbox 882 1448 952 1470; x_wconf 87' lang='lat' dir='ltr'><strong>una</strong></span> <span class='ocrx_word' id='word_1_192' title='bbox 976 1442 1076 1482; x_wconf 90' lang='lat' dir='ltr'><strong>parte</strong></span> <span class='ocrx_word' id='word_1_193' title='bbox 1098 1435 1221 1469; x_wconf 85' lang='lat' dir='ltr'><strong>domui</strong></span> <span class='ocrx_word' id='word_1_194' title='bbox 1242 1435 1443 1469; x_wconf 84' lang='lat' dir='ltr'><strong>Godesredi</strong></span> <span class='ocrx_word' id='word_1_195' title='bbox 1463 1435 1646 1476; x_wconf 89' lang='lat' dir='ltr'><strong>Turnerii,</strong></span> <span class='ocrx_word' id='word_1_196' title='bbox 1669 1441 1704 1468; x_wconf 88' lang='lat' dir='ltr'><strong>et</strong></span> <span class='ocrx_word' id='word_1_197' title='bbox 1729 1447 1772 1468; x_wconf 87' lang='lat' dir='ltr'><strong>ex</strong></span> <span class='ocrx_word' id='word_1_198' title='bbox 1797 1435 1863 1468; x_wconf 88' lang='lat' dir='ltr'><strong>alia</strong></span> <span class='ocrx_word' id='word_1_199' title='bbox 1886 1442 1985 1480; x_wconf 89' lang='lat' dir='ltr'><strong>parte</strong></span> <span class='ocrx_word' id='word_1_200' title='bbox 2010 1435 2134 1468; x_wconf 86' lang='lat' dir='ltr'><strong>domui</strong></span> 
     </span>
     <span class='ocr_line' id='line_1_18' title="bbox 258 1501 2136 1551; baseline -0.003 -12"><span class='ocrx_word' id='word_1_201' title='bbox 258 1504 436 1551; x_wconf 87' lang='lat' dir='ltr'><strong>Aymonis</strong></span> <span class='ocrx_word' id='word_1_202' title='bbox 460 1504 506 1538; x_wconf 89' lang='lat' dir='ltr'><strong>de</strong></span> <span class='ocrx_word' id='word_1_203' title='bbox 526 1504 647 1550; x_wconf 87' lang='lat' dir='ltr'><strong>Grayo</strong></span> <span class='ocrx_word' id='word_1_204' title='bbox 667 1504 705 1537; x_wconf 90' lang='lat' dir='ltr'><strong>in</strong></span> <span class='ocrx_word' id='word_1_205' title='bbox 725 1503 872 1538; x_wconf 88' lang='lat' dir='ltr'><strong>censiva</strong></span> <span class='ocrx_word' id='word_1_206' title='bbox 891 1503 1011 1537; x_wconf 78' lang='lat' dir='ltr'><strong>Sancti</strong></span> <span class='ocrx_word' id='word_1_207' title='bbox 1033 1503 1207 1536; x_wconf 78' lang='lat' dir='ltr'><strong>Honorati</strong></span> <span class='ocrx_word' id='word_1_208' title='bbox 1228 1502 1358 1543; x_wconf 87' lang='lat' dir='ltr'><strong>Paris.,</strong></span> <span class='ocrx_word' id='word_1_209' title='bbox 1379 1514 1484 1547; x_wconf 90' lang='lat' dir='ltr'><strong>quam</strong></span> <span class='ocrx_word' id='word_1_210' title='bbox 1507 1508 1606 1535; x_wconf 88' lang='lat' dir='ltr'><strong>tenet</strong></span> <span class='ocrx_word' id='word_1_211' title='bbox 1625 1501 1846 1535; x_wconf 89' lang='lat' dir='ltr'><strong>Guillelmus</strong></span> <span class='ocrx_word' id='word_1_212' title='bbox 1872 1501 1991 1535; x_wconf 84' lang='lat' dir='ltr'><strong>(lictus</strong></span> <span class='ocrx_word' id='word_1_213' title='bbox 2015 1502 2136 1547; x_wconf 80' lang='lat' dir='ltr'><strong>Aqua-</strong></span> 
     </span>
     <span class='ocr_line' id='line_1_19' title="bbox 258 1568 2135 1617; baseline -0.003 -11"><span class='ocrx_word' id='word_1_214' title='bbox 258 1577 412 1613; x_wconf 85' lang='lat' dir='ltr'><strong>mortua,</strong></span> <span class='ocrx_word' id='word_1_215' title='bbox 434 1577 591 1617; x_wconf 85' lang='lat' dir='ltr'><strong>quatuor</strong></span> <span class='ocrx_word' id='word_1_216' title='bbox 615 1570 756 1604; x_wconf 86' lang='lat' dir='ltr'><strong>solidos</strong></span> <span class='ocrx_word' id='word_1_217' title='bbox 781 1570 905 1616; x_wconf 88' lang='lat' dir='ltr'><strong>paris.;</strong></span> <span class='ocrx_word' id='word_1_218' title='bbox 928 1570 1013 1603; x_wconf 90' lang='lat' dir='ltr'><strong>item</strong></span> <span class='ocrx_word' id='word_1_219' title='bbox 1035 1581 1147 1615; x_wconf 87' lang='lat' dir='ltr'><strong>super</strong></span> <span class='ocrx_word' id='word_1_220' title='bbox 1167 1569 1320 1615; x_wconf 84' lang='lat' dir='ltr'><strong>quadam</strong></span> <span class='ocrx_word' id='word_1_221' title='bbox 1342 1569 1450 1602; x_wconf 91' lang='lat' dir='ltr'><strong>domo</strong></span> <span class='ocrx_word' id='word_1_222' title='bbox 1471 1569 1509 1602; x_wconf 92' lang='lat' dir='ltr'><strong>in</strong></span> <span class='ocrx_word' id='word_1_223' title='bbox 1531 1568 1886 1614; x_wconf 87' lang='lat' dir='ltr'><strong>Frigido-Mantello,</strong></span> <span class='ocrx_word' id='word_1_224' title='bbox 1909 1580 1979 1613; x_wconf 89' lang='lat' dir='ltr'><strong>que</strong></span> <span class='ocrx_word' id='word_1_225' title='bbox 2005 1568 2135 1601; x_wconf 88' lang='lat' dir='ltr'><strong>domus</strong></span> 
     </span>
     <span class='ocr_line' id='line_1_20' title="bbox 258 1634 2134 1684; baseline -0.003 -12"><span class='ocrx_word' id='word_1_226' title='bbox 258 1637 443 1684; x_wconf 82' lang='lat' dir='ltr'><strong>quondam</strong></span> <span class='ocrx_word' id='word_1_227' title='bbox 467 1638 535 1671; x_wconf 86' lang='lat' dir='ltr'><strong>suit</strong></span> <span class='ocrx_word' id='word_1_228' title='bbox 556 1636 727 1671; x_wconf 86' lang='lat' dir='ltr'><strong>Richardi</strong></span> <span class='ocrx_word' id='word_1_229' title='bbox 747 1638 906 1683; x_wconf 86' lang='lat' dir='ltr'><strong>Faguee,</strong></span> <span class='ocrx_word' id='word_1_230' title='bbox 927 1648 1033 1682; x_wconf 84' lang='lat' dir='ltr'><strong>quam</strong></span> <span class='ocrx_word' id='word_1_231' title='bbox 1059 1642 1159 1670; x_wconf 87' lang='lat' dir='ltr'><strong>tenet</strong></span> <span class='ocrx_word' id='word_1_232' title='bbox 1182 1636 1369 1670; x_wconf 88' lang='lat' dir='ltr'><strong>Guerinus</strong></span> <span class='ocrx_word' id='word_1_233' title='bbox 1395 1635 1440 1669; x_wconf 90' lang='lat' dir='ltr'><strong>de</strong></span> <span class='ocrx_word' id='word_1_234' title='bbox 1464 1635 1550 1669; x_wconf 87' lang='lat' dir='ltr'><strong>villa</strong></span> <span class='ocrx_word' id='word_1_235' title='bbox 1575 1635 1723 1670; x_wconf 89' lang='lat' dir='ltr'><strong>Cereris</strong></span> <span class='ocrx_word' id='word_1_236' title='bbox 1748 1634 1943 1677; x_wconf 85' lang='lat' dir='ltr'><strong>lathomus,</strong></span> <span class='ocrx_word' id='word_1_237' title='bbox 1965 1634 2134 1667; x_wconf 86' lang='lat' dir='ltr'><strong>undecim</strong></span> 
     </span>
     <span class='ocr_line' id='line_1_21' title="bbox 259 1701 2134 1750; baseline -0.003 -11"><span class='ocrx_word' id='word_1_238' title='bbox 259 1704 401 1739; x_wconf 84' lang='lat' dir='ltr'><strong>solidos</strong></span> <span class='ocrx_word' id='word_1_239' title='bbox 425 1711 461 1738; x_wconf 89' lang='lat' dir='ltr'><strong>et</strong></span> <span class='ocrx_word' id='word_1_240' title='bbox 485 1710 640 1750; x_wconf 91' lang='lat' dir='ltr'><strong>quatuor</strong></span> <span class='ocrx_word' id='word_1_241' title='bbox 665 1703 836 1737; x_wconf 90' lang='lat' dir='ltr'><strong>denarios</strong></span> <span class='ocrx_word' id='word_1_242' title='bbox 857 1703 966 1749; x_wconf 90' lang='lat' dir='ltr'><strong>paris.</strong></span> <span class='ocrx_word' id='word_1_243' title='bbox 990 1704 1079 1737; x_wconf 85' lang='lat' dir='ltr'><strong>Item</strong></span> <span class='ocrx_word' id='word_1_244' title='bbox 1101 1714 1212 1748; x_wconf 91' lang='lat' dir='ltr'><strong>super</strong></span> <span class='ocrx_word' id='word_1_245' title='bbox 1232 1703 1425 1736; x_wconf 83' lang='lat' dir='ltr'><strong>medietate</strong></span> <span class='ocrx_word' id='word_1_246' title='bbox 1446 1702 1634 1748; x_wconf 85' lang='lat' dir='ltr'><strong>cujusdam</strong></span> <span class='ocrx_word' id='word_1_247' title='bbox 1661 1702 1792 1735; x_wconf 88' lang='lat' dir='ltr'><strong>domus</strong></span> <span class='ocrx_word' id='word_1_248' title='bbox 1818 1702 1886 1735; x_wconf 88' lang='lat' dir='ltr'><strong>site</strong></span> <span class='ocrx_word' id='word_1_249' title='bbox 1911 1701 2073 1735; x_wconf 87' lang='lat' dir='ltr'><strong>Parisius</strong></span> <span class='ocrx_word' id='word_1_250' title='bbox 2099 1701 2134 1734; x_wconf 91' lang='lat' dir='ltr'><strong>in</strong></span> 
     </span>
     <span class='ocr_line' id='line_1_22' title="bbox 260 1768 2135 1817; baseline -0.002 -12"><span class='ocrx_word' id='word_1_251' title='bbox 260 1770 603 1817; x_wconf 76' lang='lat' dir='ltr'><strong>Frigido-Mantello</strong></span> <span class='ocrx_word' id='word_1_252' title='bbox 623 1770 794 1816; x_wconf 89' lang='lat' dir='ltr'><strong>contigua</strong></span> <span class='ocrx_word' id='word_1_253' title='bbox 815 1782 859 1804; x_wconf 90' lang='lat' dir='ltr'><strong>ex</strong></span> <span class='ocrx_word' id='word_1_254' title='bbox 879 1782 950 1804; x_wconf 89' lang='lat' dir='ltr'><strong>una</strong></span> <span class='ocrx_word' id='word_1_255' title='bbox 970 1776 1070 1815; x_wconf 88' lang='lat' dir='ltr'><strong>parte</strong></span> <span class='ocrx_word' id='word_1_256' title='bbox 1091 1770 1215 1803; x_wconf 86' lang='lat' dir='ltr'><strong>domui</strong></span> <span class='ocrx_word' id='word_1_257' title='bbox 1237 1769 1399 1803; x_wconf 80' lang='lat' dir='ltr'><strong>defuncti</strong></span> <span class='ocrx_word' id='word_1_258' title='bbox 1419 1769 1564 1803; x_wconf 87' lang='lat' dir='ltr'><strong>Martini</strong></span> <span class='ocrx_word' id='word_1_259' title='bbox 1585 1769 1768 1815; x_wconf 62' lang='lat' dir='ltr'><strong>tegularii,</strong></span> <span class='ocrx_word' id='word_1_260' title='bbox 1785 1775 1821 1802; x_wconf 90' lang='lat' dir='ltr'><strong>ct</strong></span> <span class='ocrx_word' id='word_1_261' title='bbox 1841 1781 1883 1802; x_wconf 87' lang='lat' dir='ltr'><strong>ex</strong></span> <span class='ocrx_word' id='word_1_262' title='bbox 1903 1768 2014 1802; x_wconf 88' lang='lat' dir='ltr'><strong>altera</strong></span> <span class='ocrx_word' id='word_1_263' title='bbox 2036 1774 2135 1814; x_wconf 81' lang='lat' dir='ltr'><strong>parte</strong></span> 
     </span>
     <span class='ocr_line' id='line_1_23' title="bbox 259 1835 2135 1883; baseline -0.003 -11"><span class='ocrx_word' id='word_1_264' title='bbox 259 1837 384 1872; x_wconf 88' lang='lat' dir='ltr'><strong>domui</strong></span> <span class='ocrx_word' id='word_1_265' title='bbox 411 1837 561 1883; x_wconf 82' lang='lat' dir='ltr'><strong>Rogerii</strong></span> <span class='ocrx_word' id='word_1_266' title='bbox 591 1836 683 1871; x_wconf 84' lang='lat' dir='ltr'><strong>Ruffi</strong></span> <span class='ocrx_word' id='word_1_267' title='bbox 708 1836 855 1883; x_wconf 85' lang='lat' dir='ltr'><strong>Anglici</strong></span> <span class='ocrx_word' id='word_1_268' title='bbox 880 1843 1036 1882; x_wconf 88' lang='lat' dir='ltr'><strong>quatuor</strong></span> <span class='ocrx_word' id='word_1_269' title='bbox 1059 1835 1200 1870; x_wconf 84' lang='lat' dir='ltr'><strong>solidos</strong></span> <span class='ocrx_word' id='word_1_270' title='bbox 1225 1837 1335 1882; x_wconf 87' lang='lat' dir='ltr'><strong>paris.</strong></span> <span class='ocrx_word' id='word_1_271' title='bbox 1362 1836 1472 1870; x_wconf 91' lang='lat' dir='ltr'><strong>annui</strong></span> <span class='ocrx_word' id='word_1_272' title='bbox 1502 1847 1637 1870; x_wconf 88' lang='lat' dir='ltr'><strong>census</strong></span> <span class='ocrx_word' id='word_1_273' title='bbox 1662 1847 1727 1869; x_wconf 88' lang='lat' dir='ltr'><strong>seu</strong></span> <span class='ocrx_word' id='word_1_274' title='bbox 1753 1835 1937 1876; x_wconf 79' lang='lat' dir='ltr'><strong>redditus3</strong></span> <span class='ocrx_word' id='word_1_275' title='bbox 1965 1835 2135 1880; x_wconf 83' lang='lat' dir='ltr'><strong>idemque</strong></span> 
     </span>
     <span class='ocr_line' id='line_1_24' title="bbox 259 1901 2135 1950; baseline -0.002 -12"><span class='ocrx_word' id='word_1_276' title='bbox 259 1904 486 1938; x_wconf 82' lang='lat' dir='ltr'><strong>reverendus</strong></span> <span class='ocrx_word' id='word_1_277' title='bbox 511 1910 613 1950; x_wconf 88' lang='lat' dir='ltr'><strong>pater</strong></span> <span class='ocrx_word' id='word_1_278' title='bbox 636 1903 754 1938; x_wconf 91' lang='lat' dir='ltr'><strong>dictos</strong></span> <span class='ocrx_word' id='word_1_279' title='bbox 779 1915 913 1937; x_wconf 89' lang='lat' dir='ltr'><strong>census</strong></span> <span class='ocrx_word' id='word_1_280' title='bbox 939 1915 1004 1937; x_wconf 91' lang='lat' dir='ltr'><strong>seu</strong></span> <span class='ocrx_word' id='word_1_281' title='bbox 1030 1902 1196 1937; x_wconf 88' lang='lat' dir='ltr'><strong>redditus</strong></span> <span class='ocrx_word' id='word_1_282' title='bbox 1218 1904 1254 1936; x_wconf 93' lang='lat' dir='ltr'><strong>in</strong></span> <span class='ocrx_word' id='word_1_283' title='bbox 1275 1915 1382 1936; x_wconf 89' lang='lat' dir='ltr'><strong>manu</strong></span> <span class='ocrx_word' id='word_1_284' title='bbox 1403 1915 1468 1936; x_wconf 88' lang='lat' dir='ltr'><strong>sua</strong></span> <span class='ocrx_word' id='word_1_285' title='bbox 1489 1909 1648 1948; x_wconf 83' lang='lat' dir='ltr'><strong>ceperat,</strong></span> <span class='ocrx_word' id='word_1_286' title='bbox 1669 1902 1752 1948; x_wconf 88' lang='lat' dir='ltr'><strong>quia</strong></span> <span class='ocrx_word' id='word_1_287' title='bbox 1778 1901 1925 1935; x_wconf 85' lang='lat' dir='ltr'><strong>nolebat</strong></span> <span class='ocrx_word' id='word_1_288' title='bbox 1950 1901 2135 1947; x_wconf 87' lang='lat' dir='ltr'><strong>predictos</strong></span> 
     </span>
     <span class='ocr_line' id='line_1_25' title="bbox 259 1968 2136 2016; baseline -0.002 -11"><span class='ocrx_word' id='word_1_289' title='bbox 259 1970 421 2005; x_wconf 87' lang='lat' dir='ltr'><strong>scolares</strong></span> <span class='ocrx_word' id='word_1_290' title='bbox 444 1970 592 2004; x_wconf 89' lang='lat' dir='ltr'><strong>nomine</strong></span> <span class='ocrx_word' id='word_1_291' title='bbox 618 1970 749 2004; x_wconf 89' lang='lat' dir='ltr'><strong>domus</strong></span> <span class='ocrx_word' id='word_1_292' title='bbox 770 1982 836 2005; x_wconf 90' lang='lat' dir='ltr'><strong>sue</strong></span> <span class='ocrx_word' id='word_1_293' title='bbox 857 1971 978 2004; x_wconf 86' lang='lat' dir='ltr'><strong>Sancti</strong></span> <span class='ocrx_word' id='word_1_294' title='bbox 998 1970 1137 2004; x_wconf 88' lang='lat' dir='ltr'><strong>Thome</strong></span> <span class='ocrx_word' id='word_1_295' title='bbox 1158 1971 1203 2004; x_wconf 91' lang='lat' dir='ltr'><strong>de</strong></span> <span class='ocrx_word' id='word_1_296' title='bbox 1225 1971 1366 2016; x_wconf 87' lang='lat' dir='ltr'><strong>Lupera</strong></span> <span class='ocrx_word' id='word_1_297' title='bbox 1390 1970 1503 2003; x_wconf 88' lang='lat' dir='ltr'><strong>Paris.</strong></span> <span class='ocrx_word' id='word_1_298' title='bbox 1525 1969 1688 2015; x_wconf 84' lang='lat' dir='ltr'><strong>predicte</strong></span> <span class='ocrx_word' id='word_1_299' title='bbox 1713 1980 1778 2002; x_wconf 90' lang='lat' dir='ltr'><strong>eos</strong></span> <span class='ocrx_word' id='word_1_300' title='bbox 1803 1975 1927 2002; x_wconf 89' lang='lat' dir='ltr'><strong>tenere</strong></span> <span class='ocrx_word' id='word_1_301' title='bbox 1953 1980 1992 2001; x_wconf 90' lang='lat' dir='ltr'><strong>ac</strong></span> <span class='ocrx_word' id='word_1_302' title='bbox 2018 1968 2136 2014; x_wconf 90' lang='lat' dir='ltr'><strong>perci-</strong></span> 
     </span>
     <span class='ocr_line' id='line_1_26' title="bbox 243 2035 2133 2084; baseline -0.002 -12"><span class='ocrx_word' id='word_1_303' title='bbox 243 2049 346 2084; x_wconf 65' lang='lat' dir='ltr'><strong>=pere</strong></span> <span class='ocrx_word' id='word_1_304' title='bbox 371 2038 408 2071; x_wconf 90' lang='lat' dir='ltr'><strong>in</strong></span> <span class='ocrx_word' id='word_1_305' title='bbox 432 2050 540 2072; x_wconf 85' lang='lat' dir='ltr'><strong>manu</strong></span> <span class='ocrx_word' id='word_1_306' title='bbox 563 2044 704 2072; x_wconf 86' lang='lat' dir='ltr'><strong>mortua</strong></span> <span class='ocrx_word' id='word_1_307' title='bbox 729 2049 737 2071; x_wconf 71' lang='grc' dir='ltr'><strong>ε</strong></span> <span class='ocrx_word' id='word_1_308' title='bbox 762 2037 906 2072; x_wconf 84' lang='lat' dir='ltr'><strong>tandem</strong></span> <span class='ocrx_word' id='word_1_309' title='bbox 929 2038 974 2071; x_wconf 85' lang='lat' dir='ltr'><strong>ad</strong></span> <span class='ocrx_word' id='word_1_310' title='bbox 996 2037 1299 2083; x_wconf 85' lang='lat' dir='ltr'><strong>supplicationem</strong></span> <span class='ocrx_word' id='word_1_311' title='bbox 1323 2037 1503 2070; x_wconf 88' lang='lat' dir='ltr'><strong>(lictorum</strong></span> <span class='ocrx_word' id='word_1_312' title='bbox 1526 2036 1728 2082; x_wconf 87' lang='lat' dir='ltr'><strong>provisoris</strong></span> <span class='ocrx_word' id='word_1_313' title='bbox 1756 2042 1792 2069; x_wconf 89' lang='lat' dir='ltr'><strong>et</strong></span> <span class='ocrx_word' id='word_1_314' title='bbox 1818 2035 2011 2069; x_wconf 88' lang='lat' dir='ltr'><strong>scolarium</strong></span> <span class='ocrx_word' id='word_1_315' title='bbox 2038 2035 2133 2068; x_wconf 88' lang='lat' dir='ltr'><strong>idem</strong></span> 
     </span>
     <span class='ocr_line' id='line_1_27' title="bbox 259 2101 2134 2151; baseline -0.002 -13"><span class='ocrx_word' id='word_1_316' title='bbox 259 2104 485 2138; x_wconf 86' lang='lat' dir='ltr'><strong>reverendus</strong></span> <span class='ocrx_word' id='word_1_317' title='bbox 512 2111 614 2150; x_wconf 85' lang='lat' dir='ltr'><strong>pater</strong></span> <span class='ocrx_word' id='word_1_318' title='bbox 640 2105 802 2151; x_wconf 87' lang='lat' dir='ltr'><strong>pensatis</strong></span> <span class='ocrx_word' id='word_1_319' title='bbox 828 2104 981 2138; x_wconf 88' lang='lat' dir='ltr'><strong>utilitate</strong></span> <span class='ocrx_word' id='word_1_320' title='bbox 1004 2111 1040 2138; x_wconf 91' lang='lat' dir='ltr'><strong>et</strong></span> <span class='ocrx_word' id='word_1_321' title='bbox 1061 2104 1253 2138; x_wconf 89' lang='lat' dir='ltr'><strong>commodo</strong></span> <span class='ocrx_word' id='word_1_322' title='bbox 1280 2103 1437 2138; x_wconf 86' lang='lat' dir='ltr'><strong>ecclesie</strong></span> <span class='ocrx_word' id='word_1_323' title='bbox 1459 2115 1524 2137; x_wconf 90' lang='lat' dir='ltr'><strong>sue</strong></span> <span class='ocrx_word' id='word_1_324' title='bbox 1546 2103 1765 2137; x_wconf 80' lang='lat' dir='ltr'><strong>Parisiensis</strong></span> <span class='ocrx_word' id='word_1_325' title='bbox 1789 2114 1900 2148; x_wconf 89' lang='lat' dir='ltr'><strong>super</strong></span> <span class='ocrx_word' id='word_1_326' title='bbox 1921 2102 1989 2135; x_wconf 92' lang='lat' dir='ltr'><strong>hoc</strong></span> <span class='ocrx_word' id='word_1_327' title='bbox 2011 2101 2134 2135; x_wconf 86' lang='lat' dir='ltr'><strong>habito</strong></span> 
     </span>
     <span class='ocr_line' id='line_1_28' title="bbox 258 2168 2134 2216; baseline -0.002 -11"><span class='ocrx_word' id='word_1_328' title='bbox 258 2170 439 2204; x_wconf 79' lang='lat' dir='ltr'><strong>honorum</strong></span> <span class='ocrx_word' id='word_1_329' title='bbox 469 2170 625 2205; x_wconf 88' lang='lat' dir='ltr'><strong>consilio</strong></span> <span class='ocrx_word' id='word_1_330' title='bbox 655 2171 773 2205; x_wconf 89' lang='lat' dir='ltr'><strong>dictos</strong></span> <span class='ocrx_word' id='word_1_331' title='bbox 800 2182 934 2205; x_wconf 89' lang='lat' dir='ltr'><strong>census</strong></span> <span class='ocrx_word' id='word_1_332' title='bbox 965 2183 1030 2205; x_wconf 92' lang='lat' dir='ltr'><strong>seu</strong></span> <span class='ocrx_word' id='word_1_333' title='bbox 1059 2170 1226 2204; x_wconf 89' lang='lat' dir='ltr'><strong>redditus</strong></span> <span class='ocrx_word' id='word_1_334' title='bbox 1255 2170 1373 2204; x_wconf 88' lang='lat' dir='ltr'><strong>eidem</strong></span> <span class='ocrx_word' id='word_1_335' title='bbox 1402 2170 1584 2216; x_wconf 87' lang='lat' dir='ltr'><strong>provisori</strong></span> <span class='ocrx_word' id='word_1_336' title='bbox 1614 2176 1649 2203; x_wconf 90' lang='lat' dir='ltr'><strong>et</strong></span> <span class='ocrx_word' id='word_1_337' title='bbox 1678 2169 1900 2215; x_wconf 88' lang='lat' dir='ltr'><strong>pauperibus</strong></span> <span class='ocrx_word' id='word_1_338' title='bbox 1931 2168 2134 2202; x_wconf 86' lang='lat' dir='ltr'><strong>scolaribus</strong></span> 
     </span>
     <span class='ocr_line' id='line_1_29' title="bbox 259 2235 2132 2284; baseline -0.002 -12"><span class='ocrx_word' id='word_1_339' title='bbox 259 2237 380 2272; x_wconf 85' lang='lat' dir='ltr'><strong>Sancti</strong></span> <span class='ocrx_word' id='word_1_340' title='bbox 395 2236 534 2271; x_wconf 87' lang='lat' dir='ltr'><strong>Thome</strong></span> <span class='ocrx_word' id='word_1_341' title='bbox 549 2237 595 2271; x_wconf 90' lang='lat' dir='ltr'><strong>de</strong></span> <span class='ocrx_word' id='word_1_342' title='bbox 611 2238 753 2284; x_wconf 85' lang='lat' dir='ltr'><strong>Lupera</strong></span> <span class='ocrx_word' id='word_1_343' title='bbox 771 2250 812 2272; x_wconf 89' lang='lat' dir='ltr'><strong>ac</strong></span> <span class='ocrx_word' id='word_1_344' title='bbox 832 2237 957 2272; x_wconf 90' lang='lat' dir='ltr'><strong>domui</strong></span> <span class='ocrx_word' id='word_1_345' title='bbox 978 2237 1190 2272; x_wconf 89' lang='lat' dir='ltr'><strong>eorumdem</strong></span> <span class='ocrx_word' id='word_1_346' title='bbox 1211 2237 1314 2271; x_wconf 85' lang='lat' dir='ltr'><strong>duxit</strong></span> <span class='ocrx_word' id='word_1_347' title='bbox 1333 2237 1625 2271; x_wconf 85' lang='lat' dir='ltr'><strong>admortizandos</strong></span> <span class='ocrx_word' id='word_1_348' title='bbox 1646 2237 1683 2269; x_wconf 90' lang='lat' dir='ltr'><strong>in</strong></span> <span class='ocrx_word' id='word_1_349' title='bbox 1704 2236 1851 2270; x_wconf 89' lang='lat' dir='ltr'><strong>modum</strong></span> <span class='ocrx_word' id='word_1_350' title='bbox 1871 2235 1933 2281; x_wconf 90' lang='lat' dir='ltr'><strong>qui</strong></span> <span class='ocrx_word' id='word_1_351' title='bbox 1954 2235 2132 2281; x_wconf 86' lang='lat' dir='ltr'><strong>sequitur.</strong></span> 
     </span>
     <span class='ocr_line' id='line_1_30' title="bbox 257 2302 2134 2350; baseline -0.002 -12"><span class='ocrx_word' id='word_1_352' title='bbox 257 2303 441 2339; x_wconf 82' lang='lat' dir='ltr'><strong>Videlicet</strong></span> <span class='ocrx_word' id='word_1_353' title='bbox 459 2303 558 2350; x_wconf 87' lang='lat' dir='ltr'><strong>quod</strong></span> <span class='ocrx_word' id='word_1_354' title='bbox 573 2303 690 2338; x_wconf 90' lang='lat' dir='ltr'><strong>voluit</strong></span> <span class='ocrx_word' id='word_1_355' title='bbox 709 2311 745 2338; x_wconf 90' lang='lat' dir='ltr'><strong>et</strong></span> <span class='ocrx_word' id='word_1_356' title='bbox 762 2304 947 2338; x_wconf 87' lang='lat' dir='ltr'><strong>concessit</strong></span> <span class='ocrx_word' id='word_1_357' title='bbox 966 2304 1086 2338; x_wconf 90' lang='lat' dir='ltr'><strong>dictus</strong></span> <span class='ocrx_word' id='word_1_358' title='bbox 1106 2304 1332 2338; x_wconf 88' lang='lat' dir='ltr'><strong>reverendus</strong></span> <span class='ocrx_word' id='word_1_359' title='bbox 1353 2310 1466 2350; x_wconf 84' lang='lat' dir='ltr'><strong>pater,</strong></span> <span class='ocrx_word' id='word_1_360' title='bbox 1484 2303 1583 2349; x_wconf 90' lang='lat' dir='ltr'><strong>quod</strong></span> <span class='ocrx_word' id='word_1_361' title='bbox 1603 2303 1689 2336; x_wconf 89' lang='lat' dir='ltr'><strong>dicti</strong></span> <span class='ocrx_word' id='word_1_362' title='bbox 1711 2302 1879 2348; x_wconf 83' lang='lat' dir='ltr'><strong>provisor</strong></span> <span class='ocrx_word' id='word_1_363' title='bbox 1899 2308 1935 2335; x_wconf 89' lang='lat' dir='ltr'><strong>et</strong></span> <span class='ocrx_word' id='word_1_364' title='bbox 1954 2313 2134 2347; x_wconf 84' lang='lat' dir='ltr'><strong>pauperes</strong></span> 
     </span>
     <span class='ocr_line' id='line_1_31' title="bbox 258 2368 2134 2414; baseline -0.002 -10"><span class='ocrx_word' id='word_1_365' title='bbox 258 2370 421 2404; x_wconf 84' lang='lat' dir='ltr'><strong>scolares</strong></span> <span class='ocrx_word' id='word_1_366' title='bbox 454 2370 602 2404; x_wconf 87' lang='lat' dir='ltr'><strong>nomine</strong></span> <span class='ocrx_word' id='word_1_367' title='bbox 636 2370 732 2404; x_wconf 85' lang='lat' dir='ltr'><strong>dicte</strong></span> <span class='ocrx_word' id='word_1_368' title='bbox 761 2370 893 2404; x_wconf 88' lang='lat' dir='ltr'><strong>domus</strong></span> <span class='ocrx_word' id='word_1_369' title='bbox 922 2382 988 2404; x_wconf 91' lang='lat' dir='ltr'><strong>sue</strong></span> <span class='ocrx_word' id='word_1_370' title='bbox 1018 2382 1062 2406; x_wconf 87' lang='lat' dir='ltr'><strong>ex</strong></span> <span class='ocrx_word' id='word_1_371' title='bbox 1091 2382 1186 2404; x_wconf 92' lang='lat' dir='ltr'><strong>nunc</strong></span> <span class='ocrx_word' id='word_1_372' title='bbox 1214 2371 1251 2404; x_wconf 88' lang='lat' dir='ltr'><strong>in</strong></span> <span class='ocrx_word' id='word_1_373' title='bbox 1281 2371 1441 2404; x_wconf 80' lang='lat' dir='ltr'><strong>futurum</strong></span> <span class='ocrx_word' id='word_1_374' title='bbox 1471 2369 1638 2410; x_wconf 81' lang='lat' dir='ltr'><strong>habeant,</strong></span> <span class='ocrx_word' id='word_1_375' title='bbox 1670 2375 1829 2411; x_wconf 79' lang='lat' dir='ltr'><strong>teneant,</strong></span> <span class='ocrx_word' id='word_1_376' title='bbox 1864 2375 1900 2402; x_wconf 87' lang='lat' dir='ltr'><strong>et</strong></span> <span class='ocrx_word' id='word_1_377' title='bbox 1933 2368 2134 2414; x_wconf 87' lang='lat' dir='ltr'><strong>percipiant</strong></span> 
     </span>
     <span class='ocr_line' id='line_1_32' title="bbox 257 2435 2131 2483; baseline -0.001 -13"><span class='ocrx_word' id='word_1_378' title='bbox 257 2436 442 2471; x_wconf 83' lang='lat' dir='ltr'><strong>annuatim</strong></span> <span class='ocrx_word' id='word_1_379' title='bbox 468 2448 604 2471; x_wconf 90' lang='lat' dir='ltr'><strong>census</strong></span> <span class='ocrx_word' id='word_1_380' title='bbox 627 2448 692 2471; x_wconf 85' lang='lat' dir='ltr'><strong>seu</strong></span> <span class='ocrx_word' id='word_1_381' title='bbox 716 2436 882 2471; x_wconf 85' lang='lat' dir='ltr'><strong>redditus</strong></span> <span class='ocrx_word' id='word_1_382' title='bbox 905 2436 1091 2483; x_wconf 89' lang='lat' dir='ltr'><strong>predictos</strong></span> <span class='ocrx_word' id='word_1_383' title='bbox 1113 2437 1194 2471; x_wconf 90' lang='lat' dir='ltr'><strong>sine</strong></span> <span class='ocrx_word' id='word_1_384' title='bbox 1216 2436 1335 2482; x_wconf 87' lang='lat' dir='ltr'><strong>aliqua</strong></span> <span class='ocrx_word' id='word_1_385' title='bbox 1357 2436 1544 2470; x_wconf 87' lang='lat' dir='ltr'><strong>coactione</strong></span> <span class='ocrx_word' id='word_1_386' title='bbox 1569 2435 1752 2470; x_wconf 88' lang='lat' dir='ltr'><strong>vendendi</strong></span> <span class='ocrx_word' id='word_1_387' title='bbox 1776 2435 1833 2470; x_wconf 91' lang='lat' dir='ltr'><strong>vel</strong></span> <span class='ocrx_word' id='word_1_388' title='bbox 1861 2441 1959 2469; x_wconf 86' lang='lat' dir='ltr'><strong>extra</strong></span> <span class='ocrx_word' id='word_1_389' title='bbox 1987 2446 2131 2468; x_wconf 88' lang='lat' dir='ltr'><strong>manum</strong></span> 
     </span>
     <span class='ocr_line' id='line_1_33' title="bbox 258 2501 2131 2550; baseline -0.001 -13"><span class='ocrx_word' id='word_1_390' title='bbox 258 2515 359 2538; x_wconf 88' lang='lat' dir='ltr'><strong>suam</strong></span> <span class='ocrx_word' id='word_1_391' title='bbox 387 2502 562 2549; x_wconf 87' lang='lat' dir='ltr'><strong>ponendi,</strong></span> <span class='ocrx_word' id='word_1_392' title='bbox 588 2503 742 2537; x_wconf 90' lang='lat' dir='ltr'><strong>retentis</strong></span> <span class='ocrx_word' id='word_1_393' title='bbox 767 2509 885 2537; x_wconf 86' lang='lat' dir='ltr'><strong>tamen</strong></span> <span class='ocrx_word' id='word_1_394' title='bbox 910 2503 1027 2537; x_wconf 87' lang='lat' dir='ltr'><strong>eidem</strong></span> <span class='ocrx_word' id='word_1_395' title='bbox 1056 2503 1230 2550; x_wconf 90' lang='lat' dir='ltr'><strong>episcopo</strong></span> <span class='ocrx_word' id='word_1_396' title='bbox 1255 2515 1295 2538; x_wconf 86' lang='lat' dir='ltr'><strong>ac</strong></span> <span class='ocrx_word' id='word_1_397' title='bbox 1320 2504 1400 2549; x_wconf 91' lang='lat' dir='ltr'><strong>ejus</strong></span> <span class='ocrx_word' id='word_1_398' title='bbox 1425 2501 1705 2537; x_wconf 87' lang='lat' dir='ltr'><strong>successoribus</strong></span> <span class='ocrx_word' id='word_1_399' title='bbox 1733 2502 1951 2536; x_wconf 85' lang='lat' dir='ltr'><strong>Parisiensis</strong></span> <span class='ocrx_word' id='word_1_400' title='bbox 1976 2501 2131 2535; x_wconf 86' lang='lat' dir='ltr'><strong>ecclesie</strong></span> 
     </span>
     <span class='ocr_line' id='line_1_34' title="bbox 257 2568 2133 2616; baseline -0.001 -12"><span class='ocrx_word' id='word_1_401' title='bbox 257 2569 442 2616; x_wconf 83' lang='lat' dir='ltr'><strong>episcopis</strong></span> <span class='ocrx_word' id='word_1_402' title='bbox 467 2569 598 2616; x_wconf 83' lang='lat' dir='ltr'><strong>viginti</strong></span> <span class='ocrx_word' id='word_1_403' title='bbox 624 2569 786 2616; x_wconf 86' lang='lat' dir='ltr'><strong>quinque</strong></span> <span class='ocrx_word' id='word_1_404' title='bbox 813 2570 943 2604; x_wconf 88' lang='lat' dir='ltr'><strong>solidis</strong></span> <span class='ocrx_word' id='word_1_405' title='bbox 971 2570 1080 2616; x_wconf 87' lang='lat' dir='ltr'><strong>paris.</strong></span> <span class='ocrx_word' id='word_1_406' title='bbox 1108 2582 1174 2616; x_wconf 92' lang='lat' dir='ltr'><strong>pro</strong></span> <span class='ocrx_word' id='word_1_407' title='bbox 1199 2570 1469 2604; x_wconf 84' lang='lat' dir='ltr'><strong>amortizatione</strong></span> <span class='ocrx_word' id='word_1_408' title='bbox 1496 2569 1657 2615; x_wconf 83' lang='lat' dir='ltr'><strong>predicta</strong></span> <span class='ocrx_word' id='word_1_409' title='bbox 1684 2568 1729 2602; x_wconf 91' lang='lat' dir='ltr'><strong>de</strong></span> <span class='ocrx_word' id='word_1_410' title='bbox 1757 2568 1931 2615; x_wconf 86' lang='lat' dir='ltr'><strong>predictis</strong></span> <span class='ocrx_word' id='word_1_411' title='bbox 1957 2580 2133 2614; x_wconf 83' lang='lat' dir='ltr'><strong>augmen-</strong></span> 
     </span>
     <span class='ocr_line' id='line_1_35' title="bbox 257 2634 2131 2683; baseline -0.001 -13"><span class='ocrx_word' id='word_1_412' title='bbox 257 2636 340 2670; x_wconf 83' lang='lat' dir='ltr'><strong>tatis</strong></span> <span class='ocrx_word' id='word_1_413' title='bbox 359 2635 535 2670; x_wconf 84' lang='lat' dir='ltr'><strong>censibus</strong></span> <span class='ocrx_word' id='word_1_414' title='bbox 556 2636 635 2670; x_wconf 87' lang='lat' dir='ltr'><strong>sive</strong></span> <span class='ocrx_word' id='word_1_415' title='bbox 656 2635 863 2671; x_wconf 88' lang='lat' dir='ltr'><strong>redditibus</strong></span> <span class='ocrx_word' id='word_1_416' title='bbox 884 2635 1076 2679; x_wconf 87' lang='lat' dir='ltr'><strong>habendis,</strong></span> <span class='ocrx_word' id='word_1_417' title='bbox 1098 2636 1320 2683; x_wconf 91' lang='lat' dir='ltr'><strong>recipiendis</strong></span> <span class='ocrx_word' id='word_1_418' title='bbox 1340 2648 1380 2670; x_wconf 85' lang='lat' dir='ltr'><strong>ac</strong></span> <span class='ocrx_word' id='word_1_419' title='bbox 1400 2635 1647 2682; x_wconf 88' lang='lat' dir='ltr'><strong>percipiendis</strong></span> <span class='ocrx_word' id='word_1_420' title='bbox 1668 2647 1711 2669; x_wconf 87' lang='lat' dir='ltr'><strong>ex</strong></span> <span class='ocrx_word' id='word_1_421' title='bbox 1731 2647 1828 2669; x_wconf 91' lang='lat' dir='ltr'><strong>nunc</strong></span> <span class='ocrx_word' id='word_1_422' title='bbox 1849 2635 1886 2669; x_wconf 90' lang='lat' dir='ltr'><strong>in</strong></span> <span class='ocrx_word' id='word_1_423' title='bbox 1906 2635 2065 2669; x_wconf 82' lang='lat' dir='ltr'><strong>futurum</strong></span> <span class='ocrx_word' id='word_1_424' title='bbox 2087 2634 2131 2669; x_wconf 88' lang='lat' dir='ltr'><strong>ab</strong></span> 
     </span>
     <span class='ocr_line' id='line_1_36' title="bbox 256 2701 2132 2749; baseline -0.001 -13"><span class='ocrx_word' id='word_1_425' title='bbox 256 2701 384 2736; x_wconf 83' lang='lat' dir='ltr'><strong>eodem</strong></span> <span class='ocrx_word' id='word_1_426' title='bbox 413 2702 588 2749; x_wconf 90' lang='lat' dir='ltr'><strong>episcopo</strong></span> <span class='ocrx_word' id='word_1_427' title='bbox 616 2703 770 2749; x_wconf 85' lang='lat' dir='ltr'><strong>ejusque</strong></span> <span class='ocrx_word' id='word_1_428' title='bbox 797 2702 1077 2738; x_wconf 87' lang='lat' dir='ltr'><strong>successoribus</strong></span> <span class='ocrx_word' id='word_1_429' title='bbox 1105 2702 1374 2737; x_wconf 88' lang='lat' dir='ltr'><strong>Parisiensibus</strong></span> <span class='ocrx_word' id='word_1_430' title='bbox 1404 2702 1588 2749; x_wconf 89' lang='lat' dir='ltr'><strong>episcopis</strong></span> <span class='ocrx_word' id='word_1_431' title='bbox 1617 2701 1783 2748; x_wconf 88' lang='lat' dir='ltr'><strong>quolibet</strong></span> <span class='ocrx_word' id='word_1_432' title='bbox 1807 2714 1902 2736; x_wconf 87' lang='lat' dir='ltr'><strong>anno</strong></span> <span class='ocrx_word' id='word_1_433' title='bbox 1928 2702 1972 2735; x_wconf 89' lang='lat' dir='ltr'><strong>ad</strong></span> <span class='ocrx_word' id='word_1_434' title='bbox 1997 2702 2132 2735; x_wconf 86' lang='lat' dir='ltr'><strong>Nativi-</strong></span> 
     </span>
     <span class='ocr_line' id='line_1_37' title="bbox 257 2768 2130 2815; baseline -0.001 -13"><span class='ocrx_word' id='word_1_435' title='bbox 257 2774 365 2803; x_wconf 80' lang='lat' dir='ltr'><strong>tatem</strong></span> <span class='ocrx_word' id='word_1_436' title='bbox 399 2769 545 2803; x_wconf 86' lang='lat' dir='ltr'><strong>Domini</strong></span> <span class='ocrx_word' id='word_1_437' title='bbox 579 2780 692 2815; x_wconf 89' lang='lat' dir='ltr'><strong>super</strong></span> <span class='ocrx_word' id='word_1_438' title='bbox 725 2769 834 2803; x_wconf 88' lang='lat' dir='ltr'><strong>domo</strong></span> <span class='ocrx_word' id='word_1_439' title='bbox 869 2769 955 2804; x_wconf 85' lang='lat' dir='ltr'><strong>dicti</strong></span> <span class='ocrx_word' id='word_1_440' title='bbox 989 2769 1128 2805; x_wconf 80' lang='lat' dir='ltr'><strong>Galteri</strong></span> <span class='ocrx_word' id='word_1_441' title='bbox 1159 2769 1204 2804; x_wconf 86' lang='lat' dir='ltr'><strong>de</strong></span> <span class='ocrx_word' id='word_1_442' title='bbox 1235 2769 1447 2804; x_wconf 88' lang='lat' dir='ltr'><strong>Broissellis</strong></span> <span class='ocrx_word' id='word_1_443' title='bbox 1476 2769 1543 2803; x_wconf 89' lang='lat' dir='ltr'><strong>sita</strong></span> <span class='ocrx_word' id='word_1_444' title='bbox 1573 2769 1610 2803; x_wconf 91' lang='lat' dir='ltr'><strong>in</strong></span> <span class='ocrx_word' id='word_1_445' title='bbox 1639 2769 1733 2803; x_wconf 87' lang='lat' dir='ltr'><strong>dicta</strong></span> <span class='ocrx_word' id='word_1_446' title='bbox 1767 2768 1911 2803; x_wconf 88' lang='lat' dir='ltr'><strong>sellaria</strong></span> <span class='ocrx_word' id='word_1_447' title='bbox 1950 2775 2058 2815; x_wconf 89' lang='lat' dir='ltr'><strong>prout</strong></span> <span class='ocrx_word' id='word_1_448' title='bbox 2091 2780 2130 2801; x_wconf 84' lang='lat' dir='ltr'><strong>se</strong></span> 
     </span>
     <span class='ocr_line' id='line_1_38' title="bbox 255 2835 2131 2883; baseline -0.001 -14"><span class='ocrx_word' id='word_1_449' title='bbox 255 2842 459 2882; x_wconf 82' lang='lat' dir='ltr'><strong>comportat</strong></span> <span class='ocrx_word' id='word_1_450' title='bbox 480 2842 564 2870; x_wconf 86' lang='lat' dir='ltr'><strong>ante</strong></span> <span class='ocrx_word' id='word_1_451' title='bbox 589 2842 625 2870; x_wconf 89' lang='lat' dir='ltr'><strong>et</strong></span> <span class='ocrx_word' id='word_1_452' title='bbox 649 2842 759 2870; x_wconf 87' lang='lat' dir='ltr'><strong>retro.</strong></span> <span class='ocrx_word' id='word_1_453' title='bbox 783 2837 859 2870; x_wconf 80' lang='lat' dir='ltr'><strong>Hoc</strong></span> <span class='ocrx_word' id='word_1_454' title='bbox 879 2843 998 2870; x_wconf 85' lang='lat' dir='ltr'><strong>tamen</strong></span> <span class='ocrx_word' id='word_1_455' title='bbox 1018 2836 1119 2871; x_wconf 87' lang='lat' dir='ltr'><strong>salvo</strong></span> <span class='ocrx_word' id='word_1_456' title='bbox 1140 2836 1258 2870; x_wconf 86' lang='lat' dir='ltr'><strong>eidem</strong></span> <span class='ocrx_word' id='word_1_457' title='bbox 1280 2836 1454 2883; x_wconf 88' lang='lat' dir='ltr'><strong>episcopo</strong></span> <span class='ocrx_word' id='word_1_458' title='bbox 1478 2848 1518 2870; x_wconf 90' lang='lat' dir='ltr'><strong>ac</strong></span> <span class='ocrx_word' id='word_1_459' title='bbox 1544 2836 1624 2882; x_wconf 88' lang='lat' dir='ltr'><strong>ejus</strong></span> <span class='ocrx_word' id='word_1_460' title='bbox 1644 2835 1924 2870; x_wconf 84' lang='lat' dir='ltr'><strong>successoribus</strong></span> <span class='ocrx_word' id='word_1_461' title='bbox 1950 2835 2131 2868; x_wconf 85' lang='lat' dir='ltr'><strong>Parisien-</strong></span> 
     </span>
     <span class='ocr_line' id='line_1_39' title="bbox 256 2889 2127 2949; baseline -0.002 -13"><span class='ocrx_word' id='word_1_462' title='bbox 256 2900 361 2936; x_wconf 84' lang='lat' dir='ltr'><strong>sibus</strong></span> <span class='ocrx_word' id='word_1_463' title='bbox 385 2902 584 2949; x_wconf 74' lang='lat' dir='ltr'><strong>episeopis,</strong></span> <span class='ocrx_word' id='word_1_464' title='bbox 604 2902 703 2948; x_wconf 89' lang='lat' dir='ltr'><strong>quod</strong></span> <span class='ocrx_word' id='word_1_465' title='bbox 724 2902 755 2936; x_wconf 90' lang='lat' dir='ltr'><strong>si</strong></span> <span class='ocrx_word' id='word_1_466' title='bbox 777 2902 871 2937; x_wconf 82' lang='lat' dir='ltr'><strong>dicta</strong></span> <span class='ocrx_word' id='word_1_467' title='bbox 891 2903 1023 2937; x_wconf 87' lang='lat' dir='ltr'><strong>domus</strong></span> <span class='ocrx_word' id='word_1_468' title='bbox 1043 2903 1130 2937; x_wconf 88' lang='lat' dir='ltr'><strong>dicti</strong></span> <span class='ocrx_word' id='word_1_469' title='bbox 1150 2902 1289 2937; x_wconf 83' lang='lat' dir='ltr'><strong>Galteri</strong></span> <span class='ocrx_word' id='word_1_470' title='bbox 1310 2914 1486 2949; x_wconf 88' lang='lat' dir='ltr'><strong>processu</strong></span> <span class='ocrx_word' id='word_1_471' title='bbox 1508 2889 1893 2948; x_wconf 61' lang='lat' dir='ltr'><strong>temporis&#39;sufficiens</strong></span> <span class='ocrx_word' id='word_1_472' title='bbox 1918 2913 1990 2934; x_wconf 89' lang='lat' dir='ltr'><strong>non</strong></span> <span class='ocrx_word' id='word_1_473' title='bbox 2016 2907 2127 2942; x_wconf 87' lang='lat' dir='ltr'><strong>esset,</strong></span> 
     </span>
     <span class='ocr_line' id='line_1_40' title="bbox 256 2966 2128 3016; baseline -0.001 -14"><span class='ocrx_word' id='word_1_474' title='bbox 256 2966 315 3002; x_wconf 77' lang='lat' dir='ltr'><strong>vel</strong></span> <span class='ocrx_word' id='word_1_475' title='bbox 328 2966 418 3002; x_wconf 72' lang='lat' dir='ltr'><strong>alias</strong></span> <span class='ocrx_word' id='word_1_476' title='bbox 437 2967 734 3003; x_wconf 73' lang='lat' dir='ltr'><strong>nimis-honorata</strong></span> <span class='ocrx_word' id='word_1_477' title='bbox 755 2969 833 3003; x_wconf 87' lang='lat' dir='ltr'><strong>sive</strong></span> <span class='ocrx_word' id='word_1_478' title='bbox 853 2969 1011 3016; x_wconf 82' lang='lat' dir='ltr'><strong>obligata</strong></span> <span class='ocrx_word' id='word_1_479' title='bbox 1033 2981 1098 3016; x_wconf 91' lang='lat' dir='ltr'><strong>pro</strong></span> <span class='ocrx_word' id='word_1_480' title='bbox 1119 2969 1226 3004; x_wconf 82' lang='lat' dir='ltr'><strong>dictis</strong></span> <span class='ocrx_word' id='word_1_481' title='bbox 1242 2969 1372 3016; x_wconf 80' lang='lat' dir='ltr'><strong>viginti</strong></span> <span class='ocrx_word' id='word_1_482' title='bbox 1392 2969 1555 3016; x_wconf 86' lang='lat' dir='ltr'><strong>quinque</strong></span> <span class='ocrx_word' id='word_1_483' title='bbox 1574 2968 1704 3003; x_wconf 86' lang='lat' dir='ltr'><strong>solidis</strong></span> <span class='ocrx_word' id='word_1_484' title='bbox 1720 2967 1912 3009; x_wconf 85' lang='lat' dir='ltr'><strong>habendis,</strong></span> <span class='ocrx_word' id='word_1_485' title='bbox 1929 2966 2128 3001; x_wconf 88' lang='lat' dir='ltr'><strong>reddendis</strong></span> 
     </span>
    </p>
   </div>
  </div>
 </body>
</html>
