2580 3528
253 410 350 451 1267]
594 420 642 443 an
675 420 781 443 suno
815 421 893 443 ucc
926 421 1060 450 usone
1094 422 1143 444 An
1177 423 1407 446 munerum
1442 425 1482 447 ιν
1516 426 1605 448 nro.
1642 427 1779 450 FRANC.
2058 422 2123 455 473

250 493 412 527 tudinem
432 493 551 527 anime
573 505 653 535 sue,
674 500 714 527 ut
735 494 772 528 in
795 494 929 540 gaudio
954 496 1034 540 ejus
1059 496 1254 530 misceatur
1274 504 1480 531 extraneus.
1502 498 1609 532 Absit
1631 511 1733 546 ergo,
1758 508 1858 546 pater
1878 504 2119 545 sanctissime,

250 559 349 606 quod
381 566 506 594 contra
540 559 722 594 dominice
751 560 837 594 fidei
868 562 1134 607 professionem
1164 563 1385 610 vipereeque
1416 565 1580 599 doctrine
1609 566 1894 601 fraudulenciam
1929 569 1965 602 in
1999 570 2121 615 aliquo

197 649 199 651 ·
248 629 473 664 infidelitatis
505 637 567 664 aut
598 643 784 665 sacrorum
818 632 1088 666 fermentationi
1121 633 1179 668 vel
1208 634 1357 668 sathane
1386 635 1520 669 aditum
1552 637 1765 682 pandamus,
1794 645 1832 671 ut
1861 651 1879 672 a
1914 646 2119 674 sanctorum

249 703 389 744 patrum
409 698 566 744 vestigio
591 705 698 744 atque
724 705 848 732 sancte
874 700 997 733 matris
1023 700 1179 734 ecclesie
1204 701 1436 736 discedamus
1461 702 1639 737 limitibus
1664 710 1699 737 et
1723 705 1868 739 vestris.
1895 707 1968 739 Nec
1994 719 2121 741 manus

247 770 371 798 nostra
397 764 480 798 rudi
508 764 644 798 calamo
669 766 891 811 conscripsit
916 778 982 812 per
1000 773 1156 800 vestram
1184 779 1359 802 summam
1387 770 1748 816 preeminentemque
1769 772 1981 817 sapientiam
2008 774 2121 806 corri-

247 830 367 877 genda
391 831 428 864 in
453 831 532 865 suis
561 832 754 865 sententiis
775 839 835 866 aut
860 832 996 866 verbis.
1020 834 1249 868 Sanctitatem
1280 842 1436 869 vestram
1465 844 1659 870 conservet
1685 837 1751 871 Dei
1772 837 1870 872 silius
1898 839 1934 872 in
1960 839 2121 885 longitu-

246 897 332 931 dine
352 897 506 931 dierum.
528 899 656 932 Amen.

340 983 485 1015 Epistolae
498 987 525 1008 et
538 984 696 1009 dictamina
711 985 784 1009 dom.
800 984 948 1010 Clementis
957 992 1051 1016 papae
1062 985 1114 1014 IV.
1131 986 1193 1018 neg.
1210 987 1278 1015 Vnt„
1295 991 1324 1010 n⁰
1338 988 1377 1016 30,
1394 988 1439 1012 fol.
1455 988 1515 1016 75¹·;
1533 992 1562 1012 11⁰
1577 990 1615 1017 33,
1631 997 1674 1021 ep.
1689 990 1744 1018 446,
1757 990 1802 1014 fol.
1818 991 1863 1018 72;
1883 995 1913 1014 n⁰
1931 992 1970 1019 34,
1985 992 2029 1015 fol.
2047 992 2118 1020 114⁶,

247 1027 298 1051 sub
311 1027 418 1052 rubrica
434 1035 439 1051 ε
458 1036 471 1051 ι
486 1027 707 1060 Archiepisoopus
723 1029 901 1053 Narbonensis
917 1030 950 1053 ad
965 1038 1063 1062 papam
1080 1038 1106 1058 »ς
1120 1035 1150 1054 n⁰
1163 1031 1201 1059 35,
1217 1039 1258 1063 ep.
1275 1032 1330 1060 458,
1348 1032 1392 1055 t‘ol.
1407 1031 1470 1060 ⁸4&
1487 1037 1516 1055 n⁰
1530 1034 1568 1061 36,
1587 1033 1630 1056 fol.
1648 1033 1703 1062 71¹²,
1720 1034 1765 1057 ubi
1782 1034 1888 1058 rubrica
1903 1035 1972 1059 sicut
1985 1044 2075 1068 supra.
2090 1050 2120 1054 —

245 1072 369 1101 Bulaeus,
384 1072 431 1100 ΙΙΙ,
446 1073 501 1097 373.

338 1144 360 1167 1.
378 1144 412 1168 ΝΟ
425 1145 456 1168 35
471 1151 478 1167 t
495 1152 507 1167 α
523 1144 661 1176 rescripsit
676 1153 698 1168 ι).
712 1158 743 1163 -
757 1145 779 1168 2.
796 1146 907 1177 August.
925 1153 984 1178 sup.
1000 1146 1097 1170 Psalm,
1113 1147 1154 1170 98.
1169 1160 1200 1165 —
1214 1147 1236 1170 3.
1252 1147 1414 1175 Emissenus,
1428 1147 1499 1171 hom.
1515 1150 1530 1172 5
1554 1148 1579 1172 in
1595 1149 1705 1179 Pascha.
1723 1163 1755 1167 —
1768 1151 1791 1174 4.
1808 1150 1842 1174 N⁰
1855 1151 1886 1174 30
1905 1158 1911 1174 z
1929 1159 1941 1174 «
1957 1159 1972 1174 a
1992 1151 2069 1175 nobis
2084 1152 2118 1175 ab

245 1188 328 1212 oculis
344 1196 366 1212 ι).
381 1202 414 1207 -
432 1191 454 1213 5.
469 1188 567 1213 Omnes
581 1189 658 1213 codd.
675 1192 782 1221 praeter
796 1193 847 1212 nm
858 1190 910 1214 36:
928 1199 940 1213 (ι
960 1191 1045 1214 forma
1059 1190 1129 1214 dicta
1144 1199 1160 1214 a
1179 1191 1289 1215 Domino
1308 1192 1504 1216 consecratione
1524 1201 1546 1216 ι).
1571 1207 1598 1211 -
1621 1195 1645 1217 6.
1669 1194 1703 1217 N⁰
1726 1195 1756 1218 :34
1781 1202 1786 1218 ι
1814 1203 1826 1218 ι(
1846 1195 2018 1220 materialiter
2043 1205 2067 1220 »-
2088 1209 2120 1215 -—

245 1233 267 1256 7.
284 1233 388 1266 Ubique
406 1233 521 1265 exeeptis
541 1233 575 1257 nh
589 1234 620 1257 30
638 1236 663 1257 et
682 1234 711 1257 34
727 1242 733 1257 :
757 1242 770 1257 α
785 1234 890 1258 visibile
905 1243 927 1258 υ.
941 1247 972 1253 -
987 1235 1009 1258 8.
1026 1235 1060 1259 N⁰
1074 1235 1105 1258 30
1119 1243 1125 1259 t
1148 1244 1160 1259 α
1173 1239 1199 1259 et
1214 1244 1235 1260 ι).
1249 1249 1280 1254 -
1293 1237 1316 1260 9.
1333 1236 1458 1268 Episcopi
1473 1237 1595 1261 naurini.
1610 1251 1642 1256 —
1656 1238 1694 1262 10.
1712 1247 1724 1262 (t
1739 1239 1785 1262 Vel
1799 1242 1859 1263 ante
1878 1240 1995 1264 officium
2010 1249 2021 1263 υ
2038 1241 2062 1264 n¹
2078 1242 2116 1269 30,

245 1278 283 1305 33,
299 1278 338 1301 35.
354 1291 385 1296 —-
400 1277 437 1302 tt.
454 1277 532 1305 Prov,
548 1278 586 1306 14,
602 1278 642 1301 10.

241 1430 355 1468 419.
378 1441 506 1476 Roget-us
524 1441 602 1467 Baco
617 1441 646 1466 in
665 1439 738 1467 libro
763 1440 899 1467 Clementi
917 1442 962 1467 IV
981 1441 1117 1468 dedicato
1141 1441 1275 1478 deplorat
1302 1443 1428 1469 Parisiis
1457 1448 1485 1470 et
1508 1444 1613 1480 ubique
1638 1446 1791 1480 magistros
1817 1448 2021 1474 sententiae-ios
2044 1457 2118 1485 prae

331 1488 508 1516 baccalariis
521 1497 626 1516 sacrae
639 1489 803 1526 scripturae
817 1489 988 1525 dignitatem
1002 1490 1061 1517 sibi
1076 1490 1229 1518 vindicare.

1614 1543 1686 1569 Gir-cu
1701 1551 1740 1570 an.
1756 1544 1831 1570 1267.

331 1613 506 1657 Quartum
542 1619 727 1659 peccatum
764 1613 890 1658 [studii
925 1613 1124 1660 theologie]
1159 1621 1215 1648 est
1249 1615 1347 1660 quod
1382 1616 1563 1661 prefertur
1597 1629 1666 1650 una
1702 1618 1864 1652 Summa¹
1898 1619 2118 1665 magistralis

242 1679 383 1714 textui'
406 1678 586 1713 facultatis
616 1679 835 1726 theologice,
864 1679 1003 1714 scilicet
1035 1680 1129 1715 liber·
1152 1681 1430 1723 Sententiarum,
1460 1695 1541 1716 nam
1570 1683 1621 1716 ibi
1651 1690 1707 1718 est
1735 1691 1807 1718 tota
1836 1685 1952 1730 gloria
1978 1686 2119 1720 theolo-

243 1757 388 1792 gorum,
416 1757 487 1791 que
512 1745 596 1780 facit
622 1757 716 1780 onus
744 1746 853 1780 unius
880 1746 977 1792 equi.
1005 1747 1049 1780 Et
1072 1753 1261 1793 postquam
1291 1747 1393 1782 illum
1421 1748 1553 1795 legerit
1579 1750 1675 1795 quis,
1699 1751 1771 1796 jam
1802 1752 1976 1796 presumit
2006 1764 2045 1786 se
2072 1753 2117 1786 de

242 1812 416 1859 magistro
442 1811 642 1859 theologie,
662 1813 827 1858 quamvis
851 1824 925 1846 non
949 1813 1072 1847 audiat
1095 1814 1313 1848 tricesimam
1335 1821 1472 1860 partem
1494 1816 1550 1850 sui
1579 1818 1733 1850 textus'.
1761 1819 1805 1850 Et
1829 1817 2030 1852 bacalarius
2055 1820 2117 1866 qui

241 1878 332 1926 legit
356 1885 491 1913 textum
517 1878 724 1913 succumbit
747 1879 874 1913 lectori
897 1880 1164 1914 Sententiarum
1187 1881 1348 1916 Parisius
1370 1888 1404 1915 et
1429 1881 1579 1928 ubique,
1605 1890 1640 1916 et
1665 1883 1702 1916 in
1727 1883 1898 1918 omnibus
1918 1885 2118 1919 honoratur

241 1952 278 1980 et
302 1946 496 1992 prefertur.
527 1947 615 1980 Nam
644 1945 706 1980 ille
733 1946 795 1992 qui
826 1946 915 1992 legit
943 1947 1163 1989 Sententiae,
1184 1947 1293 1982 habet
1319 1949 1556 1995 principalem
1586 1949 1711 1984 horam
1738 1950 1887 1997 legendi
1914 1953 2115 1986 secundum

241 2024 342 2047 suam
371 2012 608 2055 voluntatem,
635 2012 746 2047 habet
773 2020 810 2047 et
837 2013 976 2048 socium
1008 2020 1044 2048 et
1073 2026 1250 2048 cameram
1278 2015 1374 2061 apud
1405 2015 1614 2062 religiosos.
1641 2017 1712 2051 Sed
1740 2018 1801 2063 qui
1828 2017 1919 2065 legit
1948 2019 2115 2061 Bibliam,

241 2085 339 2113 caret
362 2078 420 2113 his
441 2086 477 2113 et
496 2079 678 2114 mendicat
697 2079 822 2114 horam
848 2080 1013 2127 legendi,
1036 2081 1239 2115 secundum
1262 2081 1360 2127 quod
1382 2082 1499 2128 placet
1518 2083 1645 2117 lectori
1667 2085 1948 2119 Sententiarum.
1971 2087 2013 2119 Et
2034 2086 2116 2120 ine·

241 2145 304 2191 qui
331 2145 423 2192 legit
450 2146 669 2189 Sententiae,
696 2146 858 2192 disputat
885 2153 921 2181 et
950 2159 1015 2193 pro
1047 2148 1221 2194 magistro
1250 2147 1424 2191 habetur;
1456 2149 1621 2196 reliquus
1650 2151 1711 2196 qui
1742 2158 1876 2184 textum
1907 2151 2009 2198 legit,
2041 2165 2114 2186 non

240 2218 362 2258 potest
381 2211 581 2258 disputare,
602 2213 697 2247 sicut
716 2213 783 2247 fuit
802 2213 871 2247 hoc
891 2225 986 2247 anno
1008 2214 1195 2248 Bononie‘
1217 2221 1252 2248 et
1272 2215 1309 2248 in
1330 2215 1454 2250 multis
1474 2216 1555 2250 aliis
1575 2216 1680 2258 locis,
1702 2217 1800 2263 quod
1825 2225 1877 2251 est
1899 2218 2110 2252 absurdum.

240 2279 471 2313 Manifestum
497 2285 554 2312 est
572 2278 685 2324 igitur
703 2279 801 2325 quod
823 2286 943 2314 textus
964 2280 1064 2314 illius
1084 2280 1265 2315 facultatis
1286 2281 1480 2327 subjicitur
1500 2283 1562 2316 uni
1585 2284 1751 2317 Summe¹
1780 2285 1977 2330 magistrali
1991 2285 2014 2318 ³.
2043 2285 2113 2319 Sed

240 2357 306 2391 pro
326 2344 395 2379 hoc
422 2346 546 2388 [textu]
572 2351 628 2379 est
652 2351 823 2379 statutum
843 2345 1042 2391 cujuslibet
1062 2347 1253 2380 facultatis.
1271 2349 1357 2381 Nam
1380 2348 1500 2381 omnis
1519 2348 1587 2382 alia
1607 2349 1757 2382 facultas
1778 2350 1891 2384 utitur
1912 2357 2007 2385 textu
2030 2364 2111 2393 suo,

239 2418 275 2446 et
293 2410 429 2458 legitur
449 2418 568 2445 textus
588 2411 625 2444 in
646 2411 772 2454 scolis,
793 2412 877 2458 quia
898 2418 1031 2446 statuto
1053 2419 1150 2447 textu
1172 2425 1239 2447 suo
1259 2413 1378 2447 solum
1399 2421 1607 2448 statuuntur
1627 2416 1746 2449 onmia
1768 2428 1838 2462 que
1860 2418 2042 2462 pertinent
2067 2419 2111 2452 ad

237 2477 457 2520 facultatem,
478 2478 561 2524 quia
583 2484 732 2524 propter
750 2477 820 2512 hoc
841 2485 926 2512 sunt
947 2485 1065 2513 textus
1086 2479 1181 2521 facti,
1203 2481 1263 2523 [et]
1284 2479 1342 2513 hic
1362 2480 1472 2526 longe
1493 2482 1622 2527 magis,
1644 2482 1726 2528 quia
1753 2489 1870 2517 textus
1896 2483 1953 2517 hic
1979 2484 2023 2518 de
2049 2497 2111 2519 ore

239 2544 306 2578 Dei
333 2550 368 2579 et
394 2551 600 2578 sanctorum
627 2543 756 2579 allatus
777 2548 856 2587 [est]
878 2545 1028 2587 mundo,
1051 2551 1087 2579 et
1107 2552 1163 2580 est
1183 2546 1229 2579 ita
1251 2558 1406 2593 magnus
1426 2547 1525 2592 quod
1549 2548 1607 2582 vix
1632 2548 1816 2583 sufficeret
1839 2549 1970 2596 aliquis
1997 2551 2112 2586 lector

238 2611 282 2645 ad
312 2610 575 2658 perlegendum
606 2623 687 2646 eum
719 2611 755 2645 in
786 2618 857 2645 tota
887 2612 957 2646 vita
988 2624 1065 2654 sua,
1098 2612 1299 2646 secundum
1330 2613 1429 2659 quod
1458 2614 1622 2660 magistri
1652 2614 1792 2661 legunt.
1824 2617 1964 2651 Deinde
1997 2618 2111 2652 sancti

237 2677 408 2712 doctores
429 2690 501 2712 non
523 2678 580 2712 usi
601 2685 688 2712 sunt
707 2678 778 2711 nisi
797 2677 865 2711 hoc
886 2684 998 2719 textu,
1019 2690 1138 2724 neque
1159 2679 1343 2725 sapientes
1363 2680 1514 2726 antiqui,
1537 2693 1691 2726 quorum
1712 2681 1855 2728 aliquos
1879 2683 2051 2725 vidimus,
2074 2692 2112 2718 ut

236 2744 304 2778 fuit
329 2743 500 2778 dominus
526 2743 707 2779 Robertus
728 2745 925 2791 episcopus
946 2744 1216 2780 Lincolniensis
1237 2752 1271 2779 et
1292 2746 1402 2780 frater
1421 2746 1533 2780 Adam
1555 2747 1600 2781 de
1622 2748 1792 2791 Marisco,
1818 2756 1854 2783 et
1879 2749 1937 2783 alii
1967 2751 2109 2784 maximi

235 2797 317 2844 viri.
345 2811 504 2846 Contra·
531 2822 618 2845 vero
645 2810 874 2845 Alexander⁷
901 2811 969 2845 fuit
995 2811 1134 2857 primus
1162 2812 1223 2858 qui
1252 2811 1364 2858 legit·
1393 2819 1428 2847 et
1455 2819 1539 2847 tunc
1567 2813 1757 2860 legebatur
1783 2815 1990 2861 aliquando,
2017 2817 2111 2850 sicut

235 2876 329 2912 liber
353 2877 636 2912 Ηιζςτονῐανιιηι9
662 2877 804 2912 solebat
830 2877 916 2924 legi,
944 2885 980 2912 et
1006 2878 1123 2912 adhuc
1150 2878 1286 2925 legitur
1312 2879 1510 2914 rarissime.
1540 2881 1584 2914 Et
1610 2881 1738 2915 mirum
1767 2889 1823 2915 cst
1850 2883 1946 2928 quod
1975 2883 2027 2916 sic
2055 2890 2109 2916 est

237 2942 412 2978 exaltatus
440 2943 535 2978 liber
566 2944 848 2987 Sententiarum,
878 2945 961 2991 quia
987 2944 1081 2979 liber
1107 2945 1345 2979 Historiarum
1376 2952 1433 2980 est
1461 2946 1577 2993 magis
1601 2948 1771 2994 proprius
1799 2948 1994 2995 theologie.
2022 2951 2106 2983 Nam

361 3001 458 3027 Chare.
480 3001 558 3028 UnIv.
576 3002 672 3029 Paris.
689 3002 710 3027 1.
1953 3008 1984 3030 60
