2580 3528
287 435 384 475 1231]
632 444 679 467 ΑΒ
713 444 820 466 Auno
854 444 932 467 uec
964 444 1097 473 usqua
1131 445 1181 467 An
1215 445 1446 467 PHILH‘PUM
1482 446 1522 467 1v
1557 446 1645 467 use.
1683 446 1821 468 manc.
2100 439 2164 471 145

283 518 384 552 sedis
418 518 552 564 legato,
587 518 751 551 traditam
788 518 979 551 examinati
1013 518 1183 560 fuissent,
1219 519 1302 564 quia
1333 519 1363 552 si
1395 531 1459 552 eos
1493 519 1623 551 iterum
1659 519 1855 552 examinari
1889 519 1946 552 vel
1986 520 2162 554 licentiari

283 584 526 630 contingeret,
549 596 592 618 ex
610 583 679 618 hoc
700 590 827 630 posset
846 584 1093 618 dissensionis
1117 585 1261 618 occasio
1283 585 1444 618 suboriri
1464 597 1471 617 ε
1494 585 1664 618 volumus
1686 592 1721 618 et
1746 585 1970 626 mandamuS,
1993 587 2164 631 quatinus

284 650 338 684 eis
359 662 424 696 pro
445 650 544 684 bono
564 650 663 696 pacis
683 649 749 684 hac
768 650 861 692 vice,
890 657 929 684 ut
952 650 1068 684 libere
1096 650 1220 697 legant
1244 651 1420 693 Parisius,
1441 651 1653 684 auctoritate
1676 658 1799 684 nostra
1825 651 2029 697 largiamini
2057 653 2164 686 facul-

284 723 404 758 tatem,
435 716 723 750 contradictores
751 728 816 762 per
842 728 1034 750 censuram
1061 717 1345 750 ecclesiasticam
1377 717 1620 763 appellatione
1649 718 1851 763 postposita
1881 719 2162 763 compescendo.

283 782 485 817 Generales
505 795 651 829 quoque
678 783 878 817 sententias
905 783 943 816 in
968 783 1130 817 scolares
1156 783 1373 817 turbationis
1394 791 1558 830 tempore
1580 784 1827 830 promulgatas
1854 785 1934 817 sine
1955 784 2164 818 difficultate

284 849 447 895 qualibet
479 849 663 891 relaxetis,
698 856 734 883 et
767 850 1065 883 constitutionem
1104 850 1201 883 illam
1236 851 1367 884 editam
1403 851 1441 898 in
1475 850 1689 896 provinciali
1724 851 1891 885 Concilio
1927 852 2162 892 Senonensi³,

283 915 468 958 videlicet,
490 922 530 949 ut
553 916 728 958 scolares,
751 917 812 962 qui
834 928 899 962 pro
925 928 992 950 suo
1013 917 1221 962 juramento
1246 917 1426 951 servando
1451 917 1690 963 Andegavum
1716 924 1963 959 accesserunt,
1986 918 2165 951 fructibus

285 981 547 1016 beneficiorum
573 994 723 1016 suorum
750 982 900 1016 biennio
926 983 1156 1029 privarentur
1176 996 1242 1017 nec
1268 984 1416 1030 aliquod
1444 983 1662 1017 beneficium
1691 984 1919 1018 conferretur
1945 985 2098 1026 eisdem,
2128 985 2165 1017 in

285 1049 428 1082 irritum
448 1049 641 1083 revocetis.
664 1050 743 1083 Dat.
767 1050 931 1083 Laterani
953 1050 990 1095 iij
1013 1062 1099 1083 non.
1122 1050 1219 1092 Maii,
1242 1050 1474 1096 pontificatus
1495 1051 1611 1084 nostri
1632 1063 1727 1084 anno
1748 1051 1888 1096 quinto.

379 1147 442 1179 Reg.
460 1147 518 1170 Vat.
535 1146 656 1178 Gregorii
670 1148 703 1171 lx
718 1155 759 1171 an.
779 1150 802 1175 5,
820 1155 862 1179 ep.
877 1149 915 1176 57,
933 1148 977 1171 t'ol.
989 1149 1028 1171 90.
1039 1161 1071 1166 —-
1083 1147 1206 1176 Bulaeus,
1223 1149 1269 1177 ΙΙΙ,
1284 1149 1337 1172 146.

380 1231 402 1254 1.
420 1230 554 1263 Scriptum
569 1231 625 1255 nine
640 1232 804 1263 compendio.
822 1245 854 1250 —
873 1233 896 1256 2.
916 1233 979 1256 Post
997 1233 1147 1264 dispersam
1170 1232 1375 1257 Universitatem
1395 1232 1571 1256 Parisienscm
1589 1241 1657 1255 anno
1676 1233 1737 1256 1229
1755 1232 1830 1256 multi
1851 1233 1972 1264 magistri
1991 1236 2017 1256 et
2032 1233 2166 1256 scholares

285 1275 465 1307 Andegavum,
483 1275 528 1299 alii
543 1276 723 1304 Aurelianum,
739 1276 821 1308 aliqui
835 1277 959 1300 Tolosam
974 1280 1000 1300 et
1015 1278 1127 1300 sortasse
1142 1277 1237 1301 Remos
1259 1277 1399 1309 petierunt.
1418 1277 1481 1300 Vide
1504 1277 1595 1300 Mutth.
1617 1277 1701 1305 Paris,
1719 1278 1823 1302 Chron.
1844 1278 1924 1308 maj„
1944 1278 1984 1301 ed.
2002 1278 2098 1306 Luard,
2119 1278 2165 1306 ΙΙΙ,

286 1319 340 1343 168.
360 1320 438 1344 Arm.
454 1320 488 1344 de
502 1319 668 1351 Dunstapl„
685 1321 725 1344 ed.
750 1321 847 1349 Lunx-d,
864 1330 891 1352 p.
913 1321 967 1344 117.
985 1321 1108 1345 Albertus
1127 1322 1200 1345 Stud.
1222 1321 1248 1344 in
1263 1321 1340 1346 Mon.
1358 1322 1462 1349 Germ„
1482 1322 1545 1350 XVI,
1567 1322 1621 1344 360.
1642 1322 1710 1351 Mai.
1726 1322 1824 1346 chron.
1841 1322 1976 1346 Lemovic.
1998 1322 2024 1345 in
2039 1322 2105 1347 Rec.
2120 1323 2167 1347 des

285 1363 357 1389 Ηίεε.
378 1365 425 1389 des
445 1363 540 1391 Gaul..
560 1364 624 1394 XXI,
648 1365 701 1388 764.
721 1365 750 1388 ln
769 1373 810 1396 ep.
837 1365 1023 1389 Universitatis
1047 1373 1088 1389 an.
1110 1365 1180 1394 1254,
1202 1366 1277 1389 Febr.
1296 1366 1320 1394 4,
1337 1365 1406 1389 sicut
1423 1368 1448 1388 et
1467 1374 1549 1397 supra
1567 1369 1592 1389 et
1610 1370 1638 1388 n⁰
1653 1366 1683 1389 75
1698 1360 1879 1389 tantumniodo
1895 1366 2065 1397 Andcguvum
2081 1366 2167 1390 nomi-

285 1411 372 1432 natur.
388 1421 419 1425 —
434 1409 456 1431 3.
474 1408 554 1431 latius
569 1408 689 1438 Concilii,
703 1409 773 1441 quod
790 1418 840 1433 non
854 1413 914 1433 unte
932 1418 1048 1433 mensem
1065 1410 1138 1433 ,lunii
1154 1410 1215 1433 anni
1232 1410 1293 1433 1229
1307 1410 1394 1441 potuit
1409 1418 1467 1433 esse
1482 1410 1653 1436 celebratum.
1670 1410 1735 1433 nihil
1751 1410 1872 1442 pervenit
1885 1411 1917 1433 nd
1933 1419 1989 1434 ηοε.
2005 1411 2166 1442 Raynaldus,

285 1454 363 1478 Arm.
378 1452 451 1480 eccl„
467 1452 500 1475 ad
516 1460 558 1476 an.
576 1453 645 1481 1228,
660 1458 689 1477 n⁰
704 1454 742 1482 25,
759 1457 821 1477 nota
834 1455 856 1482 2,
874 1454 1032 1478 mentionem
1048 1454 1110 1478 facit
1125 1454 1235 1478 Concilii
1251 1462 1320 1477 anno
1333 1454 1501 1486 praecedenti
1519 1454 1629 1478 Senonis
1645 1454 1808 1486 congregati.

287 1658 366 1696 90.
392 1668 543 1703 Gregorius
559 1669 604 1694 IX
613 1672 696 1704 rogat
711 1668 881 1695 Ludovicum
897 1678 990 1704 regem
1006 1670 1190 1704 Francorum,
1209 1673 1240 1695 ut
1253 1670 1329 1696 omni
1342 1670 1441 1704 gratia
1457 1673 1485 1696 et
1499 1671 1598 1704 favore
1610 1673 1807 1706 prosequatur
1822 1670 1976 1704 magistros
1999 1669 2169 1704 Gaufridum

376 1717 584 1744 pictaviensem
612 1721 639 1744 et
666 1717 846 1744 Guillelmum
870 1717 1151 1745 Autissiodorensem
1174 1718 1326 1745 redeuntes
1348 1719 1481 1745 Parisios
1502 1718 1543 1744 ad
1564 1718 1718 1753 regendum
1735 1727 1753 1744 a
1778 1719 1860 1744 curia
1885 1719 2024 1753 Romana,
2053 1718 2103 1744 ubi
2130 1718 2171 1744 ad

377 1766 592 1801 reformandum
607 1766 735 1793 studium
751 1767 856 1793 morati
871 1771 963 1802 erant,
982 1776 1032 1793 nec
1047 1767 1260 1794 detractoribus
1276 1767 1438 1794 eorumdem
1454 1767 1562 1794 credat.

1556 1858 1626 1887 1231,
1642 1857 1703 1884 mii
1715 1858 1740 1887 6,
1755 1857 1882 1883 Laterani.

378 1930 585 1976 Gregorius
619 1931 816 1977 episcopus
851 1943 980 1965 servus
1015 1943 1205 1965 servorum
1241 1932 1307 1965 Dei
1342 1932 1535 1965 karissimo
1566 1932 1602 1964 in
1637 1931 1785 1966 Christo
1821 1932 1895 1965 filio
1926 1932 2059 1965 illustri
2092 1932 2171 1978 regi

290 1998 510 2030 Francorum
537 1997 689 2031 salutem
715 2004 751 2031 et
774 1997 1011 2043 apostolicam
1031 1997 1339 2032 benedictionem.
1369 1999 1460 2032 Cum
1482 1998 1659 2032 debeatur
1677 1999 1791 2044 gratia
1812 1999 1985 2044 gratiosis
2006 1999 2052 2032 ita
2073 1998 2171 2044 quod

290 2070 447 2109 nequeat
472 2064 552 2098 sine
582 2070 666 2098 nota
694 2065 833 2110 negari,
863 2077 907 2098 eo
935 2065 1033 2110 quod
1063 2065 1179 2098 virtus
1207 2065 1278 2098 sibi
1306 2065 1466 2099 vindicat
1492 2064 1628 2110 ubique
1653 2066 1827 2106 savorem,
1854 2065 1971 2098 honor
1997 2072 2053 2099 est
2078 2065 2171 2098 bene

290 2130 441 2164 meritos
474 2129 682 2173 honoranti,
717 2131 800 2177 quia
840 2131 982 2165 titulum
1023 2132 1246 2165 nanciscitur
1285 2131 1470 2173 bonitatis,
1507 2132 1568 2177 qui
1603 2131 1721 2165 bonos
1755 2132 1914 2166 caritatis
1948 2132 2172 2178 aniplexatus

290 2196 420 2230 affectu
440 2197 477 2231 in
503 2196 575 2231 hiis
601 2196 672 2231 sihi
693 2197 894 2243 complacet
918 2197 1170 2232 similitudinis
1199 2198 1351 2232 ratione.
1374 2199 1464 2231 Hinc
1487 2205 1542 2231 est
1561 2198 1659 2243 quod
1679 2198 1834 2232 dilectos
1854 2198 1951 2231 filios
1977 2199 2172 2244 magistros

291 2262 507 2297 Gauri-idum
542 2264 822 2309 Pyctavensem¹
855 2271 891 2298 et
915 2264 1151 2301 Willermum
1179 2265 1537 2305 Autisiodorenscm,
1568 2265 1630 2310 qui
1655 2265 1739 2304 vita,
1771 2265 1921 2298 scicntia
1946 2271 1979 2297 ct
2008 2265 2171 2298 doctrina

292 2328 446 2374 preclari
477 2329 563 2362 dum
597 2330 770 2364 erudiunt
804 2330 982 2376 plurimos
1014 2331 1058 2364 ad
1092 2330 1245 2367 salutem
1280 2338 1448 2376 tanquam
1484 2330 1590 2364 stelle
1619 2331 1749 2364 micant
1784 2331 1821 2364 in
1857 2330 2012 2364 ecclesie
2053 2331 2172 2364 firma-

292 2402 428 2437 mento,
449 2396 635 2430 serenitati
662 2396 763 2442 regie
791 2397 960 2431 duximus
986 2397 1203 2431 fiducialiter
1229 2397 1553 2438 commendandos,
1576 2409 1792 2442 quamquam
1813 2398 1905 2430 sorte
1926 2397 2021 2442 apud
2043 2403 2076 2430 te
2098 2409 2171 2430 non

290 2468 421 2508 egeant
441 2462 626 2508 suffragiis
646 2462 788 2505 alienis,
810 2475 904 2509 quos
924 2463 1067 2497 sincere
1089 2463 1244 2509 diligere
1265 2463 1428 2497 crederis
1450 2463 1596 2509 proprie
1619 2463 1758 2497 meritis
1780 2463 1982 2509 probitatis.
2011 2464 2171 2509 Ideoque

291 2527 547 2562 celsitudinem
570 2534 664 2562 tuam
691 2541 875 2575 rogamus,
903 2541 1094 2563 monemus
1120 2536 1156 2563 et
1180 2529 1367 2563 hortamur
1392 2530 1428 2563 in
1457 2529 1626 2571 Domino,
1649 2530 1820 2575 quatinus
1845 2542 1910 2563 eos
1931 2530 1976 2563 de
2004 2530 2171 2564 mandato

292 2600 418 2628 nostro
441 2595 637 2629 redeuntes
662 2596 822 2630 Parisius
843 2596 886 2630 ad
908 2596 1110 2642 regendum
1138 2595 1299 2642 benigne
1321 2595 1503 2642 recipiens
1524 2602 1560 2629 et
1579 2595 1732 2629 honeste
1755 2602 1977 2642 pertractans
1998 2597 2044 2629 ita
2071 2596 2172 2642 ipsos

294 2667 352 2695 tua
387 2662 621 2707 prosequaris
654 2662 768 2708 gratia
803 2669 839 2696 et
871 2663 1007 2705 favore,
1040 2662 1138 2708 quod
1172 2663 1268 2708 apud
1303 2663 1416 2696 Deum
1453 2662 1620 2696 meritum
1651 2669 1687 2696 et
1714 2662 1841 2696 laudes
1875 2663 1970 2708 apud
2004 2662 2172 2697 homines

293 2728 481 2770 merearis,
502 2740 643 2774 nosque
664 2741 730 2775 pro
751 2729 805 2763 eis
827 2728 891 2763 tibi
912 2736 1034 2775 grates
1055 2730 1190 2763 referre
1213 2741 1285 2763 nou
1307 2729 1487 2763 immerito
1507 2728 1719 2763 debeamus.
1742 2730 1913 2763 Ceterum
1933 2741 2013 2763 cum
2036 2729 2170 2763 hiidem

292 2794 455 2840 magistri
485 2806 549 2840 pro
580 2795 836 2829 reformatione
866 2796 978 2829 studii
1005 2796 1049 2829 ad
1078 2796 1203 2829 sedem
1231 2795 1465 2842 apostolicam
1494 2794 1737 2841 personaliter
1763 2794 1970 2829 laborantes
1995 2795 2170 2829 honorem

294 2860 393 2906 regis
419 2867 455 2894 et
479 2861 583 2907 regni
612 2862 796 2896 tractarint
821 2874 887 2896 nec
913 2863 1106 2908 quicquam
1128 2862 1263 2896 suerint
1283 2869 1407 2896 contra
1429 2861 1558 2899 moliti,
1583 2861 1614 2895 si
1637 2861 1738 2907 quid,
1761 2862 1859 2907 quod
1880 2874 1952 2895 non
1973 2862 2170 2903 credilium,

293 2926 338 2960 ad
365 2927 616 2973 sugestionem
652 2928 854 2963 malivolam
889 2919 1132 2963 detractorum
1167 2937 1293 2963 contra
1327 2941 1391 2963 eos
1426 2928 1483 2963 vel
1519 2928 1731 2974 magistrum
1765 2928 1966 2963 ,lohannem
2002 2929 2172 2974 Pagium²

294 2993 518 3039 suspicionis
537 2995 689 3029 forsitan
713 2995 928 3042 concepisti,
949 2996 1098 3030 omnino
1120 2996 1310 3043 deponens
1330 2996 1479 3030 studeas
1500 2995 1602 3041 ipsos
1622 2995 1843 3040 propensius
1864 2994 2057 3034 honorare,
2080 3001 2117 3027 ut
2137 3001 2172 3027 et

420 3051 515 3077 cnara.
539 3052 617 3078 vnto.
636 3053 732 3079 Paris.
752 3054 771 3078 ι.
2018 3052 2048 3075 ¹⁹
