2618 3640
685 427 731 448 AB
765 425 1010 448 ALEXANDRO
1044 426 1094 447 111
1128 426 1261 455 USQUE
1296 426 1344 448 AD
1378 426 1514 448 ANNUM
1549 427 1639 449 MCC.
2064 419 2104 451 19

222 501 320 547 quod
340 500 485 546 quando
506 500 644 533 recessi
664 512 683 533 a
703 499 822 539 vobis,
845 499 1038 532 duodecim
1060 499 1231 532 denarios
1252 499 1289 532 in
1310 506 1385 533 toto
1407 500 1543 533 mundo
1565 513 1639 533 non
1659 500 1847 542 habebam,
1871 512 1937 534 nee
1958 501 2101 546 aliquis,

222 566 320 613 quod
341 579 410 613 ego
427 567 572 609 scirem,
594 566 639 600 ad
659 578 766 600 usum
786 578 918 599 meum.
936 565 1092 600 Vascula
1113 566 1259 612 quidem
1281 565 1458 599 habebam
1478 579 1590 612 pauca
1610 567 1686 600 fere
1708 567 1869 612 quinque
1890 579 2103 610 marcarum,

223 633 394 668 omnibus
414 633 564 679 hospitii
586 633 702 667 nostri
719 633 831 667 sociis
853 633 940 666 satis
963 640 1064 674 nota;
1089 640 1125 666 et
1148 645 1244 666 eram
1267 633 1428 678 quidem,
1458 634 1557 678 quod
1582 633 1685 667 multi
1707 634 1840 676 sciunt,
1867 634 1986 667 alieno
2007 646 2102 676 aere,

222 700 288 734 sed
305 712 385 734 meo
402 712 527 742 onere,
541 700 701 746 graviter
717 712 882 746 pressus.
895 700 1032 745 Accepi
1048 712 1137 745 ergo
1155 696 1349 733 duodecim
1366 712 1504 733 marcas
1525 707 1680 734 mutuas.
1700 701 1771 734 Sed
1787 707 1977 745 antequam
2000 713 2105 746 egre-

221 767 330 801 derer
356 767 562 809 Cantuaria,
590 767 628 800 in
656 766 851 800 sarcinulis
876 773 912 800 et
938 767 1180 800 instructione
1208 766 1381 800 clientum
1412 773 1487 800 tres
1515 779 1638 800 earum
1668 767 1837 812 expendi.
1870 767 2010 800 Deinde
2041 780 2105 813 per

221 845 367 867 manum
398 833 580 870 Willelmi
613 833 679 867 filii
709 834 844 880 Pagani
874 833 1103 867 liberalitatis
1133 840 1255 867 vestre
1291 840 1430 879 septem
1461 846 1599 868 marcas
1633 834 1768 879 accepi,
1801 841 1875 867 tres
1905 834 2035 876 adhuc,
2068 841 2106 868 ut

216 900 426 946 jusseratis,
447 907 676 946 accepturus.
699 901 806 944 Quod
827 901 924 934 enim
944 901 1065 934 minus
1085 901 1216 934 factum
1238 907 1306 942 est,
1328 900 1434 934 vobis
1455 913 1681 946 nequaquam
1703 901 1953 946 imputandum
1978 908 2045 935 est.

311 967 474 1001 Veniens
505 979 594 1013 ergo
624 967 786 1001 Parisius
810 968 912 1013 juxta
942 967 1220 1000 instructionem
1250 974 1420 1009 vestram,
1452 980 1517 1013 pro
1548 974 1726 1013 tempore,
1754 974 1794 1001 ut
1821 968 1978 1010 videtur,
2008 980 2106 1001 com—

222 1034 370 1067 modum
395 1034 555 1067 conduxi
581 1033 794 1080 hospitium,
825 1041 861 1068 et
885 1041 1076 1080 antequam
1102 1034 1194 1067 illud
1218 1035 1447 1080 ingrederer,
1475 1035 1668 1068 duodecim
1694 1035 1770 1068 fere
1797 1034 1909 1068 libras
1935 1035 2103 1081 expendi.

222 1101 349 1146 Neque
375 1100 471 1134 enim
497 1101 685 1134 introitum
707 1101 808 1146 potui
834 1101 1015 1143 obtinere,
1037 1101 1109 1134 nisi
1136 1101 1174 1134 in
1199 1113 1332 1134 annum
1358 1108 1433 1135 toto
1459 1102 1576 1147 pretio
1600 1108 1807 1147 prerogato.
1835 1103 1959 1147 Equos
1985 1102 2105 1147 itaque

223 1167 388 1210 distraxi,
416 1174 453 1201 et
478 1180 536 1201 me
561 1168 728 1214 disposui
754 1168 798 1201 ad
829 1168 1065 1201 residendum
1097 1168 1219 1214 potius
1247 1180 1352 1213 quam
1382 1169 1426 1202 ad
1452 1168 1773 1214 peregrinandum.
1801 1169 1906 1202 Unde
1933 1175 1969 1202 et
1993 1169 2106 1214 impa-

225 1234 337 1268 ratior
361 1246 441 1268 sum
463 1235 508 1268 ad
527 1235 702 1268 circuitus
724 1247 818 1280 quos
840 1235 1070 1280 prescribitis
1095 1235 1297 1276 faciendos,
1319 1235 1381 1280 qui
1407 1247 1480 1268 non
1505 1242 1662 1281 possunt
1682 1235 1761 1268 sine
1785 1235 1992 1281 sumptibus
2015 1235 2108 1278 fieri,

224 1301 425 1347 presertim}
451 1301 496 1335 ab
518 1301 678 1334 homine
718 1302 1008 1335 ecclesiasticum
1038 1301 1194 1335 habente
1225 1301 1382 1335 officium
1420 1302 1657 1347 notitiamque
1696 1302 1906 1336 multorum.
1940 1304 2109 1336 Preterea

224 1368 324 1414 regis
351 1368 641 1414 indignationem
669 1368 782 1414 gratis
810 1368 1034 1402 conscientia
1060 1375 1152 1401 teste
1179 1368 1366 1409 sustineo;
1399 1375 1434 1401 et
1459 1369 1490 1401 si
1518 1381 1574 1401 me
1603 1369 1747 1402 nunciis
1778 1370 1857 1414 ejus
1885 1381 2106 1414 opposuero,

225 1435 374 1480 gravius
403 1434 608 1468 sustinebo.
643 1435 748 1469 Unde
783 1435 884 1477 mihi,
921 1435 953 1468 si
983 1425 1114 1480 placet,
1144 1435 1182 1467 in
1212 1434 1358 1477 talibus,
1391 1447 1461 1480 que
1501 1447 1594 1480 eque
1633 1436 1824 1468 commode
1864 1443 2016 1481 possent
2045 1448 2110 1482 per

223 1501 316 1535 alios
351 1502 527 1543 exerceri,
559 1502 677 1548 magis
711 1514 860 1547 parcere
896 1501 1051 1535 debetis.
1085 1503 1130 1535 Et
1158 1509 1290 1544 tamen,
1327 1508 1499 1547 quantum
1536 1514 1695 1547 expense
1726 1502 1962 1548 permiserint
1995 1503 2110 1536 unde-

224 1579 380 1614 cumque
415 1568 571 1613 quesite,
609 1569 707 1614 quod
737 1569 928 1614 jusseritis
963 1580 1133 1614 exequar.
1170 1570 1247 1603 Vos
1281 1575 1399 1602 autem
1429 1569 1595 1602 videritis
1631 1569 1718 1614 quid
1748 1568 1921 1614 jubeatis.
1955 1571 1999 1602 Et
2027 1570 2110 1615 quia

223 1635 379 1668 eeclesia
409 1636 568 1668 Romana
597 1642 653 1669 est
682 1635 719 1668 in
749 1647 790 1669 ea
819 1635 1030 1669 conditione
1061 1648 1167 1681 quam
1198 1636 1329 1677 nostis,
1365 1635 1456 1668 nihil
1490 1635 1578 1668 mihi
1612 1636 1799 1669 videretur
1833 1636 2038 1669 consultius
2074 1637 2110 1669 in

225 1701 433 1743 mundanis,
450 1713 557 1747 quam
581 1701 723 1735 duabus
744 1702 856 1735 rebus
877 1714 1023 1748 operam
1046 1702 1131 1736 dare
1155 1714 1161 1735 :
1186 1702 1297 1736 altera
1318 1702 1466 1748 quidem
1487 1709 1555 1744 est,
1580 1709 1620 1735 ut
1642 1702 1806 1736 eximatis
1826 1715 1893 1736 vos
1914 1710 2109 1748 utcumque

223 1781 243 1802 a
275 1768 418 1814 laqueis
451 1769 696 1810 creditorum,
732 1769 856 1811 altera,
889 1776 928 1803 ut
961 1769 1100 1803 domini
1130 1769 1243 1815 regis,
1279 1770 1450 1815 quatinus
1485 1769 1688 1802 secundum
1720 1770 1827 1803 deum
1866 1769 1945 1803 fieri
1976 1777 2108 1815 potest,

224 1835 385 1881 queratis
406 1836 571 1882 gratiam.
598 1837 698 1869 Deus
721 1836 860 1870 mederi
882 1842 1014 1882 potest,
1043 1836 1108 1870 sed
1132 1836 1287 1869 ecclesia
1314 1838 1472 1870 Romana
1493 1848 1567 1869 non
1592 1837 1685 1870 feret
1709 1848 1828 1882 opem,
1856 1843 1903 1878 et,
1926 1843 1966 1870 ut
1984 1837 2107 1879 timeo,

223 1913 289 1936 rex
315 1903 537 1936 Francorum
562 1902 715 1941 baculus
738 1903 964 1937 arundineus
994 1910 1061 1936 est.
1088 1904 1269 1945 Preterea,
1296 1903 1327 1936 si
1353 1903 1482 1949 placet,
1509 1915 1591 1936 cum
1622 1903 1798 1937 Gausrido
1825 1910 1957 1949 nepote
1986 1910 2109 1937 vestro

224 1969 514 2003 misericordiam
543 1969 694 2003 faciatis.
726 1971 888 2016 Tempus
918 1977 975 2003 est
1003 1970 1100 2003 enim
1124 1982 1131 2003 :
1155 1982 1236 2003 nam
1267 1982 1311 2003 ex
1338 1982 1410 2015 quo
1439 1969 1638 2016 hospitium
1668 1982 1787 2003 meum
1819 1970 2012 2016 ingressus
2030 1971 2107 2013 est,

224 2042 398 2081 quantum
419 2036 648 2082 perpendere
669 2037 784 2082 potui,
805 2036 959 2070 honeste
981 2049 1020 2070 se
1040 2036 1150 2070 habet
1168 2044 1204 2070 et
1225 2037 1342 2070 literis
1368 2049 1514 2082 operam
1541 2037 1601 2071 dat
1621 2044 1656 2070 et
1676 2037 1914 2083 diligentiam.
1938 2037 2111 2071 Exhibuit

225 2114 308 2136 eum
339 2102 510 2136 dominus
539 2103 764 2137 Pictavensis
794 2110 986 2149 antequam
1016 2104 1170 2146 veniret,
1202 2110 1238 2137 et
1265 2104 1381 2149 primo
1412 2104 1514 2137 dedit
1543 2104 1575 2137 ei
1604 2104 1765 2149 quinque
1794 2116 1943 2146 marcas,
1976 2104 2109 2138 deinde

225 2175 370 2204 centum
395 2169 536 2204 solidos
562 2170 885 2216 andegavensium.
914 2170 1033 2213 Unde,
1060 2170 1092 2203 si
1117 2170 1246 2216 placet,
1273 2183 1354 2204 cum
1381 2171 1506 2204 amicis
1532 2168 1946 2216 episcopiPictavensis
1966 2171 2108 2205 dehetis

226 2235 424 2282 benignius
462 2249 584 2283 agere,
625 2244 661 2270 et
693 2237 732 2270 in
765 2237 977 2271 collocanda
1011 2237 1084 2270 filia
1118 2237 1299 2274 Willelmi
1339 2237 1404 2271 filii
1438 2238 1573 2284 Pagani
1607 2250 1681 2271 non
1720 2237 1876 2278 dehetis,
1913 2238 1943 2271 si
1978 2238 2106 2283 placet,

225 2302 380 2348 aliquam
401 2304 612 2337 exercuisse
632 2304 815 2346 duritiam,
838 2303 965 2338 saltem
987 2316 1052 2350 pro
1074 2304 1238 2350 episcopi
1259 2305 1474 2338 reverentia.
1496 2304 1634 2339 Valete.

318 2400 387 2424 Bibl.
399 2403 453 2424 nat.
465 2400 549 2424 Paris.
562 2409 625 2424 mss.
644 2401 750 2430 Baluze,
766 2402 820 2430 127,
836 2410 877 2434 ep.
895 2402 939 2425 137
961 2405 987 2425 et
1008 2402 1052 2426 sol.
1069 2403 1091 2426 2.
1110 2402 1243 2434 Epistulas
1263 2405 1410 2434 sequuntur
1429 2405 1505 2426 notae
1525 2402 1559 2425 ab
1579 2402 1638 2433 ipso
1657 2402 1764 2425 Buluzio
1785 2403 1926 2430 confectae,
1946 2410 2013 2434 quae
2028 2402 2107 2426 etium

225 2444 396 2469 inveniuntur
408 2445 435 2469 in
455 2453 503 2469 ms.
520 2445 566 2469 lat.
583 2446 654 2470 9³49.
670 2446 747 2478 Ipsae
762 2445 891 2470 iterantur
907 2446 933 2469 in
949 2446 1012 2471 Rec.
1025 2447 1072 2472 des
1086 2447 1190 2472 Histor.
1202 2448 1249 2472 des
1267 2447 1370 2472 Gaules
1386 2447 1450 2470 XVI.
1462 2460 1494 2464 —
1507 2446 1649 2471 Johanm's
1664 2447 1886 2472 saresberiensis
1901 2453 1986 2478 opera
2001 2447 2108 2479 collegit

225 2489 297 2514 Giles
313 2490 332 2518 Ῑ,
349 2490 403 2518 187,
415 2490 513 2514 n0134.
535 2489 600 2515 Rec.
616 2491 662 2515 des
679 2491 786 2516 Histor.
807 2492 854 2515 des
875 2491 980 2516 Gaules
1000 2491 1065 2520 xw,
1082 2493 1136 2515 505.
1158 2492 1187 2515 ln
1207 2491 1320 2515 editione
1335 2491 1407 2516 Giles
1427 2491 1496 2515 sicut
1520 2491 1547 2514 in
1571 2491 1694 2514 omnibus
1714 2491 1782 2519 aliis,
1798 2494 1906 2523 excepto
1924 2492 2039 2516 Recueil
2060 2493 2107 2516 des

224 2534 394 2563 Historiem,
406 2535 481 2558 deest
490 2534 584 2558 ultima
594 2534 726 2566 particula
739 2543 750 2558 (ι
760 2535 881 2559 Ceterum
896 2543 929 2559 an
945 2538 1014 2559 recte
1025 2544 1037 2558 1)
1048 2543 1132 2568 usque
1147 2535 1173 2559 in
1189 2536 1275 2560 finem.
1288 2536 1384 2559 Baluze
1398 2535 1501 2568 primus
1517 2543 1574 2558 eam
1585 2543 1598 2559 e
1609 2543 1658 2559 ms.
1668 2535 1810 2559 oxoniensi
1820 2535 1960 2568 exscripsit
1975 2539 2000 2560 et
2014 2540 2106 2568 postea

224 2579 254 2603 1).
274 2578 347 2603 Brinl
366 2579 394 2602 in
414 2579 524 2604 Notices
543 2583 571 2604 et
589 2579 715 2604 Eoetraits
734 2580 782 2604 des
801 2586 865 2605 mss.
883 2580 924 2608 lx,
947 2580 969 2608 2,
985 2588 1012 2612 p.
1035 2580 1079 2603 117
1100 2588 1150 2612 sq„
1171 2580 1326 2612 publicavit.
1348 2580 1424 2604 Certe
1442 2580 1590 2604 Johannem
1610 2580 1837 2604 Sarcsberiensem
1857 2584 1991 2605 auctorem
2017 2581 2103 2605 habet.

225 2623 276 2647 Sed
291 2623 457 2648 desideratur
472 2632 603 2648 connexus
619 2624 687 2648 inter
702 2624 772 2648 istud
788 2624 1001 2656 supplementum
1017 2627 1042 2648 et
1057 2624 1197 2656 epistolam
1212 2625 1306 2656 ipsam.

318 2708 340 2732 1.
357 2708 469 2740 Irulege.
485 2722 517 2726 —
532 2709 554 2732 2.
571 2701 702 2733 L’sscluse.
717 2723 749 2727 —
763 2710 786 2733 3.
803 2709 876 2733 Anno
891 2709 961 2738 1163,
978 2709 989 2732 1
1007 2709 1138 2733 Octobris.
1158 2723 1189 2727 —
1207 2710 1231 2733 4.
1254 2709 1474 2742 Archiopiscopus
1495 2713 1552 2733 erut
1567 2709 1703 2733 Ποτιτίους.
1719 2723 1750 2727 -
1765 2712 1787 2733 5.
1805 2710 1897 2734 Petrus
1917 2710 2053 2734 Cellensis.
2075 2725 2106 2729 —

223 2754 247 2777 6.
268 2752 406 2777 lobannis.
422 2766 453 2770 —
472 2753 495 2777 7.
512 2753 623 2777 Hem-ico
639 2753 743 2778 Pisano.
759 2767 791 2772 -—
805 2755 828 2778 8.
845 2754 1002 2778 Guillelmus
1023 2754 1055 2777 de
1074 2754 1154 2778 Paviu
1175 2757 1232 2777 erat
1251 2754 1354 2786 legatus
1374 2757 1460 2786 apost.
1482 2754 1561 2778 sedis.
1578 2768 1609 2772 —
1623 2755 1645 2778 9.
1668 2754 1856 2779 Cluremhuldi.
1871 2769 1902 2773 —
1917 2755 1954 2779 10.
1975 2755 2104 2787 Arnulphi

225 2797 401 2826 Lexoviensis,
422 2797 497 2829 cujus
518 2797 637 2822 fallacius
658 2802 781 2830 expertus
800 2801 840 2822 est
859 2798 992 2822 Johnnnes
1020 2798 1154 2822 Snresber.
1178 2799 1228 2822 Sed
1249 2799 1308 2822 vide
1328 2799 1432 2827 flenter,
1455 2799 1612 2824 Geschichte
1630 2799 1807 2824 Alexanders
1827 2799 1886 2828 ΙΙΙ,
1908 2800 1940 2828 11,
1956 2801 1986 2823 36
2001 2808 2058 2832 sqq.
2075 2813 2105 2817 ·-

225 2841 264 2866 11.
280 2841 451 2874 Reginuldus,
467 2850 555 2866 comes
569 2842 768 2872 Cornubiensis,
785 2843 932 2867 avunculus
949 2843 1054 2867 Hem-ici
1070 2843 1102 2867 n.
1118 2857 1149 2861 —
1164 2843 1201 2867 12,
1219 2843 1430 2868 Bnrtholomaeo.
