2580 3528
486 412 549 445 510
1064 421 1384 444 CHARTULARIUM
1421 420 1611 442 UNIVERS.
1649 420 1779 442 Panis.
2260 412 2360 453 [1274

488 508 613 529 narum
640 508 705 541 pro
732 496 885 529 utilitate
914 496 1095 529 sociorum
1124 495 1323 528 secundum
1351 506 1474 527 eorum
1500 494 1760 527 conscientiam
1786 506 1867 527 cum
1896 494 2027 528 salario
2048 495 2106 529 vel
2127 495 2206 529 sine
2227 495 2358 530 salario

489 562 684 608 expellere,
708 569 743 596 et
763 569 1017 608 procuratores
1038 562 1258 595 tenebuntur
1280 562 1323 594 de
1344 561 1424 594 aliis
1443 560 1597 606 ydoneis
1618 561 1824 606 providere.

718 670 753 693 Dc
770 669 882 701 receptis
898 678 913 692 a
927 669 1017 701 parvis
1032 668 1249 700 procuratoribus
1265 667 1369 691 nonnisi
1385 668 1434 690 sub
1449 671 1519 691 certo
1535 675 1645 691 numero
1659 667 1763 699 integro
1778 671 1804 692 et
1819 670 1937 700 perfeeto
1955 669 2124 701 recipiendis.

576 745 663 777 Item
686 751 940 789 procuratores
961 744 1121 777 minores
1148 743 1368 788 generaliter
1396 754 1523 776 onmes
1551 749 1722 776 tenentur
1742 743 1779 776 in
1800 743 1979 790 principio
2001 745 2268 790 procurationis
2293 757 2358 779 sue

484 823 652 844 vasorum
685 818 719 843 et
748 810 1028 855 supellectilium
1059 822 1249 842 numerum
1280 809 1463 854 integrum
1494 809 1794 855 procuratoribus
1829 810 2112 856 precedentibus
2147 818 2183 845 et
2214 811 2359 846 famulis

485 878 648 922 recipere
669 883 705 910 et
724 877 759 909 in
781 877 927 921 scriptis
948 877 1116 921 redigere
1138 883 1173 909 et
1194 875 1262 909 sub
1284 876 1420 921 scripto
1442 883 1478 909 et
1497 888 1649 910 numero
1670 883 1770 910 certo
1790 877 1868 911 suis
1888 878 2172 912 succedentibus
2192 879 2357 920 tradere;

484 943 581 987 quod
603 944 633 976 si
655 943 772 988 aliqua
794 943 867 975 sint
886 944 995 976 fracta
1015 943 1073 976 vel
1094 943 1238 984 amissa,
1262 943 1365 987 prius
1387 942 1523 976 debent
1543 955 1583 976 ea
1604 955 1772 989 reparare
1793 951 1832 977 ut
1852 956 2027 978 numerus
2046 957 2215 978 vasorum
2237 952 2359 980 certus

484 1016 519 1042 et
539 1009 704 1054 integrus
726 1021 870 1054 semper
891 1009 1008 1054 possit
1028 1021 1228 1042 remanere.

805 1116 839 1138 De
856 1115 927 1138 vasis
943 1115 1145 1147 reintegrandis,
1163 1116 1321 1139 mundandis
1337 1125 1366 1139 ac
1382 1116 1560 1140 clariflcandis
1576 1117 1691 1140 finaliter
1705 1121 1844 1150 antequam
1861 1118 2032 1149 recipiantur.

572 1192 727 1236 Insuper
748 1191 866 1224 onmia
888 1203 971 1224 vasa
994 1203 1063 1236 que
1085 1191 1128 1224 ad
1150 1203 1309 1224 mensam
1338 1192 1551 1234 afferuntur,
1574 1192 1682 1234 clara,
1705 1193 1839 1226 munda
1863 1200 1899 1226 et
1918 1194 2059 1240 integra
2080 1194 2117 1227 in
2138 1194 2209 1227 fine
2229 1206 2360 1240 procu-

483 1258 634 1291 rationis
655 1270 719 1290 sue
742 1257 904 1290 reddant.

956 1339 991 1362 De
1007 1339 1109 1370 capella
1123 1342 1149 1362 et
1163 1339 1233 1367 aula,
1250 1339 1370 1370 pratellis
1386 1342 1412 1362 et
1427 1340 1534 1363 secretis
1551 1348 1565 1363 a
1580 1340 1699 1371 portario
1715 1341 1883 1364 mundandis.

573 1415 661 1446 Item
683 1413 727 1446 de
748 1413 897 1459 capella,
920 1414 1011 1455 aula,
1034 1414 1133 1447 curia
1153 1414 1375 1447 mundandis
1396 1422 1432 1448 et
1457 1415 1620 1460 pratellis
1640 1415 1817 1449 falcandis
1838 1416 2065 1462 temporibus
2086 1417 2233 1459 debitis,
2260 1423 2296 1450 et
2315 1417 2360 1451 de

482 1480 576 1513 circa
596 1480 664 1513 hoc
685 1480 934 1525 adjacentibus
956 1481 1150 1514 universis.

573 1548 661 1580 Item
692 1547 736 1579 de
766 1547 919 1592 mappis,
952 1548 1191 1593 manutergiis
1221 1548 1268 1581 ita
1298 1548 1523 1582 sufficienter
1552 1550 1767 1595 provideant
1796 1550 1894 1595 quod
1923 1562 2051 1596 mappe
2081 1550 2206 1584 saltem
2238 1550 2295 1583 bis
2322 1551 2359 1584 in

485 1614 684 1658 septimana
704 1620 740 1646 et
759 1620 814 1646 ter
834 1614 1060 1659 manutergia
1080 1615 1224 1660 possint
1243 1615 1315 1648 lota
1335 1615 1460 1648 haberi
1482 1623 1518 1649 et
1537 1616 1701 1650 honesta.

869 1721 904 1744 De
918 1721 1074 1745 necessariis
1091 1722 1209 1745 societati
1225 1723 1400 1753 procurandis
1416 1731 1431 1746 a
1445 1723 1537 1755 parvis
1552 1724 1771 1755 procuratoribus
1786 1724 1975 1755 proponendis.

573 1798 661 1829 Item
681 1803 872 1830 teneantur
898 1797 1012 1830 semel
1039 1798 1076 1830 in
1103 1810 1229 1831 mense
1255 1811 1461 1844 proponere
1488 1811 1557 1845 que
1579 1800 1690 1833 sociis
1712 1800 1907 1846 expedient
1927 1800 2163 1845 providenda,
2186 1806 2222 1834 et
2240 1800 2361 1834 habita

484 1862 753 1896 deliberacione
788 1875 806 1896 a
840 1864 968 1908 majori
1003 1871 1038 1897 et
1072 1864 1215 1897 meliori
1250 1872 1350 1910 parte
1386 1866 1570 1899 sociorum
1605 1867 1667 1912 qui
1702 1867 1739 1899 in
1773 1867 2065 1912 congregacione
2104 1867 2358 1910 remanserint,

483 1930 685 1962 secundum
707 1942 832 1963 eorum
854 1930 1161 1964 deliberacionem
1183 1931 1319 1965 debent
1339 1933 1553 1978 procedere,
1581 1939 1616 1966 et
1636 1933 1667 1966 si
1693 1932 1826 1966 nullam
1849 1933 2155 1966 deliberacionem
2176 1933 2362 1979 potuerint

483 1995 630 2038 hahere,
666 1996 925 2030 nichilominus
961 1997 1004 2030 de
1040 1999 1259 2031 necessariis
1295 1999 1459 2032 societati
1489 2000 1705 2045 provideant
1734 2000 1935 2033 secundum
1965 2000 2063 2045 quod
2092 1999 2277 2034 videbitur
2306 2001 2360 2034 eis

484 2062 667 2107 expedire.

1034 2109 1069 2132 De
1084 2109 1236 2140 provisione
1252 2110 1374 2133 vinorum
1389 2110 1422 2133 ad
1440 2111 1527 2134 minus
1543 2111 1655 2134 duorum
1670 2111 1810 2135 doliorum.

574 2184 662 2216 Item
684 2183 729 2216 de
749 2183 845 2216 vinis
872 2190 1006 2216 tantum
1029 2185 1245 2229 provideant
1269 2192 1307 2218 ut
1334 2185 1460 2218 saltem
1489 2186 1561 2219 duo
1590 2186 1685 2220 dolia
1707 2187 1813 2232 plena
1837 2187 1874 2220 in
1901 2187 1972 2220 fine
1999 2188 2272 2233 procuracionis
2293 2199 2359 2221 sue

485 2250 628 2295 pOSSlnl.
648 2262 847 2282 I'elssanel‘e.

1107 2295 1142 2319 De
1158 2296 1323 2319 taxatoribus
1339 2296 1402 2325 vini,
1419 2300 1444 2320 et
1458 2298 1535 2320 modo
1551 2297 1731 2329 appreeinndi.

574 2370 661 2401 Item
683 2369 765 2402 vina
787 2377 906 2415 empta
931 2382 996 2415 per
1022 2382 1060 2403 se
1087 2371 1189 2416 ipsos
1211 2384 1284 2404 non
1305 2372 1574 2417 appreeientur7
1604 2373 1669 2406 sed
1689 2386 1770 2406 cum
1793 2374 1910 2407 tribus
1930 2374 1988 2407 vel
2009 2381 2164 2420 quatuor
2184 2374 2295 2408 sociis
2314 2374 2359 2408 ad

485 2434 552 2467 hoc
573 2436 709 2468 vocatis
737 2443 771 2469 et
797 2436 843 2469 ita
871 2437 1013 2482 precise
1041 2438 1295 2483 apprecientur
1317 2439 1517 2472 secundum
1544 2440 1661 2473 sorum
1689 2453 1760 2486 quo
1787 2448 1904 2487 empta
1925 2441 2071 2482 fuerint,
2098 2447 2137 2474 ut
2157 2441 2358 2474 secundum

487 2502 583 2545 quod
605 2502 781 2547 possibile
804 2503 872 2536 erit
893 2504 1069 2549 equalitas
1090 2504 1318 2539 observetur.

832 2614 869 2637 De
885 2615 978 2638 rotulis
995 2616 1141 2639 clamandis
1156 2620 1181 2639 et
1197 2617 1330 2640 solvendis
1346 2617 1415 2641 insi-a
1430 2621 1550 2642 octavam
1568 2619 1608 2642 vel
1624 2627 1684 2642 cum
1698 2619 1808 2643 emenda
1822 2619 2015 2651 persolvendis.

577 2688 664 2719 Item
693 2688 832 2721 rotulos
859 2701 945 2722 suos
973 2690 1128 2724 clament
1152 2703 1217 2737 per
1243 2699 1401 2726 octavam
1430 2702 1531 2726 more
1558 2694 1679 2736 solito,
1709 2701 1744 2728 et
1767 2701 1931 2740 tempore
1956 2695 2117 2740 expirato
2145 2693 2357 2728 deficientes

488 2752 676 2785 nominent
696 2754 739 2785 ad
760 2755 946 2787 emendam
968 2756 1039 2789 nisi
1061 2769 1125 2801 pro
1148 2758 1201 2791 eis
1224 2758 1268 2791 de
1290 2760 1436 2804 propria
1457 2761 1631 2805 peccunia
1652 2761 1796 2795 solvere
1816 2761 2011 2795 voluerint.
2039 2761 2146 2804 Quod
2165 2761 2196 2794 si
2216 2772 2282 2806 pro
2304 2761 2357 2794 eis

488 2818 630 2851 solvere
650 2819 776 2860 velint,
805 2820 849 2852 de
877 2822 995 2855 rotulo
1023 2829 1104 2856 ante
1131 2830 1275 2869 tempus
1297 2826 1497 2871 expiratum
1523 2839 1587 2860 eos
1609 2827 1732 2861 delere
1753 2834 1963 2869 teneantur;
1992 2827 2091 2872 quod
2115 2827 2147 2860 si
2172 2839 2246 2860 non
2265 2828 2356 2861 fece-

488 2885 572 2926 rint,
591 2885 660 2930 ipsi
681 2885 738 2919 vel
758 2886 861 2919 alteri
882 2888 925 2920 ad
946 2889 1134 2922 emendam
1155 2891 1390 2925 tenebuntur.
1411 2894 1572 2927 Emenda
1593 2901 1767 2928 consueta
1788 2894 1825 2927 in
1846 2894 1955 2928 domo
1975 2894 2057 2927 talis
2077 2901 2145 2936 est⁷
2163 2894 2303 2928 scilicet
2322 2895 2355 2939 vj

487 2951 626 2984 denarii
648 2964 711 2997 pro
733 2952 875 2986 defectu
898 2954 1012 2998 prime
1033 2955 1105 2988 diei
1126 2963 1161 2989 et
1181 2969 1276 2991 unus
1298 2958 1469 2993 denarius
1491 2972 1556 3005 pro
1578 2961 1720 2994 defectu
1742 2960 1940 3006 cujuslibet
1959 2960 2031 2994 diei
2053 2961 2297 2995 succedentis.
