2580 3528
245 397 342 439 1282]
588 407 636 430 AB
669 407 776 430 suno
810 407 888 431 uec
919 408 1051 437 usqua
1086 409 1135 431 ,ta
1171 409 1400 432 PHILtPPUM
1435 410 1476 432 iv
1509 411 1599 433 aas.
1636 411 1774 434 rasse.
2051 403 2117 436 595

242 482 338 516 sicut
362 482 583 528 premittitur
609 482 835 528 sepedictum
864 483 1123 516 monasterium
1154 483 1240 516 dum
1270 483 1382 517 abbas
1411 485 1492 529 ejus
1519 484 1696 518 existeres
1723 487 1964 530 augmentasti
1993 486 2116 520 lauda-

242 548 365 583 biliter
383 549 422 582 in
445 549 650 595 premissis.
673 549 845 595 quodque
866 561 931 595 pro
952 549 1050 583 bono
1071 550 1254 584 dumtaxat
1274 550 1372 596 pacis
1393 557 1429 584 et
1448 551 1644 584 concordie
1669 563 1709 584 ac
1734 553 1936 586 reverentia
1963 554 2116 587 [niver-

241 615 359 651 sitatis
388 615 553 661 ejusdem
583 622 715 662 sponte
743 616 889 650 cessisti
917 617 1080 662 predicte
1111 617 1281 663 regimini
1310 617 1466 659 abbatie,
1494 624 1528 651 te
1553 618 1597 651 ad
1624 617 1693 651 hoc
1720 619 1988 664 quodammodo
2018 620 2116 665 inge-

242 682 371 725 rendo,
391 694 461 716 nos
485 682 597 729 digne
622 683 695 716 tuis
716 683 859 717 devotis
878 683 1043 718 inclinati
1063 683 1235 730 precibus
1256 684 1504 730 provisionem
1525 684 1676 718 eandem
1698 692 1734 718 et
1754 685 1928 731 quicquid
1952 698 2021 719 nos
2046 686 2116 732 ipsi

242 749 426 784 dumtaxat
443 750 539 783 circa
559 762 637 784 eam
658 756 822 796 tempore
843 750 939 784 dicte
959 750 1155 796 legationis
1176 757 1301 785 nostre
1322 751 1476 785 fecimus
1497 757 1533 785 et
1552 751 1589 784 in
1611 752 1802 797 premissis
1823 753 1960 786 nostris
1984 752 2116 786 litteris

241 817 463 859 continetur,
485 829 559 851 non
583 816 815 851 obstantibus
835 817 1129 863 quibuscumque
1149 817 1457 864 appellationibus
1476 818 1520 852 ab
1540 819 1665 852 eadem
1686 819 1897 864 provisione
1922 820 1967 853 ad
1991 820 2115 853 sedem

241 883 478 930 apostolicam
507 884 722 930 interjectiS,
753 891 789 918 et
817 883 989 918 omnibus
1017 884 1099 918 aliis
1130 884 1445 931 propositionibus
1471 897 1511 919 ac
1540 885 1824 931 allegationibus
1853 898 1918 932 per
1946 899 2119 932 procura-

243 957 358 985 torem
390 977 412 984 ..
447 950 589 985 abbatis
618 951 705 985 dicti
734 951 947 985 monasterii
976 963 1096 985 coram
1128 951 1236 986 nobis
1265 952 1369 986 factis
1399 964 1465 986 seu
1494 951 1688 998 quibusvis
1718 953 1910 987 contrariis
1944 955 2118 988 constitu-

242 1017 419 1061 tionibus,
436 1018 592 1060 statutis,
611 1030 676 1052 seu
696 1017 1028 1052 consuetudinibus
1039 1019 1262 1063 juramento,
1277 1018 1554 1053 confirmatione
1574 1019 1787 1065 apostolica,
1804 1031 1869 1054 scu
1890 1032 2117 1067 quacumque

242 1080 410 1114 firmitate
438 1080 582 1115 vallatis
609 1080 821 1114 auctoritate
847 1080 1047 1126 apostolica
1074 1093 1118 1114 ex
1143 1087 1240 1115 certa
1267 1082 1419 1115 scientia
1446 1081 1491 1115 de
1521 1088 1645 1116 nostre
1671 1082 1860 1128 potestatis
1890 1082 2118 1128 plenitudine

242 1147 500 1194 approbamus,
522 1153 596 1181 rata
620 1153 658 1181 et
680 1147 782 1181 firma
802 1146 979 1181 habemus
999 1154 1036 1181 et
1054 1147 1180 1181 haberi
1200 1148 1370 1182 volumus
1391 1155 1427 1182 et
1446 1148 1553 1182 etiam
1579 1148 1850 1191 confirmamus,
1871 1162 1910 1183 ac
1935 1151 2118 1196 presentis

242 1214 369 1260 scripti
389 1214 591 1260 patrocinio
611 1214 892 1248 communimus.
915 1215 1164 1248 Decernentes
1185 1214 1446 1249 nichilominus
1466 1215 1607 1249 irritum
1629 1221 1665 1249 et
1684 1215 1805 1258 inane,
1827 1217 1857 1249 si
1878 1228 1986 1251 secus
2007 1229 2120 1263 super

243 1281 435 1327 premissis
474 1280 532 1315 vel
570 1280 693 1326 aliquo
732 1280 996 1326 premissorum
1033 1281 1143 1314 fuerit
1175 1287 1436 1327 attemptatum.
1472 1283 1636 1315 Tenores
1674 1289 1792 1316 autem
1833 1289 1902 1316 tam
1942 1284 2116 1318 dictarum

242 1353 448 1382 nostrarum
469 1359 575 1393 quam
595 1347 714 1393 ipsius
729 1353 932 1381 conventus
952 1359 1174 1381 consensum
1195 1359 1307 1393 super
1326 1347 1395 1382 hoc
1416 1346 1615 1382 exhibitum
1634 1349 1897 1383 continentium
1917 1349 2117 1384 litterarum

242 1414 288 1448 de
310 1413 424 1448 verbo
445 1414 490 1448 ad
509 1413 661 1448 verbum
682 1413 918 1460 presentibus
937 1414 1091 1448 fecimus
1112 1414 1289 1456 annotari,
1313 1415 1375 1460 qui
1396 1414 1486 1448 tales
1512 1421 1609 1449 sunt.
1631 1416 1835 1462 Sequuntur
1854 1422 1928 1451 tres
1950 1417 2120 1463 epistolae

241 1481 400 1516 Simonis
422 1480 624 1516 cardinalis
647 1480 763 1526 legati
785 1486 821 1515 et
844 1492 913 1515 una
932 1481 1092 1515 Simonis
1107 1481 1257 1527 prioris
1282 1482 1320 1516 S.
1343 1482 1516 1516 Germani
1539 1493 1596 1516 an.
1628 1483 1725 1516 1278.
1753 1483 1813 1526 Cf.
1838 1494 1951 1528 supra
1976 1488 2014 1516 n⁰
2039 1485 2116 1518 484.

242 1547 340 1582 Nulli
378 1559 481 1594 erg0‚
520 1553 602 1591 etc.,
635 1554 760 1581 nostre
799 1547 1087 1594 approbationis,
1122 1547 1411 1582 confirmationis
1450 1554 1485 1582 et
1523 1549 1812 1591 constitutionis,
1851 1555 1914 1584 etc.
1954 1550 1990 1584 Si
2037 1550 2119 1596 quis

241 1621 375 1657 autem,
390 1619 455 1649 etc.
478 1615 556 1648 Dat.
579 1614 675 1660 apud
696 1613 831 1649 Urbem
848 1615 1019 1649 Veterem
1038 1615 1086 1660 xij
1109 1614 1179 1648 kal.
1200 1614 1402 1657 Februarii,
1423 1627 1519 1649 anno
1540 1615 1670 1661 primo.

335 1713 400 1745 neg.
415 1713 474 1738 Vct.
487 1712 594 1737 Martini
606 1712 640 1736 tv
655 1714 694 1743 (11⁰
706 1712 747 1743 4¹)
761 1720 804 1736 an.
820 1713 844 1741 1.
859 1720 902 1745 ep.
916 1714 956 1741 99,
973 1713 1018 1737 sol.
1035 1713 1091 1737 26⁵.
1107 1713 1137 1737 Ia
1150 1721 1192 1745 ep.
1210 1713 1255 1737 too
1269 1713 1411 1745 episcopus
1429 1713 1571 1737 Meldeusis
1586 1717 1612 1738 et
1626 1722 1697 1746 mag.
1713 1713 1772 1738 Gilo
1787 1714 1907 1739 notarius
1923 1718 2020 1747 apost,
2036 1716 2122 1740 archi-

241 1758 369 1782 diaconus
383 1758 416 1782 da
429 1757 540 1783 Pontivo
554 1757 581 1781 in
595 1757 688 1781 scetes.
705 1757 884 1787 Ambianenai,
899 1761 926 1782 ct
938 1757 1108 1790 praepositus
1123 1757 1188 1782 eccl.
1201 1759 1227 1783 S.
1238 1758 1382 1782 Audomari
1397 1758 1538 1782 Mori-aens.
1550 1758 1635 1783 dioec.
1650 1762 1679 1782 ut
1691 1763 1891 1783 conservatores
1903 1760 2069 1784 ordinantur.
2082 1762 2119 1785 Ad

241 1803 389 1829 Gar-adam
398 1802 431 1826 ds
445 1802 544 1826 moreto
554 1802 722 1834 capellanum
735 1810 832 1834 papae,
846 1802 979 1834 quondam
994 1802 1118 1826 abbatem
1133 1802 1159 1826 S.
1175 1802 1310 1831 Germani,
1325 1802 1455 1826 Martinus
1470 1802 1504 1826 lv
1518 1802 1597 1826 etiam
1612 1803 1658 1835 xiij
1674 1803 1725 1827 kal.
1738 1803 1820 1835 April.
1837 1812 1879 1827 an.
1893 1805 1904 1828 1
1916 1804 2011 1829 direxit
2025 1805 2121 1837 episto-

242 1847 296 1872 lam
310 1847 384 1880 (λος.
397 1847 456 1872 vn.
471 1846 578 1871 Martini
593 1846 627 1871 lv
641 1854 684 1870 aa.
700 1846 724 1876 1,
738 1854 782 1879 ep.
798 1847 862 1877 108),
879 1846 924 1871 ubi
938 1850 1076 1879 praeterea
1090 1846 1195 1871 litterae
1210 1847 1281 1870 circa
1294 1846 1366 1871 idem
1380 1847 1516 1879 negotium
1531 1847 1564 1871 ad
1577 1847 1727 1879 praedictos
1742 1851 1916 1872 exsecutores.

242 2031 354 2071 510.
376 2042 554 2079 Responsum
569 2041 669 2069 datum
684 2050 703 2068 a
717 2042 865 2078 magistris
881 2040 1044 2076 theologiae
1058 2041 1218 2068 Parisiens.
1236 2040 1277 2067 ad
1291 2040 1363 2068 duos
1379 2050 1466 2067 casus
1481 2042 1674 2068 conscientiae
1683 2043 1858 2079 propositos.

1338 2146 1416 2176 1282,
1430 2153 1521 2174 manu
1534 2146 1668 2174 Novembri
1678 2146 1698 2182 [
1698 2147 1806 2174 Parisiis
1805 2147 1832 2183 J.

331 2220 524 2255 Universis
547 2227 740 2268 presentes
764 2221 904 2255 litteras
924 2221 1146 2268 inspecturis
1168 2220 1224 2254 R.¹
1247 2220 1488 2255 miseracione
1514 2221 1636 2255 divina
1662 2222 1880 2256 Parisiensis
1907 2223 2115 2269 episcopus,

243 2287 417 2334 magister
435 2287 517 2322 Odo
537 2287 583 2322 de
603 2288 735 2322 Sancto
755 2288 964 2334 Dyonisio’,
986 2288 1185 2322 canonicus
1205 2287 1424 2321 Parisiensis
1445 2294 1481 2321 et
1501 2287 1662 2321 decanus
1690 2288 1896 2335 theologice
1923 2290 2115 2332 facultatis,

241 2355 352 2388 frater
377 2354 596 2400 Gregorius,
622 2353 723 2401 prior
749 2353 866 2389 Vallis
893 2353 1092 2388 Scolarium
1114 2353 1346 2395 Parisiens.⁸,
1375 2354 1485 2387 frater
1508 2353 1694 2388 Johannes
1724 2354 1768 2388 de
1788 2354 1935 2398 Alodio,
1966 2356 2118 2391 Ordinis

240 2421 390 2455 fratrum
434 2420 720 2462 Predicatorum,
759 2420 942 2467 quondam
981 2419 1222 2454 cancellarius
1265 2420 1519 2462 Parisiensis‘,
1568 2421 1742 2466 magister
1793 2421 2020 2457 Guillermus
2072 2423 2117 2457 de

242 2487 443 2530 Monciaco,
464 2488 663 2522 canonicus
687 2487 918 2528 Parisiensis,
941 2486 1115 2533 magister
1138 2488 1292 2529 P[ctrus]
1318 2486 1363 2520 de
1387 2486 1618 2532 JoingniacO,
1639 2487 1837 2522 canonicus
1862 2490 2115 2533 Parisionsis‘,

243 2554 416 2601 magister
435 2553 623 2597 Albertus,
645 2554 796 2589 Ordinis
815 2553 1084 2596 Cluniaccnsis,
1108 2554 1208 2600 prior
1227 2553 1273 2587 de
1294 2554 1418 2587 Monte
1444 2553 1641 2596 Desiderii,
1662 2555 1836 2601 magister
1860 2556 2116 2603 Adcnulphus,

242 2621 451 2668 prepositus
476 2621 596 2655 Sancti
620 2621 851 2663 Audomari‘,
874 2621 1048 2667 magister
1067 2619 1263 2654 Nicholaus
1285 2619 1330 2654 de
1350 2620 1576 2663 Pressorio',
1598 2620 1876 2657 archidiaconus
1901 2623 1937 2657 in
1963 2624 2117 2659 ecclesia

241 2689 447 2734 Bajocensi,
474 2689 584 2722 frater
612 2689 736 2735 Drogo
758 2687 1030 2729 Pruvinensis⁰,
1053 2687 1220 2722 minister
1246 2686 1482 2733 provincialis
1511 2687 1662 2722 Ordinis
1689 2689 1837 2723 fratrum
1868 2690 2050 2725 Minorum
2080 2692 2116 2725 in

241 2755 404 2797 Francia,
434 2755 544 2789 frater
575 2755 761 2790 Johannes
795 2755 840 2789 de
873 2755 1034 2797 Turno’,
1067 2754 1168 2802 prior
1201 2754 1349 2788 fratrum
1386 2753 1657 2789 predicatorum
1698 2755 1973 2799 Parisicnsium,
2009 2759 2118 2792 frater

238 2821 424 2857 Johannes
449 2822 494 2856 de
523 2823 653 2857 Sancto
674 2822 921 2865 Benedicto¹⁰,
944 2822 1095 2856 Ordinis
1115 2822 1265 2855 fratrum
1292 2820 1578 2863 I'redicatorum,
1604 2822 1714 2856 frater
1741 2823 1874 2868 Symon
1903 2824 1947 2858 de
1974 2825 2114 2865 Lansss,

239 2887 391 2924 Ordinis
418 2889 566 2923 fratrum
594 2890 791 2931 Minorum,
813 2889 987 2936 magister
1011 2888 1125 2923 Adam
1154 2888 1199 2922 de
1225 2887 1398 2934 Gulyn¹·‚
1418 2886 1698 2922 archidiaconus
1719 2889 1985 2932 Laudoncnsis,
2007 2891 2117 2926 frater

243 2955 348 3002 {lugo
381 2955 427 2989 de
462 2955 665 2999 Bilomio¹⁸,
692 2957 844 2991 Ordinis
876 2957 1026 2990 fratrum
1062 2955 1346 2996 Predicatorum‚
1369 2954 1479 2988 frater
1513 2954 1663 2989 Arlotus
1698 2955 1742 2989 de
1777 2957 1929 2998 Prato¹⁸‚
1966 2957 2116 2992 Ordinis
