2580 3528
253 413 351 455 1285]
594 423 640 446 ΑΒ
674 423 781 446 ANNo
815 423 893 447 mcc
927 423 1061 453 usqua
1097 425 1146 446 ΑΒ
1182 425 1412 448 ΡΗιιιΡΡυΜ
1449 427 1488 449 iv
1523 428 1614 451 asc.
1651 429 1788 452 ransc.
2063 423 2128 456 633

252 497 353 544 regia
373 497 538 542 negocia,
561 498 753 543 presertim
781 498 864 543 quia
892 510 932 532 se
958 498 1003 532 ad
1030 499 1099 532 iter
1119 499 1366 544 arripiendum
1389 511 1454 545 pro
1475 502 1630 546 negocio
1652 503 1756 548 regni
1776 504 1979 549 Ari-agonie
2001 518 2130 552 prepa-

252 562 386 605 rabat⁸,
407 563 510 597 nullo
531 563 640 598 nobis
659 575 725 610 per
745 576 827 598 eum
849 564 970 598 medio
991 571 1048 598 est
1067 564 1300 598 subventum.

344 661 480 693 Originale
499 669 552 685 non
571 661 719 693 sigillatum
740 661 766 685 in
781 662 859 686 Arch.
882 665 935 686 nat.
952 662 1036 686 Paris.
1052 662 1086 686 M.
1103 663 1160 691 67⁵,
1176 666 1206 686 n⁰
1225 663 1262 686 17.
1286 663 1354 688 Ibid.
1369 667 1474 687 exstant
1497 667 1610 696 quatuor
1634 665 1687 688 alia
1701 666 1863 697 exemplaria
1886 668 1992 691 omnino
2013 668 2130 700 ejusdem

249 705 358 735 tenoris,
369 713 482 738 quorum
492 710 523 729 11⁰
537 706 567 730 13
581 706 711 730 directum
725 709 766 730 est
781 715 792 730 ι(
808 706 931 732 venerab.
947 710 973 730 et
987 706 1101 730 discreto
1117 706 1174 730 viro
1189 710 1214 731 et
1224 707 1309 731 amico
1325 708 1467 732 karissimo
1480 709 1609 740 magistro
1620 709 1648 733 P.
1665 714 1832 734 sacrosancte
1848 711 1921 737 Rom.
1936 713 2045 736 ecclesie
2061 713 2130 737 vice-

249 749 416 779 eancellario,
443 758 535 774 canon.
551 750 636 774 Paris.
658 750 714 782 ejus
738 751 826 774 devoti
842 769 858 774 ..
879 751 1027 783 capitutum
1042 759 1065 781 n,
1080 755 1144 782 etc.‚·
1158 755 1187 775 n⁰
1202 752 1231 775 14
1247 761 1259 775 (ι
1281 760 1364 776 rever.
1381 753 1452 784 patri
1474 761 1504 776 ac
1526 753 1596 777 dom.
1619 753 1761 778 karissimo
1785 755 1855 779 dom.
1879 755 1909 780 G.
1927 756 1971 780 Dei
1988 757 2074 788 gratia
2089 757 2128 780 tit.

249 795 344 819 Sancte
359 795 583 827 Susannspresb.
599 795 672 819 card.
690 795 789 819 decano
804 798 895 819 nostro
916 795 973 828 ejus
996 796 1083 820 devoti
1107 814 1124 819 ..
1145 796 1292 828 capitulum
1307 805 1330 826 n,
1353 802 1414 828 etc.,·
1430 802 1461 821 n⁰
1480 798 1509 821 15
1527 806 1539 821 a
1560 806 1645 823 rever.
1663 799 1735 830 patri
1750 807 1780 822 ac
1795 800 1864 823 dom.
1885 800 1970 824 amico
1990 801 2130 825 karissimo

249 839 356 863 domino
375 839 406 864 B.
424 839 471 863 Dei
492 839 584 871 gracia
603 839 728 872 episcopo
750 840 890 864 portuensi
909 840 966 872 ojus
987 840 1075 865 devoti
1092 859 1108 864 ..
1125 841 1272 872 capitulum
1287 850 1310 870 u,
1325 846 1388 871 elc.,·
1402 846 1432 865 n⁰
1447 842 1477 866 16
1494 851 1507 866 <t
1522 851 1607 866 rever.
1627 843 1699 874 patri
1713 844 1820 867 domino
1840 847 1866 868 et
1885 845 1970 868 amico
1989 845 2130 869 karissimo

249 883 356 908 domino
371 884 399 908 A.
415 883 462 908 Dei
476 884 568 916 gracia
582 884 621 908 tit.
638 884 733 908 Sancte
754 884 880 908 Praxedis
894 884 984 916 presb.
1000 885 1072 908 eard.
1089 885 1236 916 capitulum
1252 893 1274 914 »,
1290 890 1339 910 ete.
1361 899 1389 904 —
1410 886 1646 910 Vicecancellarius
1669 887 1719 911 suit
1733 888 1861 919 magister
1875 889 1969 913 Petrus
1983 890 2016 913 de
2031 890 2130 913 Medio-

249 929 324 957 lano;
340 928 380 952 tit.
397 929 424 952 S.
437 929 574 952 Susannae
594 928 738 953 cardinalis
753 929 881 961 magister
895 929 1040 953 Gauri-idus
1055 929 1087 953 de
1105 929 1198 958 Bai-ro,
1214 930 1277 953 olim
1297 930 1447 961 eanonicus,
1469 934 1494 955 et
1513 931 1715 955 archidiaconus
1731 932 1826 956 deinde
1841 933 1956 957 decanus
1974 934 2069 963 Paris„
2085 934 2131 966 qui

250 972 278 996 in
287 973 337 996 hoc
349 973 535 998 Chartulart'o
547 974 697 1005 frequenter
706 973 834 1002 ocem-rin
848 973 989 1006 episcopus
1000 974 1153 998 Portuensis
1164 982 1226 998 vero
1242 974 1402 1003 Bon-nardus,
1414 978 1439 998 et
1453 975 1587 999 Ancherus
1602 976 1675 1000 card.
1691 977 1718 1000 S.
1731 977 1865 1000 Praxedis.
1882 978 1961 1002 Card.
1972 978 2130 1002 Benedictus

251 1017 369 1049 Cajetani
385 1017 436 1042 ruit
448 1020 541 1050 postea
555 1017 708 1042 Bonifscius
724 1026 795 1050 papa
809 1018 877 1042 vm.

346 1102 368 1126 1.
385 1102 425 1127 Cf.
441 1106 471 1126 n⁰
485 1102 539 1126 ⁵19.
558 1115 590 1120 —
609 1103 631 1126 2.
649 1103 736 1134 Supra
754 1106 784 1125 11⁰
803 1103 858 1126 427.
874 1115 906 1120 —
920 1103 943 1126 3.
959 1102 1093 1126 Johannes
1112 1102 1256 1126 cardinalis
1277 1106 1303 1127 et
1321 1103 1463 1135 episcopus
1483 1104 1661 1128 Belvncensis.
1679 1118 1711 1123 —
1733 1106 1756 1128 4.
1778 1105 1866 1129 Mense
1889 1106 1983 1130 Martio
2003 1114 2044 1130 an.
2069 1107 2129 1130 1285

251 1146 392 1179 Philippus
405 1147 442 1171 ΙΙΙ
457 1146 507 1171 iter
520 1146 666 1179 arripiebat
681 1155 774 1170 versus
788 1147 948 1171 Nun-bonam.
965 1146 1029 1172 Rec.
1043 1148 1091 1171 des
1103 1147 1175 1172 Hist.
1189 1149 1236 1172 des
1252 1147 1345 1175 Gaul,
1362 1148 1414 1176 ΧΧ,
1427 1148 1482 1172 528.
1496 1149 1535 1172 Cf.
1552 1149 1686 1181 Langiais,
1701 1150 1738 1174 Le
1752 1151 1840 1181 reque
1853 1151 1887 1175 de
1899 1151 2030 1182 Philippa
2042 1150 2095 1175 III
2106 1152 2130 1176 le

251 1191 354 1220 Bardi,
367 1200 395 1223 p.
412 1191 467 1216 1⁵4.

253 1317 365 1355 522.
388 1326 533 1353 Honorius
548 1327 593 1354 IV
600 1326 729 1361 Ranulfo
745 1326 879 1363 episcopo
893 1327 1057 1354 Parisiensi
1072 1327 1196 1363 injungit
1207 1327 1368 1364 provideat,
1387 1331 1417 1354 ut
1432 1328 1461 1354 in
1473 1329 1644 1364 praesentia
1660 1329 1776 1356 Nicolai
1791 1329 1962 1356 cancellarii
1979 1334 2007 1356 et
2022 1331 2130 1365 magis-

342 1379 450 1402 trorum
470 1376 567 1402 Paria.
590 1375 732 1411 Aegidius
754 1375 910 1411 Romanus,
940 1375 1007 1402 Ord.
1034 1376 1151 1403 Eremit.
1171 1377 1198 1402 S.
1221 1376 1385 1411 Augustini,
1409 1376 1478 1403 illas
1499 1378 1649 1413 opiniones
1670 1382 1786 1413 revocet,
1810 1387 1883 1414 quas
1905 1378 1982 1414 olim,
2006 1379 2132 1405 Parisiis

341 1424 494 1460 exsistens,
512 1433 644 1451 revocare
659 1423 766 1450 debuit.

1322 1474 1398 1504 1285,
1413 1474 1484 1500 Junii
1498 1475 1514 1503 1,
1530 1475 1625 1501 Romae
1640 1483 1680 1508 αρ.
1696 1475 1719 1501 S.
1735 1476 1844 1502 Petrum.
2104 1507 2106 1510 Α

341 1534 553 1569 Venerabili
572 1535 674 1568 fratri
693 1562 714 1568 ..
737 1535 911 1581 episcopo
932 1534 1143 1568 Parisiensi.
1162 1535 1263 1568 Licet
1283 1534 1439 1569 dilectus
1460 1535 1558 1569 filius
1579 1536 1689 1569 frater
1710 1537 1864 1582 Egidius
1882 1539 2065 1571 Romanus
2086 1538 2131 1571 de

252 1601 391 1636 Ordine
419 1602 569 1635 fratrum
599 1601 864 1635 Heremitarum
894 1601 1010 1635 sancti
1038 1601 1237 1646 Augustini
1268 1601 1354 1634 olim
1385 1601 1546 1636 Parisius
1576 1614 1707 1636 vacans
1737 1603 1859 1636 studio
1889 1603 2008 1649 aliqua
2038 1604 2134 1638 sicut

253 1667 543 1721 intellexerim-us
564 1667 696 1701 dixerit
715 1674 751 1701 et
770 1667 958 1714 redegerit
976 1667 1014 1701 in
1034 1667 1264 1713 scripturam,
1287 1679 1357 1713 que
1377 1667 1474 1701 bone
1494 1669 1669 1702 memorie
1691 1668 1895 1714 Stephanus
1916 1670 2133 1704 Parisiensis

253 1734 450 1780 episcopus
470 1734 714 1780 predecessor
733 1741 818 1768 tuus
838 1746 904 1780 per
924 1745 963 1767 se
984 1734 1104 1780 ipsum
1125 1733 1348 1775 examinans,
1371 1741 1407 1767 et
1426 1746 1492 1780 per
1511 1734 1766 1768 cancellarium
1789 1736 2031 1769 parisiensem
2053 1737 2133 1782 ejus

254 1801 430 1847 temporis
450 1812 490 1834 ac
510 1813 576 1847 per
595 1800 687 1834 alios
708 1800 915 1847 theologice
935 1800 1116 1834 facultatis
1137 1801 1333 1846 magistros
1354 1801 1550 1834 examinari
1575 1801 1725 1843 faciens,
1747 1802 1891 1835 censuit
1916 1803 2132 1844 revocanda,

254 1874 291 1902 et
309 1879 350 1901 ea
371 1867 519 1901 minime
537 1867 740 1910 revocant¹,
757 1867 846 1913 quin
867 1867 989 1913 potius
1009 1867 1119 1901 variis
1136 1866 1339 1900 rationibus
1360 1867 1464 1901 nisus
1484 1867 1595 1901 suerit
1613 1867 1829 1901 confirmare
1848 1880 1855 1901 :
1878 1880 1995 1914 nuper
2015 1875 2133 1902 tamen

253 1934 349 1980 apud
377 1933 501 1968 sedem
531 1933 767 1980 apostolicam
794 1934 1016 1967 constitutus
1042 1933 1230 1967 humiliter
1254 1932 1386 1967 obtulit
1410 1945 1450 1967 se
1478 1939 1639 1979 paratum
1665 1934 1867 1967 revocanda
1897 1947 1968 1980 que
1995 1935 2134 1969 dixerat

254 2001 332 2035 sive
353 2000 551 2046 scripserat
566 2012 738 2034 revocare
758 2012 824 2046 pro
845 2007 970 2034 nostre
991 1999 1141 2034 arbitrio
1158 1999 1367 2034 voluntatis.
1386 2001 1461 2033 Nos
1477 2011 1563 2033 vero
1580 1999 1790 2046 hujusmodi
1811 2002 1891 2046 ejus
1913 2001 2132 2035 oblationem

254 2066 429 2101 humilem
449 2073 679 2113 acceptantes
700 2073 736 2101 et
755 2067 843 2101 moti
864 2067 995 2113 spiritu
1011 2066 1279 2112 compassionis
1300 2066 1344 2100 ad
1365 2066 1499 2112 ipsum,
1518 2067 1600 2112 quia
1622 2066 1812 2101 decentius
1833 2074 1869 2101 et
1889 2067 2014 2101 utilius
2032 2080 2134 2114 repu-

255 2133 425 2176 tavimus,
449 2140 490 2167 ut
515 2134 694 2180 premissa
717 2133 768 2167 ibi
793 2133 999 2167 consultius
1025 2139 1257 2174 revocentur,
1284 2132 1347 2166 ubi
1373 2133 1467 2167 dicta
1492 2139 1528 2166 et
1553 2133 1687 2179 scripta
1715 2133 1922 2167 inconsulte
1950 2134 2134 2175 dicuntur,

256 2200 375 2246 ipsum
410 2199 455 2234 ad
488 2206 523 2234 te
557 2200 727 2234 duximus
760 2200 1032 2242 remittendum,
1063 2200 1277 2234 fraternitati
1312 2206 1372 2233 tue
1407 2211 1472 2245 per
1505 2199 1705 2245 apostolica
1739 2201 1871 2246 scripta
1907 2201 2132 2243 mandantes,

256 2266 428 2313 quatinus
452 2266 587 2300 dilecto
613 2266 689 2300 filio
716 2266 892 2313 magistro
917 2266 1066 2300 Nicolao
1092 2266 1304 2308 Parisiensi,
1326 2265 1557 2308 cancellario,
1584 2273 1620 2299 et
1644 2266 1815 2300 omnibus
1842 2266 1922 2300 aliis
1950 2267 2135 2313 magistris

257 2332 464 2379 theologice
484 2332 663 2367 facultatis
679 2332 841 2367 Parisius
860 2332 1184 2374 commorantibus,
1202 2339 1271 2366 tam
1292 2339 1372 2366 actu
1394 2332 1430 2365 in
1452 2332 1576 2365 eadem
1594 2332 1761 2366 facultate
1782 2332 2009 2379 regentibus,
2028 2345 2133 2379 quam

257 2399 364 2433 etiam
394 2411 467 2433 non
495 2398 723 2445 regentibus,
754 2398 798 2433 ad
826 2398 895 2433 hoc
925 2398 1133 2445 specialiter
1161 2399 1384 2440 convocatis,
1412 2398 1617 2444 procedens
1647 2398 1692 2432 de
1718 2398 1881 2444 ipsorum
1913 2399 2069 2433 consilio
2098 2400 2134 2433 in

258 2466 447 2512 predictis,
468 2465 566 2499 dicto
593 2466 701 2499 fratre
721 2477 841 2499 coram
868 2464 1039 2499 omnibus
1065 2465 1119 2499 eis
1144 2470 1349 2506 revocante,
1372 2476 1443 2510 que
1464 2464 1509 2498 de
1529 2464 1636 2498 dictis
1661 2471 1786 2499 contra
1812 2465 1930 2511 ipsum
1957 2478 2027 2499 una
2053 2478 2132 2500 cum

258 2532 385 2578 majori
405 2538 505 2578 parte
526 2532 781 2578 magistrorum
803 2531 1015 2565 eorumdem
1028 2530 1253 2577 judicaveris
1270 2530 1485 2572 revocanda,
1504 2537 1540 2564 et
1555 2530 1763 2576 specialiter
1783 2543 1853 2577 que
1870 2531 1989 2566 dictus
2010 2532 2135 2579 prede-

258 2610 386 2633 cessor
410 2605 494 2633 tuus
518 2598 701 2632 mandavit
721 2604 759 2632 ut
783 2597 985 2644 predicitur
1006 2597 1180 2639 revocari,
1203 2597 1296 2631 circa
1317 2596 1499 2631 licentiam
1521 2603 1557 2631 et
1577 2596 1844 2643 expeditionem
1871 2598 1988 2644 ipsius
2013 2605 2136 2632 aucto-

258 2665 362 2700 ritate
383 2672 507 2699 nostra
531 2664 737 2712 provideas,
759 2670 867 2711 prout
885 2664 1086 2698 secundum
1109 2665 1224 2698 Deum
1244 2663 1329 2697 fidei
1350 2662 1527 2697 catholice
1548 2675 1587 2696 ac
1609 2663 1827 2698 parisiensis
1853 2664 1965 2698 studii
1991 2664 2135 2699 utilitati

259 2731 304 2766 de
337 2744 522 2766 consensu
557 2732 705 2778 majoris
740 2731 852 2777 partis
885 2730 1142 2777 magistrorum
1177 2731 1339 2776 ipsorum
1374 2729 1511 2764 videris
1547 2730 1732 2776 expedire.
1769 2731 1847 2764 Dat.
1890 2733 2001 2765 Rome
2040 2732 2135 2777 apud

261 2798 429 2833 Sanctum
451 2799 597 2832 Petrum
618 2797 687 2832 kal.
709 2798 821 2840 Junii,
843 2809 938 2831 anno
959 2797 1088 2843 primo.

354 2896 417 2928 fleg.
434 2897 490 2921 Vnt.
504 2896 612 2920 Eoum-ii
628 2897 660 2920 tv
675 2904 717 2920 an.
735 2896 757 2925 1,
773 2904 815 2928 ep.
832 2897 870 2925 ³³,
886 2896 930 2920 sol.
946 2896 984 2920 12.
1001 2908 1025 2914 -
1043 2895 1168 2924 Bulaeus,
1185 2895 1230 2924 ΙΙΙ,
1246 2895 1300 2919 Ιι72.

336 3001 339 3003 .
355 2980 378 3004 1.
394 2980 442 3005 mc
456 2980 500 3004 vix
514 2980 612 3012 agitur,
627 2983 657 3004 nt
671 2981 828 3013 quandoque
837 2983 968 3005 assertum
982 2979 1122 3008 invenitur,
1138 2980 1170 3004 de
1184 2979 1344 3012 quibu-daun
1357 2986 1388 3003 ex
1400 2978 1447 3002 2¹⁹
1458 2976 1688 3011 propo-itionibuo
1701 2986 1716 3002 a
1730 2979 1864 3011 Stephano
1877 2978 2002 3010 opi-copo
2017 2986 2060 3002 nn.
2075 2978 2135 3002 1277

388 3024 484 3050 chan.
507 3025 587 3050 Univ-
605 3025 701 3050 Paris.
719 3025 740 3050 Ι.
1982 3023 2012 3046 80
