2618 3640
541 393 600 414 XVI
1119 393 1438 415 CHAR‘I'ULARIUM
1473 393 1664 415 UNIVERS.
1702 393 1831 416 PARlS.

640 467 904 503 Celeberrimae
929 471 1009 503 sunt
1033 480 1097 503 eae
1123 468 1266 504 scholae
1292 480 1379 516 quas
1402 468 1621 504 Abaelardus
1644 468 1693 504 ibi
1714 472 1840 505 contra
1859 468 2095 505 Guillelmum
2111 469 2154 505 de
2178 469 2426 517 Champeaux,

540 543 626 575 tunc
646 540 683 575 in
699 539 821 575 Insula
843 540 1048 581 docentem,
1069 539 1105 575 in
1126 540 1252 587 primis
1269 540 1455 576 decenniis
1477 551 1572 576 saec.
1602 541 1667 576 Xll
1684 539 1869 576 instituit⁴.
1899 541 2005 576 Illum
2028 552 2100 576 non
2122 541 2375 576 tantummodo
2390 541 2426 576 in

541 611 686 659 regione
716 612 752 646 S.
784 611 999 655 Genovet’ae,
1023 611 1086 647 sed
1116 612 1152 647 in
1181 611 1337 647 claustro
1361 612 1527 648 docuisse
1549 623 1614 647 nos
1638 617 1762 648 monet
1792 616 1919 648 auctor
1938 624 2140 660 anonymus
2169 612 2261 648 vitae
2283 612 2427 649 Gosvini

540 683 686 718 dicens:
718 697 733 715 «
750 684 788 718 ln
810 683 968 719 clanstro
993 684 1028 719 S.
1055 683 1257 719 Genovefae
1278 683 1402 720 schola
1427 683 1572 731 publica
1595 683 1778 719 utebatur²
1805 700 1838 719 ».
1865 685 1915 720 De
1937 684 2132 720 Abaelardi
2156 683 2323 729 historia,
2343 695 2426 720 cum

539 755 708 791 omnibns
726 759 811 790 nota
832 754 913 796 sit5,
944 767 989 790 ne
1012 755 1119 790 nimis
1145 766 1344 799 moremur,
1377 755 1517 791 duobus
1544 758 1684 791 tantum
1708 755 1947 792 instabimus:
1965 755 2095 804 primo,
2115 756 2214 803 quod
2240 756 2278 807 in
2304 760 2426 792 monte

539 827 575 862 S.
600 826 796 862 Genovefae
821 826 1042 862 Abaelardus
1064 826 1297 862 fundamenta
1313 826 1399 873 jecit
1415 826 1561 862 scholae
1585 838 1676 874 quae
1696 838 1759 874 per
1774 826 1908 874 aliquot
1932 827 2107 864 decennia
2123 827 2426 875 disputationibus

538 897 735 934 dialecticis
751 898 964 933 Artistarum
981 898 1059 945 ejus
1075 898 1247 945 temporis
1262 898 1365 933 loeus
1383 898 1539 934 famosus
1556 898 1744 942 remansit;
1762 898 1888 943 altero,
1908 899 2006 946 quod
2022 911 2230 946 quanquam
2247 898 2426 936 Abaclar-

537 969 604 1005 dus
623 970 730 1017 longe
750 973 830 1005 ante
856 970 1044 1006 formatam
1070 969 1342 1005 Universitatem
1365 970 1508 1005 Parisiis
1533 974 1568 1005 ct
1589 973 1687 1005 extra
1713 970 1864 1006 Parisios
1887 971 2022 1014 docuit,
2049 971 2201 1018 ejusque
2224 971 2370 1007 scholae
2387 971 2423 1007 in

537 1046 660 1077 monte
688 1042 763 1077 sine
793 1042 934 1077 vinculo
959 1053 1042 1077 cum
1070 1041 1204 1076 scholis
1234 1041 1475 1076 Universitatis
1505 1023 1666 1082 suerunt,
1696 1045 1818 1077 tamen
1849 1042 1927 1089 ejus
1957 1042 2048 1078 ratio
2081 1042 2136 1078 vel
2168 1043 2363 1079 methodus
2386 1043 2423 1078 in

536 1113 706 1149 docendis
735 1112 906 1156 scientiis,
931 1112 1142 1160 praesertim
1168 1112 1315 1159 quidem
1342 1112 1377 1147 in
1406 1113 1624 1160 Theologiae
1650 1112 1864 1164 Artiumque
1887 1113 2100 1161 discipliniS,
2125 1113 2220 1161 apud
2243 1113 2424 1150 Universi-

535 1189 642 1220 tatem
663 1185 763 1232 quasi
782 1184 966 1231 exemplar
982 1183 1147 1231 perstitit,
1166 1184 1216 1219 uti
1235 1183 1326 1219 infra
1339 1183 1615 1231 explicabimus.

632 1257 735 1291 Certe
757 1267 868 1303 nsque
888 1255 932 1291 ad
955 1267 1091 1291 annum
1117 1258 1208 1291 1147
1231 1255 1286 1291 vel
1309 1258 1402 1291 1148
1425 1256 1461 1291 in
1487 1259 1609 1292 monte
1633 1256 1779 1292 scholae
1806 1256 2021 1292 Artistarutn
2044 1256 2220 1305 vigebant.
2246 1256 2300 1293 Ad
2322 1257 2422 1294 illam

532 1331 682 1363 aetatem
710 1329 892 1375 pertinent
917 1331 1022 1364 notae
1050 1327 1243 1363 relationes
1266 1327 1443 1364 Iohannis
1469 1327 1787 1365 Saresherfflnsis&
1815 1328 1933 1365 Aliam
1963 1329 2125 1365 scholam
2152 1328 2189 1364 in
2217 1333 2355 1374 monte,
2384 1329 2420 1366 id

531 1404 581 1435 est
602 1400 696 1447 apud
718 1401 754 1435 S.
776 1399 963 1444 Hilarium,
982 1403 1169 1447 aperuerat
1187 1399 1364 1435 Ernaldus
1377 1400 1421 1435 (le
1436 1399 1614 1436 Breseia5.

632 1474 736 1507 Anno
761 1474 990 1514 1147-1148,
1016 1471 1175 1518 Eugenio
1192 1472 1239 1506 111
1258 1475 1416 1515 auctore,
1438 1471 1473 1506 in
1496 1472 1717 1508 monasterio
1742 1473 1778 1508 S.
1798 1472 1997 1509 Genovesae
2013 1472 2219 1509 reformatio
2242 1472 2335 1509 sacta
2350 1476 2416 1509 est.

531 1544 702 1580 Canouici
734 1543 936 1579 saeculares
968 1543 1152 1579 canonicis
1182 1543 1408 1590 regularibus
1434 1545 1469 1579 S.
1497 1544 1650 1580 Victoris
1676 1544 1797 1580 locum
1818 1543 1903 1580 dare
1933 1544 2047 1580 coacti
2073 1546 2196 1580 sunts’.
2231 1544 2297 1581 lllo
2321 1547 2420 1581 tem-

530 1627 617 1664 pore
650 1615 850 1651 claustralis
884 1615 1007 1652 schola
1034 1615 1069 1650 in
1101 1616 1318 1651 monasterio
1347 1616 1382 1651 S.
1417 1615 1633 1659 Genovesae,
1668 1619 1704 1651 ut
1740 1619 1774 1651 et
1805 1617 1841 1652 S.
1870 1616 2044 1660 Victoris,
2079 1615 2241 1661 florebat,
2273 1616 2311 1652 in
2347 1628 2418 1664 qua

529 1688 725 1735 Theologia
763 1687 1000 1731 tractabatur,
1045 1692 1214 1735 certaque
1249 1687 1434 1724 nobilitate
1469 1687 1656 1723 fruebatur
1687 1699 1769 1723 cum
1803 1687 1848 1723 ad
1885 1699 1964 1724 eam
2000 1687 2044 1724 ab
2081 1688 2210 1736 Anglia
2238 1689 2417 1737 Daciaque

525 1760 671 1807 juvenes
700 1759 961 1795 1nitterentur⁷.
994 1759 1061 1796 Sed
1090 1760 1134 1795 de
1162 1759 1297 1795 scholis
1326 1759 1542 1794 Artistarum
1567 1763 1672 1795 antea
1701 1759 1850 1796 famosis
1879 1771 1977 1796 nunc
2005 1759 2201 1796 maximum
2232 1760 2414 1797 silentium

473 1856 476 1858 -
529 1835 581 1867 est
602 1844 715 1879 nsque
738 1831 783 1867 ad
799 1832 996 1867 secundum
1014 1832 1235 1867 decennium
1254 1831 1387 1867 saeculi
1408 1832 1504 1867 Xlll.

628 1903 772 1939 Nullum
790 1915 809 1939 e
824 1903 1005 1951 magistris
1026 1903 1164 1938 Artium
1189 1907 1283 1947 (nam
1301 1904 1345 1939 de
1368 1903 1409 1938 iis
1432 1906 1573 1939 tantum
1596 1903 1828 1951 quaerimus),
1853 1915 2008 1951 quorum
2029 1907 2108 1951 post
2131 1903 2236 1939 istam
2259 1906 2416 1952 tempes-

527 1978 636 2010 tatem
664 1974 828 2010 notitiam
849 1974 1037 2017 habemus,
1067 1975 1102 2010 iu
1126 1978 1249 2010 monte
1278 1975 1447 2011 docuisse
1472 1974 1688 2019 invenimus,
1722 1975 1810 2023 quin
1840 1975 1950 2011 etiam
1979 1986 2084 2022 saepe
2108 1974 2264 2010 traditur
2290 1986 2352 2012 eos
2376 1975 2412 2011 in

525 2046 663 2082 civitate
684 2047 875 2082 Parisiensi
897 2058 957 2082 seu
984 2047 1019 2081 in
1047 2046 1169 2082 Insula
1194 2046 1438 2094 magisterium
1459 2046 1671 2083 exercuisse.
1700 2046 1757 2083 Sic
1776 2045 1835 2082 alii
1854 2058 1962 2094 supra
1986 2047 2138 2082 Parvum
2166 2047 2325 2091 Pontem,
2350 2047 2412 2094 qui

525 2118 773 2166 Parvipontani
787 2117 1122 2165 mmcnpabautuffl,
1138 2130 1179 2153 ex
1196 2118 1327 2166 quibus
1341 2118 1551 2154 notissimus
1566 2117 1701 2154 Adam⁹
1715 2122 1749 2154 et
1767 2117 1951 2162 Ethion⁴⁰,
1972 2117 2219 2162 morabantur,
2238 2118 2296 2154 alii
2308 2117 2408 2163 alibi,

617 2317 639 2342 1.
656 2328 669 2340 α
684 2318 762 2342 Extra
777 2318 908 2342 civitatem
928 2317 955 2342 in
970 2320 1058 2342 monte
1072 2319 1098 2342 S.
1112 2318 1256 2343 Genovefae
1276 2318 1425 2343 scholarum
1446 2320 1595 2343 nostrarum
1619 2319 1706 2342 castra
1726 2317 1809 2350 posui.
1823 2328 1836 2340 n
1852 2318 1925 2343 Hist.
1942 2318 2149 2347 calamitatum,
2164 2325 2222 2350 opp.
2239 2317 2280 2342 ed.
2296 2318 2410 2348 Cousm,

521 2363 542 2390 1,
558 2371 583 2395 p.
598 2363 621 2386 6.

614 2407 639 2430 2.
657 2408 773 2432 Ieecueil
784 2408 830 2431 cles
845 2408 918 2431 Ilist.
933 2409 979 2432 des
996 2408 1110 2436 Gaulos,
1126 2407 1198 2435 XIV,
1215 2416 1241 2440 p.
1254 2407 1309 2431 442.

613 2453 638 2476 3.
656 2453 694 2476 Cf.
710 2453 857 2482 Rexit-sn,
874 2453 1005 2478 Abe'lard.
1023 2452 1107 2482 Paris,
1123 2452 1192 2482 1815,
1205 2453 1220 2477 2
1236 2453 1300 2483 vot.;
1314 2466 1346 2470 —-
1360 2452 1497 2483 Daurscn,
1512 2453 1598 2477 Peter
1609 2452 1750 2477 Abdlard.
1774 2452 1888 2484 Leipzig,
1906 2452 1976 2476 1883.

615 2497 638 2521 Δ1.
656 2497 851 2527 Μειαῑοῃίεαε,
867 2496 912 2521 lib.
926 2497 959 2526 ΙΙ,
973 2506 994 2521 c.
1016 2497 1045 2521 10
1060 2497 1109 2528 (ed.
1123 2497 1219 2526 szs,
1234 2505 1259 2529 p.
1273 2497 1323 2527 78).

613 2542 636 2566 5.
655 2541 778 2565 Jonast.
795 2542 1035 2566 Sannsnenmxffls
1057 2542 1083 2566 in
1097 2542 1171 2567 Hist.
1185 2542 1344 2575 pontificali
1359 2542 1449 2574 (Mon.
1467 2543 1600 2567 German.
1619 2541 1677 2571 XX,
1693 2542 1749 2571 537)
1766 2550 1772 2566 :
1791 2552 1804 2564 α
1822 2542 1942 2567 Parisius
1955 2549 2060 2566 manens
2080 2541 2107 2566 in
2122 2542 2209 2566 monte
2222 2541 2248 2566 S.
2261 2541 2408 2566 Genoverae

519 2586 621 2610 divinas
632 2586 733 2610 litteras
749 2586 890 2610 scolaribus
904 2586 1047 2619 exponebat
1059 2587 1127 2619 apud
1144 2588 1170 2610 S.
1184 2586 1321 2611 Hilarium.
1336 2587 1379 2611 ubi
1390 2588 1443 2620 jam
1458 2587 1545 2611 dictus
1561 2587 1655 2611 Petrus
1674 2586 1854 2617 (Abaelardus)
1871 2587 2021 2619 hospitatus
2034 2586 2128 2611 tuerat.
2146 2586 2195 2610 Sed
2210 2585 2345 2610 auditores
2356 2593 2407 2610 non

519 2630 612 2654 habuit
631 2630 682 2654 nisi
702 2638 825 2662 pauperes
838 2633 864 2655 et
883 2631 927 2663 qui
939 2631 1055 2655 ostiatim
1070 2631 1224 2656 elemosinas
1238 2631 1339 2664 publice
1354 2631 1544 2656 mendicabant.
1563 2642 1576 2653 ι)
1596 2630 1707 2656 Ecclesia
1723 2631 1750 2656 S.
1763 2631 1856 2656 Hilarii
1869 2639 1919 2656 non
1936 2639 1967 2656 ex
1979 2630 2083 2656 abbatia
2101 2631 2128 2655 S.
2143 2629 2296 2660 Genovefae,
2312 2629 2356 2655 sed
2377 2638 2407 2655 ex

518 2674 622 2699 abbatia
635 2676 661 2699 S.
677 2675 789 2699 Marcelli
801 2674 971 2707 dependebat.

612 2719 636 2743 6.
655 2719 693 2743 Cf.
710 2719 814 2747 FERET.
831 2720 975 2750 L'Abbaye
988 2722 1021 2744 de
1035 2720 1310 2750 Sainte-Genevieve‚
1323 2721 1406 2750 Paris,
1425 2722 1494 2750 1883,
1510 2721 1531 2751 1.
1547 2729 1572 2754 p.
1590 2721 1634 2746 101
1650 2729 1707 2753 sqq.

613 2763 636 2787 7.
655 2763 771 2788 Celebris
787 2763 857 2788 iltius
876 2763 975 2788 scholae
999 2764 1129 2796 professor
1150 2767 1192 2789 est
1215 2765 1373 2790 Guitlelmus
1387 2765 1419 2790 de
1441 2766 1528 2790 Monte
1542 2773 1588 2790 seu
1605 2765 1811 2794 Leicestriensis.
1826 2764 1871 2797 qui
1886 2764 1949 2789 olim
1973 2763 2044 2796 prior
2063 2762 2114 2788 fuit.
2132 2763 2159 2788 S.
2171 2763 2315 2787 Genovefae
2329 2763 2405 2793 (Via.

520 2808 654 2837 Wmum,
670 2808 824 2838 Bioyrctph.
846 2809 918 2834 Brit.
939 2809 1004 2838 Lit.‚
1024 2809 1057 2839 11,
1080 2817 1106 2842 p.
1126 2810 1191 2841 463),
1212 2811 1300 2842 postea
1319 2810 1496 2834 cancellarius
1514 2809 1705 2834 Lincolniensis
1721 2811 1748 2834 et
1767 2809 1895 2841 magister
1912 2808 2012 2833 Giraldi
2031 2807 2198 2832 Cambrensis
2211 2807 2285 2838 (Via.
2304 2807 2405 2832 Giraldi

519 2859 592 2883 opp..
608 2852 649 2876 ed.
662 2852 798 2881 Bnnwnu,
813 2853 833 2882 I,
848 2861 872 2885 p.
888 2853 928 2877 93.
945 2853 983 2877 Cf.
999 2854 1078 2878 etiam
1092 2854 1166 2878 Alex.
1180 2854 1293 2879 Neckam
1307 2861 1380 2886 opp„
1395 2854 1436 2879 ed.
1453 2855 1586 2885 VVmuuT,
1600 2863 1625 2887 p.
1641 2854 1708 2886 460).

612 2896 637 2921 8.
655 2896 695 2920 Cf.
711 2898 896 2921 Gonni-annus
909 2904 943 2921 m:
958 2898 984 2921 S.
1000 2898 1134 2929 VlcToRE,
1151 2900 1225 2924 Fons
1233 2899 1439 2930 philosophiae,
1455 2899 1495 2923 ed.
1510 2900 1641 2929 omnm,
1658 2899 1735 2928 Caen,
1751 2898 1821 2928 1868,
1837 2906 1864 2931 p.
1878 2898 1918 2924 47.

611 2942 636 2965 9.
653 2941 691 2966 Cf.
707 2941 738 2965 de
753 2941 809 2974 ipso
821 2942 960 2966 Hartman
976 2942 1003 2967 in
1019 2943 1168 2968 Memoires
1180 2945 1214 2968 de
1225 2943 1368 2969 I'Institut
1382 2943 1517 2969 national
1531 2945 1564 2968 de
1579 2945 1699 2973 France,
1714 2943 1837 2973 xxvm,
1852 2942 1878 2972 2,
1891 2950 1916 2975 p.
1932 2942 1980 2967 228
1994 2950 2051 2974 sqq.

614 2986 651 3010 10.
671 2986 709 3010 Cf.
727 2987 900 3010 Amxaxnna
913 2987 1041 3016 Nasum,
1057 2989 1096 3011 De
1113 2989 1228 3013 naturis
1242 2995 1351 3018 rerum,
1367 2988 1407 3013 ed.
1424 2988 1559 3019 Wmowr,
1577 2996 1602 3020 p.
1617 2988 1673 3014 307.
