<?xml version="1.0" encoding="UTF-8"?>
<!DOCTYPE html PUBLIC "-//W3C//DTD XHTML 1.0 Transitional//EN"
    "http://www.w3.org/TR/xhtml1/DTD/xhtml1-transitional.dtd">
<html xmlns="http://www.w3.org/1999/xhtml" xml:lang="en" lang="en">
 <head>
  <title>
</title>
<meta http-equiv="Content-Type" content="text/html;charset=utf-8" />
  <meta name='ocr-system' content='tesseract 3.04.00' />
  <meta name='ocr-capabilities' content='ocr_page ocr_carea ocr_par ocr_line ocrx_word'/>
</head>
<body>
  <div class='ocr_page' id='page_1' title='image "./chartulariumuniv01univuoft_0254.png"; bbox 0 0 2580 3528; ppageno 0'>
   <div class='ocr_carea' id='block_1_1' title="bbox 453 374 2333 415">
    <p class='ocr_par' dir='ltr' id='par_1_1' title="bbox 453 374 2333 415">
     <span class='ocr_line' id='line_1_1' title="bbox 453 374 2333 415; baseline 0.001 -9"><span class='ocrx_word' id='word_1_1' title='bbox 453 374 519 407; x_wconf 89' lang='lat'>212</span> <span class='ocrx_word' id='word_1_2' title='bbox 846 403 848 405; x_wconf 95' lang='lat'>.</span> <span class='ocrx_word' id='word_1_3' title='bbox 984 402 986 406; x_wconf 94' lang='lat'>.</span> <span class='ocrx_word' id='word_1_4' title='bbox 1037 383 1580 408; x_wconf 67' lang='lat' dir='ltr'><strong>CHARTULAR1UM.UN¹VERS.</strong></span> <span class='ocrx_word' id='word_1_5' title='bbox 1618 384 1746 406; x_wconf 70' lang='lat' dir='ltr'>mnis.</span> <span class='ocrx_word' id='word_1_6' title='bbox 1952 389 1973 406; x_wconf 88' lang='lat'>·.</span> <span class='ocrx_word' id='word_1_7' title='bbox 2225 375 2333 415; x_wconf 68' lang='lat'>[1248</span> 
     </span>
    </p>
   </div>
   <div class='ocr_carea' id='block_1_2' title="bbox 459 499 2331 599">
    <p class='ocr_par' dir='ltr' id='par_1_2' title="bbox 459 499 2331 599">
     <span class='ocr_line' id='line_1_2' title="bbox 459 499 2331 547; baseline 0.001 -11"><span class='ocrx_word' id='word_1_8' title='bbox 459 499 567 537; x_wconf 80' lang='grc'>180.</span> <span class='ocrx_word' id='word_1_9' title='bbox 591 509 774 535; x_wconf 75' lang='lat' dir='ltr'><em>Innocentius</em></span> <span class='ocrx_word' id='word_1_10' title='bbox 790 511 835 536; x_wconf 86' lang='lat' dir='ltr'>IV</span> <span class='ocrx_word' id='word_1_11' title='bbox 847 509 961 536; x_wconf 76' lang='lat' dir='ltr'>Galtero</span> <span class='ocrx_word' id='word_1_12' title='bbox 977 509 1153 535; x_wconf 82' lang='lat' dir='ltr'>cancellario</span> <span class='ocrx_word' id='word_1_13' title='bbox 1168 509 1331 535; x_wconf 80' lang='lat' dir='ltr'>Parisiensi</span> <span class='ocrx_word' id='word_1_14' title='bbox 1350 509 1459 544; x_wconf 78' lang='lat' dir='ltr'>scribit,</span> <span class='ocrx_word' id='word_1_15' title='bbox 1478 512 1509 535; x_wconf 80' lang='lat' dir='ltr'>ut</span> <span class='ocrx_word' id='word_1_16' title='bbox 1528 509 1625 535; x_wconf 81' lang='lat' dir='ltr'>decem</span> <span class='ocrx_word' id='word_1_17' title='bbox 1644 509 1826 536; x_wconf 76' lang='lat' dir='ltr'>scholaribus</span> <span class='ocrx_word' id='word_1_18' title='bbox 1850 511 1908 536; x_wconf 72' lang='lat' dir='ltr'>tom</span> <span class='ocrx_word' id='word_1_19' title='bbox 1924 510 1960 545; x_wconf 21' lang='lat' dir='ltr'>*in</span> <span class='ocrx_word' id='word_1_20' title='bbox 1976 509 2099 536; x_wconf 83' lang='lat' dir='ltr'>arabica</span> <span class='ocrx_word' id='word_1_21' title='bbox 2115 519 2202 547; x_wconf 86' lang='lat' dir='ltr'>quam</span> <span class='ocrx_word' id='word_1_22' title='bbox 2218 511 2246 536; x_wconf 85' lang='lat' dir='ltr'>in</span> <span class='ocrx_word' id='word_1_23' title='bbox 2262 510 2331 537; x_wconf 78' lang='lat' dir='ltr'>aliis</span> 
     </span>
     <span class='ocr_line' id='line_1_3' title="bbox 543 555 2217 599; baseline 0.001 -15"><span class='ocrx_word' id='word_1_24' title='bbox 543 557 650 593; x_wconf 79' lang='lat' dir='ltr'>linguis</span> <span class='ocrx_word' id='word_1_25' title='bbox 666 558 850 584; x_wconf 80' lang='lat' dir='ltr'>orientalium</span> <span class='ocrx_word' id='word_1_26' title='bbox 867 559 996 595; x_wconf 79' lang='lat' dir='ltr'>partium</span> <span class='ocrx_word' id='word_1_27' title='bbox 1009 558 1114 595; x_wconf 83' lang='lat' dir='ltr'>peritis</span> <span class='ocrx_word' id='word_1_28' title='bbox 1129 562 1157 584; x_wconf 82' lang='lat' dir='ltr'>et</span> <span class='ocrx_word' id='word_1_29' title='bbox 1171 559 1298 584; x_wconf 79' lang='lat' dir='ltr'>Parisiis</span> <span class='ocrx_word' id='word_1_30' title='bbox 1313 555 1343 584; x_wconf 74' lang='lat' dir='ltr'>in</span> <span class='ocrx_word' id='word_1_31' title='bbox 1359 557 1520 593; x_wconf 75' lang='lat' dir='ltr'>theologica</span> <span class='ocrx_word' id='word_1_32' title='bbox 1534 558 1679 592; x_wconf 77' lang='lat' dir='ltr'><em>facultate</em></span> <span class='ocrx_word' id='word_1_33' title='bbox 1694 558 1878 585; x_wconf 73' lang='lat' dir='ltr'><em>studentibus</em></span> <span class='ocrx_word' id='word_1_34' title='bbox 1889 558 2051 595; x_wconf 75' lang='lat' dir='ltr'>provideat.</span> <span class='ocrx_word' id='word_1_35' title='bbox 2082 597 2084 599; x_wconf 29' lang='grc' dir='ltr'>Ι</span> <span class='ocrx_word' id='word_1_36' title='bbox 2214 557 2217 560; x_wconf 80' lang='grc'><strong>’</strong></span> 
     </span>
    </p>
   </div>
   <div class='ocr_carea' id='block_1_3' title="bbox 1568 647 2137 683">
    <p class='ocr_par' dir='ltr' id='par_1_3' title="bbox 1568 647 2137 683">
     <span class='ocr_line' id='line_1_4' title="bbox 1568 647 2137 683; baseline 0.004 -10"><span class='ocrx_word' id='word_1_37' title='bbox 1568 647 1632 674; x_wconf 71' lang='lat' dir='ltr'>Ante</span> <span class='ocrx_word' id='word_1_38' title='bbox 1649 648 1728 677; x_wconf 74' lang='lat'>1248,</span> <span class='ocrx_word' id='word_1_39' title='bbox 1747 648 1819 674; x_wconf 70' lang='lat' dir='ltr'>danii</span> <span class='ocrx_word' id='word_1_40' title='bbox 1828 649 1875 678; x_wconf 84' lang='grc'>22,</span> <span class='ocrx_word' id='word_1_41' title='bbox 1889 647 2044 683; x_wconf 63' lang='lat' dir='ltr'>[Lugduni]</span> <span class='ocrx_word' id='word_1_42' title='bbox 2082 665 2085 667; x_wconf 89' lang='lat'>-</span> <span class='ocrx_word' id='word_1_43' title='bbox 2134 676 2137 678; x_wconf 80' lang='grc'>,</span> 
     </span>
    </p>
   </div>
   <div class='ocr_carea' id='block_1_4' title="bbox 444 721 2330 1298">
    <p class='ocr_par' dir='ltr' id='par_1_4' title="bbox 447 721 2330 1168">
     <span class='ocr_line' id='line_1_5' title="bbox 541 721 2330 769; baseline 0.001 -13"><span class='ocrx_word' id='word_1_44' title='bbox 541 722 767 756; x_wconf 77' lang='lat' dir='ltr'>cancellario</span> <span class='ocrx_word' id='word_1_45' title='bbox 789 722 1028 766; x_wconf 79' lang='lat' dir='ltr'>[Parisiensi].</span> <span class='ocrx_word' id='word_1_46' title='bbox 1051 723 1142 765; x_wconf 84' lang='lat' dir='ltr'>Quia</span> <span class='ocrx_word' id='word_1_47' title='bbox 1164 722 1266 755; x_wconf 90' lang='lat' dir='ltr'>cordi</span> <span class='ocrx_word' id='word_1_48' title='bbox 1287 721 1394 755; x_wconf 86' lang='lat' dir='ltr'>nobis</span> <span class='ocrx_word' id='word_1_49' title='bbox 1416 728 1472 755; x_wconf 87' lang='lat' dir='ltr'>est</span> <span class='ocrx_word' id='word_1_50' title='bbox 1490 721 1550 754; x_wconf 84' lang='lat' dir='ltr'>illa</span> <span class='ocrx_word' id='word_1_51' title='bbox 1572 721 1693 755; x_wconf 86' lang='lat' dir='ltr'>debita</span> <span class='ocrx_word' id='word_1_52' title='bbox 1713 722 1947 756; x_wconf 80' lang='lat' dir='ltr'><strong>meditatione</strong></span> <span class='ocrx_word' id='word_1_53' title='bbox 1967 723 2158 768; x_wconf 81' lang='lat' dir='ltr'>perficere,</span> <span class='ocrx_word' id='word_1_54' title='bbox 2173 732 2240 769; x_wconf 83' lang='lat' dir='ltr'>per</span> <span class='ocrx_word' id='word_1_55' title='bbox 2259 735 2330 769; x_wconf 85' lang='lat' dir='ltr'>que</span> 
     </span>
     <span class='ocr_line' id='line_1_6' title="bbox 451 788 2330 834; baseline 0.001 -12"><span class='ocrx_word' id='word_1_56' title='bbox 451 789 551 822; x_wconf 86' lang='lat' dir='ltr'>salus</span> <span class='ocrx_word' id='word_1_57' title='bbox 579 789 777 822; x_wconf 89' lang='lat' dir='ltr'>animarum</span> <span class='ocrx_word' id='word_1_58' title='bbox 809 789 999 834; x_wconf 86' lang='lat' dir='ltr'>proveniat</span> <span class='ocrx_word' id='word_1_59' title='bbox 1027 796 1063 822; x_wconf 86' lang='lat' dir='ltr'>et</span> <span class='ocrx_word' id='word_1_60' title='bbox 1092 788 1176 821; x_wconf 87' lang='lat' dir='ltr'>fidei</span> <span class='ocrx_word' id='word_1_61' title='bbox 1205 788 1401 821; x_wconf 82' lang='lat' dir='ltr'>christiane</span> <span class='ocrx_word' id='word_1_62' title='bbox 1432 788 1564 833; x_wconf 90' lang='lat' dir='ltr'>religio</span> <span class='ocrx_word' id='word_1_63' title='bbox 1592 788 1741 822; x_wconf 88' lang='lat' dir='ltr'>dilatato</span> <span class='ocrx_word' id='word_1_64' title='bbox 1771 789 1919 822; x_wconf 88' lang='lat' dir='ltr'>tentorii</span> <span class='ocrx_word' id='word_1_65' title='bbox 1949 789 2006 823; x_wconf 88' lang='lat' dir='ltr'>sui</span> <span class='ocrx_word' id='word_1_66' title='bbox 2035 789 2117 823; x_wconf 90' lang='lat' dir='ltr'>loco</span> <span class='ocrx_word' id='word_1_67' title='bbox 2145 790 2330 824; x_wconf 86' lang='lat' dir='ltr'>funiculos</span> 
     </span>
     <span class='ocr_line' id='line_1_7' title="bbox 451 854 2328 902; baseline 0.001 -13"><span class='ocrx_word' id='word_1_68' title='bbox 451 868 539 889; x_wconf 89' lang='lat' dir='ltr'>suos</span> <span class='ocrx_word' id='word_1_69' title='bbox 568 857 674 889; x_wconf 90' lang='lat' dir='ltr'>saciat</span> <span class='ocrx_word' id='word_1_70' title='bbox 698 856 902 901; x_wconf 73' lang='lat' dir='ltr'>longiores,</span> <span class='ocrx_word' id='word_1_71' title='bbox 933 856 1109 900; x_wconf 86' lang='lat' dir='ltr'>quosdam</span> <span class='ocrx_word' id='word_1_72' title='bbox 1139 867 1274 900; x_wconf 80' lang='lat' dir='ltr'>pueros</span> <span class='ocrx_word' id='word_1_73' title='bbox 1304 862 1373 888; x_wconf 90' lang='lat' dir='ltr'>tam</span> <span class='ocrx_word' id='word_1_74' title='bbox 1398 855 1435 888; x_wconf 90' lang='lat' dir='ltr'>in</span> <span class='ocrx_word' id='word_1_75' title='bbox 1461 854 1602 888; x_wconf 86' lang='lat' dir='ltr'>arabica</span> <span class='ocrx_word' id='word_1_76' title='bbox 1631 867 1735 900; x_wconf 85' lang='lat' dir='ltr'>quam</span> <span class='ocrx_word' id='word_1_77' title='bbox 1764 856 1801 888; x_wconf 91' lang='lat' dir='ltr'>in</span> <span class='ocrx_word' id='word_1_78' title='bbox 1828 855 1910 889; x_wconf 86' lang='lat' dir='ltr'>aliis</span> <span class='ocrx_word' id='word_1_79' title='bbox 1935 855 2328 902; x_wconf 75' lang='lat' dir='ltr'>linguis&#39;orient&#39;alium</span> 
     </span>
     <span class='ocr_line' id='line_1_8' title="bbox 450 921 2329 969; baseline 0.001 -13"><span class='ocrx_word' id='word_1_80' title='bbox 450 923 603 968; x_wconf 82' lang='lat' dir='ltr'>partium</span> <span class='ocrx_word' id='word_1_81' title='bbox 625 923 762 968; x_wconf 85' lang='lat' dir='ltr'>peritos</span> <span class='ocrx_word' id='word_1_82' title='bbox 783 922 945 956; x_wconf 88' lang='lat' dir='ltr'>Parisius</span> <span class='ocrx_word' id='word_1_83' title='bbox 966 922 1058 955; x_wconf 88' lang='lat' dir='ltr'>mitti</span> <span class='ocrx_word' id='word_1_84' title='bbox 1083 922 1335 968; x_wconf 82' lang='lat' dir='ltr'>disposuimus</span> <span class='ocrx_word' id='word_1_85' title='bbox 1356 921 1401 955; x_wconf 90' lang='lat' dir='ltr'>ad</span> <span class='ocrx_word' id='word_1_86' title='bbox 1421 921 1655 963; x_wconf 81' lang='lat' dir='ltr'>studendum,</span> <span class='ocrx_word' id='word_1_87' title='bbox 1684 928 1724 955; x_wconf 88' lang='lat' dir='ltr'>ut</span> <span class='ocrx_word' id='word_1_88' title='bbox 1744 922 1780 955; x_wconf 92' lang='lat' dir='ltr'>in</span> <span class='ocrx_word' id='word_1_89' title='bbox 1802 934 1902 956; x_wconf 89' lang='lat' dir='ltr'>sacra</span> <span class='ocrx_word' id='word_1_90' title='bbox 1922 923 2058 969; x_wconf 72' lang='lat' dir='ltr'>pagina·</span> <span class='ocrx_word' id='word_1_91' title='bbox 2079 923 2329 958; x_wconf 38' lang='lat' dir='ltr'>docentevvias</span> 
     </span>
     <span class='ocr_line' id='line_1_9' title="bbox 449 988 2330 1037; baseline 0.002 -16"><span class='ocrx_word' id='word_1_92' title='bbox 449 990 699 1022; x_wconf 86' lang='lat' dir='ltr'>mandatorum</span> <span class='ocrx_word' id='word_1_93' title='bbox 729 989 874 1022; x_wconf 89' lang='lat' dir='ltr'>Domini</span> <span class='ocrx_word' id='word_1_94' title='bbox 903 989 1036 1022; x_wconf 88' lang='lat' dir='ltr'>eruditi</span> <span class='ocrx_word' id='word_1_95' title='bbox 1065 988 1157 1022; x_wconf 88' lang='lat' dir='ltr'>alios</span> <span class='ocrx_word' id='word_1_96' title='bbox 1183 989 1219 1021; x_wconf 90' lang='lat' dir='ltr'>in</span> <span class='ocrx_word' id='word_1_97' title='bbox 1245 988 1491 1022; x_wconf 80' lang='lat' dir='ltr'>ultramarinis</span> <span class='ocrx_word' id='word_1_98' title='bbox 1519 988 1684 1034; x_wconf 88' lang='lat' dir='ltr'>partibus</span> <span class='ocrx_word' id='word_1_99' title='bbox 1704 989 1873 1023; x_wconf 86' lang='lat' dir='ltr'>erudiant</span> <span class='ocrx_word' id='word_1_100' title='bbox 1891 989 1936 1022; x_wconf 85' lang='lat' dir='ltr'>ad</span> <span class='ocrx_word' id='word_1_101' title='bbox 1957 989 2122 1024; x_wconf 84' lang='lat' dir='ltr'>salutem.</span> <span class='ocrx_word' id='word_1_102' title='bbox 2145 991 2198 1024; x_wconf 90' lang='lat' dir='ltr'>Ne</span> <span class='ocrx_word' id='word_1_103' title='bbox 2217 990 2330 1037; x_wconf 79' lang='lat' dir='ltr'>igitur</span> 
     </span>
     <span class='ocr_line' id='line_1_10' title="bbox 447 1055 2328 1101; baseline 0.002 -13"><span class='ocrx_word' id='word_1_104' title='bbox 447 1056 557 1090; x_wconf 90' lang='lat' dir='ltr'>iidem</span> <span class='ocrx_word' id='word_1_105' title='bbox 580 1056 696 1101; x_wconf 71' lang='lat' dir='ltr'>pueri,</span> <span class='ocrx_word' id='word_1_106' title='bbox 729 1056 791 1101; x_wconf 91' lang='lat' dir='ltr'>qui</span> <span class='ocrx_word' id='word_1_107' title='bbox 815 1057 889 1100; x_wconf 89' lang='lat' dir='ltr'>jam</span> <span class='ocrx_word' id='word_1_108' title='bbox 916 1062 1002 1089; x_wconf 84' lang='lat' dir='ltr'>sunt</span> <span class='ocrx_word' id='word_1_109' title='bbox 1022 1056 1146 1089; x_wconf 88' lang='lat' dir='ltr'>decem</span> <span class='ocrx_word' id='word_1_110' title='bbox 1178 1056 1354 1097; x_wconf 78' lang='lat' dir='ltr'>Parisius,</span> <span class='ocrx_word' id='word_1_111' title='bbox 1381 1055 1426 1088; x_wconf 89' lang='lat' dir='ltr'>ab</span> <span class='ocrx_word' id='word_1_112' title='bbox 1453 1056 1599 1101; x_wconf 87' lang='lat' dir='ltr'>incepto</span> <span class='ocrx_word' id='word_1_113' title='bbox 1629 1056 1751 1089; x_wconf 85' lang='lat' dir='ltr'>studio</span> <span class='ocrx_word' id='word_1_114' title='bbox 1777 1068 1842 1101; x_wconf 92' lang='lat' dir='ltr'>pro</span> <span class='ocrx_word' id='word_1_115' title='bbox 1867 1057 2328 1094; x_wconf 86' lang='lat' dir='ltr'>necessariorum-defectu</span> 
     </span>
     <span class='ocr_line' id='line_1_11' title="bbox 447 1122 1475 1168; baseline 0.001 -13"><span class='ocrx_word' id='word_1_116' title='bbox 447 1122 630 1155; x_wconf 81' lang='lat' dir='ltr'>desistere</span> <span class='ocrx_word' id='word_1_117' title='bbox 651 1122 930 1168; x_wconf 72' lang='lat' dir='ltr'>compellantur,</span> <span class='ocrx_word' id='word_1_118' title='bbox 954 1122 1180 1163; x_wconf 74' lang='lat' dir='ltr'>mandamus,</span> <span class='ocrx_word' id='word_1_119' title='bbox 1204 1122 1390 1167; x_wconf 74' lang='lat' dir='ltr'>quatinus⁷</span> <span class='ocrx_word' id='word_1_120' title='bbox 1411 1127 1475 1156; x_wconf 88' lang='lat' dir='ltr'>etc.</span> 
     </span>
    </p>

    <p class='ocr_par' dir='ltr' id='par_1_5' title="bbox 444 1220 2329 1298">
     <span class='ocr_line' id='line_1_12' title="bbox 541 1220 2329 1252; baseline 0.001 -7"><span class='ocrx_word' id='word_1_121' title='bbox 541 1220 668 1245; x_wconf 77' lang='lat' dir='ltr'>collectio</span> <span class='ocrx_word' id='word_1_122' title='bbox 681 1220 776 1244; x_wconf 83' lang='lat' dir='ltr'>Marini</span> <span class='ocrx_word' id='word_1_123' title='bbox 787 1221 819 1244; x_wconf 81' lang='lat' dir='ltr'>de</span> <span class='ocrx_word' id='word_1_124' title='bbox 834 1220 917 1244; x_wconf 86' lang='lat' dir='ltr'>Ebolo</span> <span class='ocrx_word' id='word_1_125' title='bbox 930 1220 957 1243; x_wconf 89' lang='lat' dir='ltr'>in</span> <span class='ocrx_word' id='word_1_126' title='bbox 972 1220 1049 1244; x_wconf 77' lang='lat' dir='ltr'>Arch.</span> <span class='ocrx_word' id='word_1_127' title='bbox 1066 1221 1134 1249; x_wconf 60' lang='lat' dir='ltr'>Vnt„</span> <span class='ocrx_word' id='word_1_128' title='bbox 1151 1228 1217 1244; x_wconf 85' lang='lat' dir='ltr'>nrm.</span> <span class='ocrx_word' id='word_1_129' title='bbox 1234 1221 1272 1249; x_wconf 85' lang='lat'>31,</span> <span class='ocrx_word' id='word_1_130' title='bbox 1291 1224 1321 1243; x_wconf 90' lang='lat' dir='ltr'>n⁰</span> <span class='ocrx_word' id='word_1_131' title='bbox 1335 1221 1374 1248; x_wconf 79' lang='lat'>72,</span> <span class='ocrx_word' id='word_1_132' title='bbox 1390 1229 1431 1252; x_wconf 88' lang='lat' dir='ltr'>ep.</span> <span class='ocrx_word' id='word_1_133' title='bbox 1449 1221 1519 1249; x_wconf 83' lang='lat'><strong>1563,</strong></span> <span class='ocrx_word' id='word_1_134' title='bbox 1536 1221 1586 1244; x_wconf 86' lang='lat' dir='ltr'>sub</span> <span class='ocrx_word' id='word_1_135' title='bbox 1601 1221 1678 1245; x_wconf 81' lang='lat' dir='ltr'>titulo</span> <span class='ocrx_word' id='word_1_136' title='bbox 1692 1230 1703 1244; x_wconf 71' lang='lat'>(⁴</span> <span class='ocrx_word' id='word_1_137' title='bbox 1715 1221 1835 1245; x_wconf 79' lang='lat' dir='ltr'>Provisio</span> <span class='ocrx_word' id='word_1_138' title='bbox 1850 1221 1993 1245; x_wconf 80' lang='lat' dir='ltr'>scolarium</span> <span class='ocrx_word' id='word_1_139' title='bbox 2008 1222 2177 1246; x_wconf 82' lang='lat' dir='ltr'>orientalium</span> <span class='ocrx_word' id='word_1_140' title='bbox 2192 1228 2218 1251; x_wconf 65' lang='lat' dir='ltr'>r:</span> <span class='ocrx_word' id='word_1_141' title='bbox 2234 1226 2329 1247; x_wconf 65' lang='lat' dir='ltr'>nomon</span> 
     </span>
     <span class='ocr_line' id='line_1_13' title="bbox 444 1265 2329 1298; baseline 0.002 -10"><span class='ocrx_word' id='word_1_142' title='bbox 444 1274 530 1297; x_wconf 82' lang='lat' dir='ltr'>papae</span> <span class='ocrx_word' id='word_1_143' title='bbox 546 1274 597 1288; x_wconf 88' lang='lat' dir='ltr'>non</span> <span class='ocrx_word' id='word_1_144' title='bbox 613 1265 774 1289; x_wconf 77' lang='lat' dir='ltr'>enuntiatur.</span> <span class='ocrx_word' id='word_1_145' title='bbox 796 1265 847 1288; x_wconf 84' lang='lat' dir='ltr'>Sed</span> <span class='ocrx_word' id='word_1_146' title='bbox 867 1268 908 1289; x_wconf 77' lang='lat' dir='ltr'>est</span> <span class='ocrx_word' id='word_1_147' title='bbox 925 1265 1093 1289; x_wconf 79' lang='lat' dir='ltr'>Innocentius</span> <span class='ocrx_word' id='word_1_148' title='bbox 1109 1265 1152 1294; x_wconf 92' lang='lat' dir='ltr'>IV,</span> <span class='ocrx_word' id='word_1_149' title='bbox 1173 1268 1202 1289; x_wconf 89' lang='lat' dir='ltr'>ut</span> <span class='ocrx_word' id='word_1_150' title='bbox 1215 1273 1247 1288; x_wconf 83' lang='lat' dir='ltr'>ex</span> <span class='ocrx_word' id='word_1_151' title='bbox 1261 1265 1381 1297; x_wconf 77' lang='lat' dir='ltr'>epistolis</span> <span class='ocrx_word' id='word_1_152' title='bbox 1396 1265 1517 1297; x_wconf 82' lang='lat' dir='ltr'>proxime</span> <span class='ocrx_word' id='word_1_153' title='bbox 1532 1266 1703 1297; x_wconf 78' lang='lat' dir='ltr'>sequentihus</span> <span class='ocrx_word' id='word_1_154' title='bbox 1719 1269 1745 1290; x_wconf 83' lang='lat' dir='ltr'>et</span> <span class='ocrx_word' id='word_1_155' title='bbox 1758 1266 1871 1298; x_wconf 70' lang='lat' dir='ltr'>epistola</span> <span class='ocrx_word' id='word_1_156' title='bbox 1890 1266 2031 1290; x_wconf 76' lang='lat' dir='ltr'>Alexandri</span> <span class='ocrx_word' id='word_1_157' title='bbox 2050 1267 2085 1290; x_wconf 85' lang='lat' dir='ltr'>lv</span> <span class='ocrx_word' id='word_1_158' title='bbox 2103 1267 2173 1291; x_wconf 77' lang='lat' dir='ltr'>infra</span> <span class='ocrx_word' id='word_1_159' title='bbox 2187 1271 2217 1290; x_wconf 69' lang='lat'>*1⁰</span> <span class='ocrx_word' id='word_1_160' title='bbox 2231 1266 2329 1298; x_wconf 65' lang='lat' dir='ltr'>324⁴(in</span> 
     </span>
    </p>
   </div>
   <div class='ocr_carea' id='block_1_5' title="bbox 443 1309 2330 1378">
    <p class='ocr_par' dir='ltr' id='par_1_6' title="bbox 443 1309 2330 1378">
     <span class='ocr_line' id='line_1_14' title="bbox 444 1309 2330 1344; baseline 0.002 -11"><span class='ocrx_word' id='word_1_161' title='bbox 444 1310 541 1341; x_wconf 82' lang='lat' dir='ltr'>quibus</span> <span class='ocrx_word' id='word_1_162' title='bbox 561 1310 641 1333; x_wconf 80' lang='lat' dir='ltr'>etiam</span> <span class='ocrx_word' id='word_1_163' title='bbox 661 1309 776 1341; x_wconf 79' lang='lat' dir='ltr'>qualitas</span> <span class='ocrx_word' id='word_1_164' title='bbox 796 1309 958 1341; x_wconf 81' lang='lat' dir='ltr'>provisionis</span> <span class='ocrx_word' id='word_1_165' title='bbox 977 1309 1144 1341; x_wconf 83' lang='lat' dir='ltr'>exprimitur)</span> <span class='ocrx_word' id='word_1_166' title='bbox 1169 1313 1289 1341; x_wconf 79' lang='lat' dir='ltr'>apparet.</span> <span class='ocrx_word' id='word_1_167' title='bbox 1312 1310 1352 1334; x_wconf 84' lang='lat' dir='ltr'>Cf.</span> <span class='ocrx_word' id='word_1_168' title='bbox 1373 1310 1443 1333; x_wconf 80' lang='lat' dir='ltr'>infra</span> <span class='ocrx_word' id='word_1_169' title='bbox 1464 1310 1566 1334; x_wconf 79' lang='lat' dir='ltr'>litteras</span> <span class='ocrx_word' id='word_1_170' title='bbox 1589 1310 1696 1334; x_wconf 82' lang='lat' dir='ltr'>Honorii</span> <span class='ocrx_word' id='word_1_171' title='bbox 1715 1311 1757 1339; x_wconf 79' lang='lat' dir='ltr'>lv,</span> <span class='ocrx_word' id='word_1_172' title='bbox 1772 1311 1803 1334; x_wconf 92' lang='grc'>10</span> <span class='ocrx_word' id='word_1_173' title='bbox 1817 1311 1871 1335; x_wconf 82' lang='lat' dir='ltr'>kal.</span> <span class='ocrx_word' id='word_1_174' title='bbox 1884 1311 1948 1335; x_wconf 85' lang='lat' dir='ltr'>Julii</span> <span class='ocrx_word' id='word_1_175' title='bbox 1964 1319 2034 1335; x_wconf 79' lang='lat' dir='ltr'>anno</span> <span class='ocrx_word' id='word_1_176' title='bbox 2048 1313 2071 1340; x_wconf 82' lang='lat'>5,</span> <span class='ocrx_word' id='word_1_177' title='bbox 2089 1311 2116 1335; x_wconf 89' lang='lat' dir='ltr'>in</span> <span class='ocrx_word' id='word_1_178' title='bbox 2134 1311 2231 1344; x_wconf 78' lang='lat' dir='ltr'>quibus</span> <span class='ocrx_word' id='word_1_179' title='bbox 2245 1314 2330 1344; x_wconf 63' lang='lat' dir='ltr'>pacho</span> 
     </span>
     <span class='ocr_line' id='line_1_15' title="bbox 443 1354 1204 1378; baseline 0.001 -1"><span class='ocrx_word' id='word_1_180' title='bbox 443 1355 476 1378; x_wconf 84' lang='lat' dir='ltr'>ad</span> <span class='ocrx_word' id='word_1_181' title='bbox 492 1355 602 1378; x_wconf 77' lang='lat' dir='ltr'>verbum</span> <span class='ocrx_word' id='word_1_182' title='bbox 617 1355 700 1378; x_wconf 77' lang='lat' dir='ltr'>formu</span> <span class='ocrx_word' id='word_1_183' title='bbox 713 1354 862 1378; x_wconf 82' lang='lat' dir='ltr'>litterarum</span> <span class='ocrx_word' id='word_1_184' title='bbox 878 1354 1023 1378; x_wconf 80' lang='lat' dir='ltr'>Innocentii</span> <span class='ocrx_word' id='word_1_185' title='bbox 1037 1354 1204 1378; x_wconf 78' lang='lat' dir='ltr'>exscribitur.</span> 
     </span>
    </p>
   </div>
   <div class='ocr_carea' id='block_1_6' title="bbox 448 1530 2328 1625">
    <p class='ocr_par' dir='ltr' id='par_1_7' title="bbox 448 1530 2328 1625">
     <span class='ocr_line' id='line_1_16' title="bbox 448 1530 2328 1578; baseline 0.001 -12"><span class='ocrx_word' id='word_1_186' title='bbox 448 1530 537 1566; x_wconf 76' lang='lat'>181</span> <span class='ocrx_word' id='word_1_187' title='bbox 548 1559 556 1567; x_wconf 89' lang='lat'><strong>.</strong></span> <span class='ocrx_word' id='word_1_188' title='bbox 580 1540 762 1566; x_wconf 82' lang='lat' dir='ltr'>Innocentius</span> <span class='ocrx_word' id='word_1_189' title='bbox 778 1541 822 1566; x_wconf 90' lang='lat' dir='ltr'>IV</span> <span class='ocrx_word' id='word_1_190' title='bbox 831 1540 931 1565; x_wconf 73' lang='lat' dir='ltr'>eximit</span> <span class='ocrx_word' id='word_1_191' title='bbox 946 1540 1152 1566; x_wconf 79' lang='lat' dir='ltr'>monasterium</span> <span class='ocrx_word' id='word_1_192' title='bbox 1169 1541 1196 1565; x_wconf 82' lang='lat' dir='ltr'>S.</span> <span class='ocrx_word' id='word_1_193' title='bbox 1214 1540 1294 1566; x_wconf 83' lang='lat' dir='ltr'>Petri</span> <span class='ocrx_word' id='word_1_194' title='bbox 1316 1541 1500 1566; x_wconf 81' lang='lat' dir='ltr'>Carnotensis</span> <span class='ocrx_word' id='word_1_195' title='bbox 1526 1541 1555 1566; x_wconf 92' lang='lat'>0.</span> <span class='ocrx_word' id='word_1_196' title='bbox 1576 1542 1603 1566; x_wconf 81' lang='lat' dir='ltr'>S.</span> <span class='ocrx_word' id='word_1_197' title='bbox 1622 1542 1653 1566; x_wconf 89' lang='lat' dir='ltr'>B.</span> <span class='ocrx_word' id='word_1_198' title='bbox 1677 1549 1696 1566; x_wconf 84' lang='lat' dir='ltr'>a</span> <span class='ocrx_word' id='word_1_199' title='bbox 1709 1541 1872 1576; x_wconf 81' lang='lat' dir='ltr'>provisione</span> <span class='ocrx_word' id='word_1_200' title='bbox 1887 1541 2027 1576; x_wconf 82' lang='lat' dir='ltr'>facienda</span> <span class='ocrx_word' id='word_1_201' title='bbox 2044 1550 2098 1577; x_wconf 80' lang='lat' dir='ltr'>pro</span> <span class='ocrx_word' id='word_1_202' title='bbox 2113 1541 2210 1568; x_wconf 85' lang='lat' dir='ltr'>decem</span> <span class='ocrx_word' id='word_1_203' title='bbox 2227 1542 2328 1578; x_wconf 73' lang='lat' dir='ltr'>puer-io</span> 
     </span>
     <span class='ocr_line' id='line_1_17' title="bbox 532 1588 1845 1625; baseline 0.002 -11"><span class='ocrx_word' id='word_1_204' title='bbox 532 1588 723 1614; x_wconf 79' lang='lat' dir='ltr'>orientalibus</span> <span class='ocrx_word' id='word_1_205' title='bbox 738 1588 865 1614; x_wconf 76' lang='lat' dir='ltr'>Parisiis</span> <span class='ocrx_word' id='word_1_206' title='bbox 880 1588 1074 1623; x_wconf 79' lang='lat' dir='ltr'>studentibus,</span> <span class='ocrx_word' id='word_1_207' title='bbox 1093 1588 1245 1615; x_wconf 84' lang='lat' dir='ltr'>dummodo</span> <span class='ocrx_word' id='word_1_208' title='bbox 1259 1598 1312 1625; x_wconf 86' lang='lat' dir='ltr'>per</span> <span class='ocrx_word' id='word_1_209' title='bbox 1327 1592 1384 1615; x_wconf 82' lang='lat' dir='ltr'>tres</span> <span class='ocrx_word' id='word_1_210' title='bbox 1400 1597 1492 1615; x_wconf 80' lang='lat' dir='ltr'>annos</span> <span class='ocrx_word' id='word_1_211' title='bbox 1508 1589 1550 1616; x_wconf 85' lang='lat' dir='ltr'>eis</span> <span class='ocrx_word' id='word_1_212' title='bbox 1562 1590 1730 1625; x_wconf 85' lang='lat' dir='ltr'>pensionem</span> <span class='ocrx_word' id='word_1_213' title='bbox 1744 1590 1845 1616; x_wconf 79' lang='lat' dir='ltr'>solvat.</span> 
     </span>
    </p>
   </div>
   <div class='ocr_carea' id='block_1_7' title="bbox 1687 1679 2038 1713">
    <p class='ocr_par' dir='ltr' id='par_1_8' title="bbox 1687 1679 2038 1713">
     <span class='ocr_line' id='line_1_18' title="bbox 1687 1679 2038 1713; baseline 0.003 -8"><span class='ocrx_word' id='word_1_214' title='bbox 1687 1679 1764 1709; x_wconf 72' lang='lat'>1248,</span> <span class='ocrx_word' id='word_1_215' title='bbox 1779 1679 1851 1705; x_wconf 67' lang='lat' dir='ltr'>«lunii</span> <span class='ocrx_word' id='word_1_216' title='bbox 1861 1680 1906 1708; x_wconf 82' lang='lat'>22.</span> <span class='ocrx_word' id='word_1_217' title='bbox 1922 1680 2038 1713; x_wconf 66' lang='lat' dir='ltr'>Lugduni.</span> 
     </span>
    </p>
   </div>
   <div class='ocr_carea' id='block_1_8' title="bbox 438 1753 2327 2617">
    <p class='ocr_par' dir='ltr' id='par_1_9' title="bbox 438 1753 2327 2533">
     <span class='ocr_line' id='line_1_19' title="bbox 532 1753 2326 1798; baseline 0.002 -13"><span class='ocrx_word' id='word_1_218' title='bbox 532 1753 770 1786; x_wconf 85' lang='lat' dir='ltr'>Innocentius</span> <span class='ocrx_word' id='word_1_219' title='bbox 805 1753 1003 1798; x_wconf 88' lang='lat' dir='ltr'>episcopus</span> <span class='ocrx_word' id='word_1_220' title='bbox 1038 1764 1168 1786; x_wconf 90' lang='lat' dir='ltr'>servus</span> <span class='ocrx_word' id='word_1_221' title='bbox 1208 1764 1396 1786; x_wconf 84' lang='lat' dir='ltr'>servorum</span> <span class='ocrx_word' id='word_1_222' title='bbox 1433 1753 1499 1786; x_wconf 90' lang='lat' dir='ltr'>Dei</span> <span class='ocrx_word' id='word_1_223' title='bbox 1535 1753 1678 1786; x_wconf 89' lang='lat' dir='ltr'>dilectis</span> <span class='ocrx_word' id='word_1_224' title='bbox 1713 1753 1799 1787; x_wconf 83' lang='lat' dir='ltr'>filiis</span> <span class='ocrx_word' id='word_1_225' title='bbox 1836 1781 1856 1787; x_wconf 93' lang='lat'>..</span> <span class='ocrx_word' id='word_1_226' title='bbox 1889 1754 2026 1788; x_wconf 86' lang='lat' dir='ltr'>abbati¹</span> <span class='ocrx_word' id='word_1_227' title='bbox 2062 1762 2098 1788; x_wconf 89' lang='lat' dir='ltr'>et</span> <span class='ocrx_word' id='word_1_228' title='bbox 2130 1755 2326 1789; x_wconf 87' lang='lat' dir='ltr'>conventui</span> 
     </span>
     <span class='ocr_line' id='line_1_20' title="bbox 441 1815 2327 1866; baseline 0.002 -14"><span class='ocrx_word' id='word_1_229' title='bbox 441 1819 653 1853; x_wconf 87' lang='lat' dir='ltr'>monasterii</span> <span class='ocrx_word' id='word_1_230' title='bbox 684 1819 803 1852; x_wconf 84' lang='lat' dir='ltr'>Sancti</span> <span class='ocrx_word' id='word_1_231' title='bbox 834 1819 930 1852; x_wconf 90' lang='lat' dir='ltr'>Petri</span> <span class='ocrx_word' id='word_1_232' title='bbox 960 1819 1199 1853; x_wconf 87' lang='lat' dir='ltr'>Carnotensis</span> <span class='ocrx_word' id='word_1_233' title='bbox 1228 1819 1317 1853; x_wconf 87' lang='lat' dir='ltr'>Ord.</span> <span class='ocrx_word' id='word_1_234' title='bbox 1350 1820 1384 1853; x_wconf 91' lang='lat' dir='ltr'>S.</span> <span class='ocrx_word' id='word_1_235' title='bbox 1417 1820 1605 1853; x_wconf 86' lang='lat' dir='ltr'>Benedicti</span> <span class='ocrx_word' id='word_1_236' title='bbox 1636 1820 1789 1854; x_wconf 84' lang='lat' dir='ltr'>salutem</span> <span class='ocrx_word' id='word_1_237' title='bbox 1823 1828 1858 1854; x_wconf 88' lang='lat' dir='ltr'>et</span> <span class='ocrx_word' id='word_1_238' title='bbox 1886 1815 2121 1866; x_wconf 84' lang='lat' dir='ltr'>apostolicam</span> <span class='ocrx_word' id='word_1_239' title='bbox 2150 1821 2327 1856; x_wconf 87' lang='lat' dir='ltr'>benedic-</span> 
     </span>
     <span class='ocr_line' id='line_1_21' title="bbox 440 1885 2326 1934; baseline 0.001 -14"><span class='ocrx_word' id='word_1_240' title='bbox 440 1887 588 1920; x_wconf 86' lang='lat' dir='ltr'>tionem.</span> <span class='ocrx_word' id='word_1_241' title='bbox 612 1885 854 1931; x_wconf 84' lang='lat' dir='ltr'>Exigentibus</span> <span class='ocrx_word' id='word_1_242' title='bbox 874 1893 995 1919; x_wconf 86' lang='lat' dir='ltr'>vestre</span> <span class='ocrx_word' id='word_1_243' title='bbox 1017 1886 1224 1920; x_wconf 90' lang='lat' dir='ltr'>devotionis</span> <span class='ocrx_word' id='word_1_244' title='bbox 1245 1886 1386 1920; x_wconf 90' lang='lat' dir='ltr'>meritis</span> <span class='ocrx_word' id='word_1_245' title='bbox 1406 1887 1501 1920; x_wconf 88' lang='lat' dir='ltr'>votis</span> <span class='ocrx_word' id='word_1_246' title='bbox 1522 1887 1655 1921; x_wconf 90' lang='lat' dir='ltr'>vestris</span> <span class='ocrx_word' id='word_1_247' title='bbox 1676 1887 1834 1921; x_wconf 85' lang='lat' dir='ltr'>libenter</span> <span class='ocrx_word' id='word_1_248' title='bbox 1854 1888 2049 1921; x_wconf 86' lang='lat' dir='ltr'>annuimus</span> <span class='ocrx_word' id='word_1_249' title='bbox 2074 1894 2110 1921; x_wconf 88' lang='lat' dir='ltr'>et</span> <span class='ocrx_word' id='word_1_250' title='bbox 2129 1888 2326 1934; x_wconf 85' lang='lat' dir='ltr'>petitiones</span> 
     </span>
     <span class='ocr_line' id='line_1_22' title="bbox 439 1953 2324 2001; baseline 0.001 -15"><span class='ocrx_word' id='word_1_251' title='bbox 439 1960 592 1994; x_wconf 79' lang='lat' dir='ltr'>vestras,</span> <span class='ocrx_word' id='word_1_252' title='bbox 620 1960 792 1998; x_wconf 87' lang='lat' dir='ltr'>quantum</span> <span class='ocrx_word' id='word_1_253' title='bbox 819 1965 900 1986; x_wconf 90' lang='lat' dir='ltr'>cum</span> <span class='ocrx_word' id='word_1_254' title='bbox 926 1954 1002 1986; x_wconf 88' lang='lat' dir='ltr'>Deo</span> <span class='ocrx_word' id='word_1_255' title='bbox 1024 1965 1235 1998; x_wconf 89' lang='lat' dir='ltr'>possumus,</span> <span class='ocrx_word' id='word_1_256' title='bbox 1259 1953 1507 1987; x_wconf 85' lang='lat' dir='ltr'>favorabiliter</span> <span class='ocrx_word' id='word_1_257' title='bbox 1528 1954 1754 1988; x_wconf 87' lang='lat' dir='ltr'>exaudimus.</span> <span class='ocrx_word' id='word_1_258' title='bbox 1782 1954 1872 1988; x_wconf 87' lang='lat' dir='ltr'>Cum</span> <span class='ocrx_word' id='word_1_259' title='bbox 1894 1955 2019 2000; x_wconf 84' lang='lat' dir='ltr'>igitur,</span> <span class='ocrx_word' id='word_1_260' title='bbox 2047 1955 2142 1988; x_wconf 89' lang='lat' dir='ltr'>sicut</span> <span class='ocrx_word' id='word_1_261' title='bbox 2161 1967 2205 1988; x_wconf 87' lang='lat' dir='ltr'>ex</span> <span class='ocrx_word' id='word_1_262' title='bbox 2224 1962 2324 2001; x_wconf 88' lang='lat' dir='ltr'>parte</span> 
     </span>
     <span class='ocr_line' id='line_1_23' title="bbox 439 2004 2324 2068; baseline 0.002 -16"><span class='ocrx_word' id='word_1_263' title='bbox 439 2026 559 2053; x_wconf 88' lang='lat' dir='ltr'>vestra</span> <span class='ocrx_word' id='word_1_264' title='bbox 594 2020 662 2052; x_wconf 81' lang='lat' dir='ltr'>suit</span> <span class='ocrx_word' id='word_1_265' title='bbox 699 2014 927 2064; x_wconf 87' lang='lat' dir='ltr'>propositum</span> <span class='ocrx_word' id='word_1_266' title='bbox 966 2031 1085 2053; x_wconf 84' lang='lat' dir='ltr'>coram</span> <span class='ocrx_word' id='word_1_267' title='bbox 1125 2019 1246 2061; x_wconf 78' lang='lat' dir='ltr'>nobis,</span> <span class='ocrx_word' id='word_1_268' title='bbox 1267 2019 1546 2053; x_wconf 87' lang='lat' dir='ltr'>..cancellarius</span> <span class='ocrx_word' id='word_1_269' title='bbox 1589 2020 1821 2062; x_wconf 59' lang='lat' dir='ltr'>Parisiensis,</span> <span class='ocrx_word' id='word_1_270' title='bbox 1857 2021 1915 2053; x_wconf 90' lang='lat' dir='ltr'>cui</span> <span class='ocrx_word' id='word_1_271' title='bbox 1959 2016 2086 2068; x_wconf 24' lang='lat' dir='ltr'>sup-ers</span> <span class='ocrx_word' id='word_1_272' title='bbox 2113 2004 2324 2066; x_wconf 63' lang='lat' dir='ltr'>provisione</span> 
     </span>
     <span class='ocr_line' id='line_1_24' title="bbox 438 2085 2324 2131; baseline 0.002 -12"><span class='ocrx_word' id='word_1_273' title='bbox 438 2087 601 2119; x_wconf 81' lang='lat' dir='ltr'>facienda</span> <span class='ocrx_word' id='word_1_274' title='bbox 630 2085 847 2131; x_wconf 85' lang='lat' dir='ltr'>quibusdam</span> <span class='ocrx_word' id='word_1_275' title='bbox 881 2086 1006 2131; x_wconf 89' lang='lat' dir='ltr'>pueris</span> <span class='ocrx_word' id='word_1_276' title='bbox 1037 2085 1277 2119; x_wconf 86' lang='lat' dir='ltr'>orientalibus</span> <span class='ocrx_word' id='word_1_277' title='bbox 1309 2086 1471 2119; x_wconf 90' lang='lat' dir='ltr'>Parisius</span> <span class='ocrx_word' id='word_1_278' title='bbox 1502 2086 1736 2120; x_wconf 84' lang='lat' dir='ltr'>studentibus</span> <span class='ocrx_word' id='word_1_279' title='bbox 1766 2087 1905 2120; x_wconf 86' lang='lat' dir='ltr'>litteras</span> <span class='ocrx_word' id='word_1_280' title='bbox 1936 2094 2080 2121; x_wconf 86' lang='lat' dir='ltr'>nostras</span> <span class='ocrx_word' id='word_1_281' title='bbox 2110 2088 2324 2131; x_wconf 79' lang='lat' dir='ltr'>direximus,</span> 
     </span>
     <span class='ocr_line' id='line_1_25' title="bbox 438 2152 2324 2200; baseline 0.002 -14"><span class='ocrx_word' id='word_1_282' title='bbox 438 2152 544 2187; x_wconf 90' lang='lat' dir='ltr'>vobis</span> <span class='ocrx_word' id='word_1_283' title='bbox 571 2153 807 2194; x_wconf 81' lang='lat' dir='ltr'>mandaverit,</span> <span class='ocrx_word' id='word_1_284' title='bbox 837 2159 876 2186; x_wconf 87' lang='lat' dir='ltr'>ut</span> <span class='ocrx_word' id='word_1_285' title='bbox 903 2153 956 2186; x_wconf 87' lang='lat' dir='ltr'>eis</span> <span class='ocrx_word' id='word_1_286' title='bbox 984 2152 1169 2186; x_wconf 86' lang='lat' dir='ltr'>deberetis</span> <span class='ocrx_word' id='word_1_287' title='bbox 1198 2153 1235 2185; x_wconf 94' lang='lat' dir='ltr'>in</span> <span class='ocrx_word' id='word_1_288' title='bbox 1262 2153 1387 2186; x_wconf 88' lang='lat' dir='ltr'>decem</span> <span class='ocrx_word' id='word_1_289' title='bbox 1418 2153 1523 2186; x_wconf 90' lang='lat' dir='ltr'>libris</span> <span class='ocrx_word' id='word_1_290' title='bbox 1553 2154 1661 2198; x_wconf 89' lang='lat' dir='ltr'>paris.</span> <span class='ocrx_word' id='word_1_291' title='bbox 1693 2154 1799 2187; x_wconf 85' lang='lat' dir='ltr'>annis</span> <span class='ocrx_word' id='word_1_292' title='bbox 1827 2154 1986 2199; x_wconf 84' lang='lat' dir='ltr'>singulis</span> <span class='ocrx_word' id='word_1_293' title='bbox 2013 2154 2232 2200; x_wconf 83' lang='lat' dir='ltr'>providere:</span> <span class='ocrx_word' id='word_1_294' title='bbox 2255 2167 2324 2189; x_wconf 87' lang='lat' dir='ltr'>nos</span> 
     </span>
     <span class='ocr_line' id='line_1_26' title="bbox 438 2219 2321 2266; baseline 0.001 -13"><span class='ocrx_word' id='word_1_295' title='bbox 438 2220 684 2259; x_wconf 73' lang='lat' dir='ltr'>attendentes,</span> <span class='ocrx_word' id='word_1_296' title='bbox 721 2219 819 2264; x_wconf 91' lang='lat' dir='ltr'>quod</span> <span class='ocrx_word' id='word_1_297' title='bbox 852 2226 1013 2253; x_wconf 86' lang='lat' dir='ltr'>vestrum</span> <span class='ocrx_word' id='word_1_298' title='bbox 1049 2220 1309 2252; x_wconf 85' lang='lat' dir='ltr'>monasterium</span> <span class='ocrx_word' id='word_1_299' title='bbox 1345 2226 1402 2253; x_wconf 87' lang='lat' dir='ltr'>est</span> <span class='ocrx_word' id='word_1_300' title='bbox 1434 2227 1638 2265; x_wconf 75' lang='lat' dir='ltr'>gravatum7</span> <span class='ocrx_word' id='word_1_301' title='bbox 1675 2227 1714 2253; x_wconf 86' lang='lat' dir='ltr'>ut</span> <span class='ocrx_word' id='word_1_302' title='bbox 1747 2221 1791 2254; x_wconf 85' lang='lat' dir='ltr'>ad</span> <span class='ocrx_word' id='word_1_303' title='bbox 1825 2221 2072 2266; x_wconf 85' lang='lat' dir='ltr'>provisionem</span> <span class='ocrx_word' id='word_1_304' title='bbox 2109 2222 2321 2256; x_wconf 80' lang='lat' dir='ltr'>eorumdem</span> 
     </span>
     <span class='ocr_line' id='line_1_27' title="bbox 439 2286 2322 2334; baseline 0.001 -14"><span class='ocrx_word' id='word_1_305' title='bbox 439 2299 648 2332; x_wconf 85' lang='lat' dir='ltr'>puerorum,</span> <span class='ocrx_word' id='word_1_306' title='bbox 680 2286 877 2319; x_wconf 91' lang='lat' dir='ltr'>dummodo</span> <span class='ocrx_word' id='word_1_307' title='bbox 908 2298 973 2331; x_wconf 86' lang='lat' dir='ltr'>per</span> <span class='ocrx_word' id='word_1_308' title='bbox 1005 2293 1079 2319; x_wconf 86' lang='lat' dir='ltr'>tres</span> <span class='ocrx_word' id='word_1_309' title='bbox 1113 2298 1229 2319; x_wconf 86' lang='lat' dir='ltr'>annos</span> <span class='ocrx_word' id='word_1_310' title='bbox 1259 2287 1313 2319; x_wconf 88' lang='lat' dir='ltr'>eis</span> <span class='ocrx_word' id='word_1_311' title='bbox 1344 2287 1557 2332; x_wconf 87' lang='lat' dir='ltr'>pensionem</span> <span class='ocrx_word' id='word_1_312' title='bbox 1590 2287 1787 2332; x_wconf 86' lang='lat' dir='ltr'>predictam</span> <span class='ocrx_word' id='word_1_313' title='bbox 1823 2287 2022 2330; x_wconf 81' lang='lat' dir='ltr'>solveritis,</span> <span class='ocrx_word' id='word_1_314' title='bbox 2057 2288 2227 2334; x_wconf 87' lang='lat' dir='ltr'>compelli</span> <span class='ocrx_word' id='word_1_315' title='bbox 2257 2300 2322 2334; x_wconf 87' lang='lat' dir='ltr'>per</span> 
     </span>
     <span class='ocr_line' id='line_1_28' title="bbox 439 2353 2322 2399; baseline 0.002 -13"><span class='ocrx_word' id='word_1_316' title='bbox 439 2354 578 2386; x_wconf 86' lang='lat' dir='ltr'>litteras</span> <span class='ocrx_word' id='word_1_317' title='bbox 608 2353 828 2399; x_wconf 85' lang='lat' dir='ltr'>apostolicas</span> <span class='ocrx_word' id='word_1_318' title='bbox 858 2353 1066 2398; x_wconf 87' lang='lat' dir='ltr'>impetratas</span> <span class='ocrx_word' id='word_1_319' title='bbox 1100 2360 1162 2386; x_wconf 89' lang='lat' dir='ltr'>aut</span> <span class='ocrx_word' id='word_1_320' title='bbox 1195 2353 1300 2386; x_wconf 89' lang='lat' dir='ltr'>etiam</span> <span class='ocrx_word' id='word_1_321' title='bbox 1336 2354 1582 2399; x_wconf 84' lang='lat' dir='ltr'>impetrandas</span> <span class='ocrx_word' id='word_1_322' title='bbox 1614 2354 1763 2387; x_wconf 85' lang='lat' dir='ltr'>minime</span> <span class='ocrx_word' id='word_1_323' title='bbox 1797 2355 1946 2388; x_wconf 87' lang='lat' dir='ltr'>valeatis</span> <span class='ocrx_word' id='word_1_324' title='bbox 1976 2355 2187 2388; x_wconf 89' lang='lat' dir='ltr'>auctoritate</span> <span class='ocrx_word' id='word_1_325' title='bbox 2216 2355 2322 2389; x_wconf 86' lang='lat' dir='ltr'>vobis</span> 
     </span>
     <span class='ocr_line' id='line_1_29' title="bbox 441 2420 2319 2467; baseline 0.002 -14"><span class='ocrx_word' id='word_1_326' title='bbox 441 2421 666 2466; x_wconf 86' lang='lat' dir='ltr'>presentium</span> <span class='ocrx_word' id='word_1_327' title='bbox 689 2420 937 2465; x_wconf 88' lang='lat' dir='ltr'>indulgemus.</span> <span class='ocrx_word' id='word_1_328' title='bbox 960 2420 1057 2453; x_wconf 91' lang='lat' dir='ltr'>Nulli</span> <span class='ocrx_word' id='word_1_329' title='bbox 1079 2432 1181 2466; x_wconf 89' lang='lat' dir='ltr'>ergo,</span> <span class='ocrx_word' id='word_1_330' title='bbox 1203 2426 1281 2462; x_wconf 81' lang='lat' dir='ltr'>etc.‚</span> <span class='ocrx_word' id='word_1_331' title='bbox 1308 2427 1434 2454; x_wconf 89' lang='lat' dir='ltr'>nostre</span> <span class='ocrx_word' id='word_1_332' title='bbox 1455 2421 1721 2463; x_wconf 75' lang='lat' dir='ltr'>concessionis,</span> <span class='ocrx_word' id='word_1_333' title='bbox 1741 2426 1804 2455; x_wconf 85' lang='lat' dir='ltr'>etc.</span> <span class='ocrx_word' id='word_1_334' title='bbox 1834 2422 1869 2455; x_wconf 92' lang='lat' dir='ltr'>Si</span> <span class='ocrx_word' id='word_1_335' title='bbox 1890 2422 1973 2467; x_wconf 89' lang='lat' dir='ltr'>quis</span> <span class='ocrx_word' id='word_1_336' title='bbox 1998 2428 2132 2464; x_wconf 79' lang='lat' dir='ltr'>autem,</span> <span class='ocrx_word' id='word_1_337' title='bbox 2154 2427 2218 2466; x_wconf 82' lang='lat' dir='ltr'>etc.</span> <span class='ocrx_word' id='word_1_338' title='bbox 2241 2423 2319 2456; x_wconf 82' lang='lat' dir='ltr'>Dat.</span> 
     </span>
     <span class='ocr_line' id='line_1_30' title="bbox 442 2486 1533 2533; baseline 0.001 -13"><span class='ocrx_word' id='word_1_339' title='bbox 442 2487 611 2532; x_wconf 86' lang='lat' dir='ltr'>Lugduni</span> <span class='ocrx_word' id='word_1_340' title='bbox 633 2500 654 2520; x_wconf 88' lang='lat' dir='ltr'>x</span> <span class='ocrx_word' id='word_1_341' title='bbox 675 2487 748 2531; x_wconf 57' lang='lat' dir='ltr'>kal„</span> <span class='ocrx_word' id='word_1_342' title='bbox 766 2487 867 2527; x_wconf 73' lang='lat' dir='ltr'>Julii‚</span> <span class='ocrx_word' id='word_1_343' title='bbox 888 2486 1120 2532; x_wconf 87' lang='lat' dir='ltr'>pontificatus</span> <span class='ocrx_word' id='word_1_344' title='bbox 1141 2488 1257 2520; x_wconf 91' lang='lat' dir='ltr'>nostri</span> <span class='ocrx_word' id='word_1_345' title='bbox 1278 2500 1372 2521; x_wconf 91' lang='lat' dir='ltr'>anno</span> <span class='ocrx_word' id='word_1_346' title='bbox 1394 2488 1533 2533; x_wconf 88' lang='lat' dir='ltr'>quinto.</span> 
     </span>
    </p>

    <p class='ocr_par' dir='ltr' id='par_1_10' title="bbox 536 2584 2320 2617">
     <span class='ocr_line' id='line_1_31' title="bbox 536 2584 2320 2617; baseline 0.002 -10"><span class='ocrx_word' id='word_1_347' title='bbox 536 2584 672 2616; x_wconf 82' lang='lat' dir='ltr'>Originale</span> <span class='ocrx_word' id='word_1_348' title='bbox 687 2585 713 2607; x_wconf 88' lang='lat' dir='ltr'>in</span> <span class='ocrx_word' id='word_1_349' title='bbox 729 2585 797 2608; x_wconf 85' lang='lat' dir='ltr'>Bibl.</span> <span class='ocrx_word' id='word_1_350' title='bbox 815 2588 869 2608; x_wconf 85' lang='lat' dir='ltr'>nat.</span> <span class='ocrx_word' id='word_1_351' title='bbox 884 2585 979 2613; x_wconf 60' lang='lat' dir='ltr'>Paris„</span> <span class='ocrx_word' id='word_1_352' title='bbox 997 2593 1046 2608; x_wconf 83' lang='lat' dir='ltr'>ms.</span> <span class='ocrx_word' id='word_1_353' title='bbox 1063 2585 1108 2608; x_wconf 79' lang='lat' dir='ltr'>lat.</span> <span class='ocrx_word' id='word_1_354' title='bbox 1125 2585 1196 2608; x_wconf 79' lang='lat'><strong>9222.</strong></span> <span class='ocrx_word' id='word_1_355' title='bbox 1212 2584 1248 2610; x_wconf 82' lang='grc' dir='ltr'>Ιη</span> <span class='ocrx_word' id='word_1_356' title='bbox 1264 2586 1393 2610; x_wconf 78' lang='lat' dir='ltr'>Chartul.</span> <span class='ocrx_word' id='word_1_357' title='bbox 1411 2586 1440 2610; x_wconf 81' lang='lat' dir='ltr'>S.</span> <span class='ocrx_word' id='word_1_358' title='bbox 1452 2586 1532 2610; x_wconf 76' lang='lat' dir='ltr'>Petri</span> <span class='ocrx_word' id='word_1_359' title='bbox 1543 2587 1658 2611; x_wconf 75' lang='lat' dir='ltr'>Carnot.</span> <span class='ocrx_word' id='word_1_360' title='bbox 1672 2587 1726 2615; x_wconf 75' lang='grc'>182,</span> <span class='ocrx_word' id='word_1_361' title='bbox 1738 2587 1777 2610; x_wconf 86' lang='grc'>81.</span> <span class='ocrx_word' id='word_1_362' title='bbox 1790 2586 1867 2610; x_wconf 79' lang='lat' dir='ltr'>Deest</span> <span class='ocrx_word' id='word_1_363' title='bbox 1878 2586 1960 2610; x_wconf 81' lang='lat' dir='ltr'>bulla.</span> <span class='ocrx_word' id='word_1_364' title='bbox 1972 2586 2151 2614; x_wconf 65' lang='lat' dir='ltr'>—Jourduim</span> <span class='ocrx_word' id='word_1_365' title='bbox 2168 2586 2209 2611; x_wconf 80' lang='lat' dir='ltr'>Un</span> <span class='ocrx_word' id='word_1_366' title='bbox 2218 2586 2320 2617; x_wconf 65' lang='lat' dir='ltr'>college</span> 
     </span>
    </p>
   </div>
   <div class='ocr_carea' id='block_1_9' title="bbox 442 2629 2319 2706">
    <p class='ocr_par' dir='ltr' id='par_1_11' title="bbox 442 2629 2319 2706">
     <span class='ocr_line' id='line_1_32' title="bbox 442 2629 2319 2663; baseline 0.001 -11"><span class='ocrx_word' id='word_1_367' title='bbox 442 2629 565 2653; x_wconf 74' lang='lat' dir='ltr'>oriemul</span> <span class='ocrx_word' id='word_1_368' title='bbox 578 2630 596 2653; x_wconf 78' lang='lat' dir='ltr'><em>a</em></span> <span class='ocrx_word' id='word_1_369' title='bbox 611 2629 698 2653; x_wconf 73' lang='lat' dir='ltr'>Paris</span> <span class='ocrx_word' id='word_1_370' title='bbox 719 2636 759 2653; x_wconf 83' lang='lat' dir='ltr'>au</span> <span class='ocrx_word' id='word_1_371' title='bbox 777 2629 921 2653; x_wconf 69' lang='lat' dir='ltr'>treizieme</span> <span class='ocrx_word' id='word_1_372' title='bbox 934 2629 1016 2654; x_wconf 73' lang='lat' dir='ltr'>siecle</span> <span class='ocrx_word' id='word_1_373' title='bbox 1027 2629 1054 2652; x_wconf 89' lang='lat' dir='ltr'>in</span> <span class='ocrx_word' id='word_1_374' title='bbox 1070 2629 1163 2654; x_wconf 72' lang='lat' dir='ltr'>Recue</span> <span class='ocrx_word' id='word_1_375' title='bbox 1178 2630 1223 2653; x_wconf 81' lang='lat' dir='ltr'>des</span> <span class='ocrx_word' id='word_1_376' title='bbox 1238 2629 1358 2654; x_wconf 64' lang='lat' dir='ltr'>Socieces</span> <span class='ocrx_word' id='word_1_377' title='bbox 1378 2635 1518 2660; x_wconf 82' lang='lat' dir='ltr'>savames,</span> <span class='ocrx_word' id='word_1_378' title='bbox 1536 2631 1560 2653; x_wconf 77' lang='lat'>2⁰</span> <span class='ocrx_word' id='word_1_379' title='bbox 1576 2630 1652 2659; x_wconf 68' lang='lat' dir='ltr'>serio,</span> <span class='ocrx_word' id='word_1_380' title='bbox 1669 2634 1732 2655; x_wconf 88' lang='lat' dir='ltr'>tom.</span> <span class='ocrx_word' id='word_1_381' title='bbox 1747 2631 1780 2654; x_wconf 89' lang='lat' dir='ltr'>Vl</span> <span class='ocrx_word' id='word_1_382' title='bbox 1796 2630 1885 2663; x_wconf 81' lang='lat'><strong>(1861),</strong></span> <span class='ocrx_word' id='word_1_383' title='bbox 1905 2639 1932 2662; x_wconf 88' lang='lat' dir='ltr'>p.</span> <span class='ocrx_word' id='word_1_384' title='bbox 1949 2631 1987 2654; x_wconf 78' lang='lat'>69.</span> <span class='ocrx_word' id='word_1_385' title='bbox 2004 2630 2080 2662; x_wconf 80' lang='lat' dir='ltr'>Apud</span> <span class='ocrx_word' id='word_1_386' title='bbox 2096 2630 2224 2659; x_wconf 69' lang='lat' dir='ltr'>Guerard,</span> <span class='ocrx_word' id='word_1_387' title='bbox 2243 2631 2319 2656; x_wconf 76' lang='lat' dir='ltr'>Cart.</span> 
     </span>
     <span class='ocr_line' id='line_1_33' title="bbox 442 2673 2200 2706; baseline 0.001 -9"><span class='ocrx_word' id='word_1_388' title='bbox 442 2675 475 2697; x_wconf 77' lang='lat' dir='ltr'>de</span> <span class='ocrx_word' id='word_1_389' title='bbox 489 2673 612 2703; x_wconf 78' lang='lat' dir='ltr'>l’abbaye</span> <span class='ocrx_word' id='word_1_390' title='bbox 629 2674 661 2697; x_wconf 75' lang='lat' dir='ltr'>de</span> <span class='ocrx_word' id='word_1_391' title='bbox 675 2673 846 2698; x_wconf 64' lang='lat' dir='ltr'>saint-Fere</span> <span class='ocrx_word' id='word_1_392' title='bbox 859 2675 892 2698; x_wconf 87' lang='lat' dir='ltr'>de</span> <span class='ocrx_word' id='word_1_393' title='bbox 908 2675 1048 2702; x_wconf 78' lang='lat' dir='ltr'>Chartres,</span> <span class='ocrx_word' id='word_1_394' title='bbox 1066 2674 1097 2702; x_wconf 85' lang='grc' dir='ltr'>Π,</span> <span class='ocrx_word' id='word_1_395' title='bbox 1115 2674 1169 2702; x_wconf 88' lang='grc'>700,</span> <span class='ocrx_word' id='word_1_396' title='bbox 1186 2677 1224 2696; x_wconf 79' lang='lat' dir='ltr'>n⁰⁸</span> <span class='ocrx_word' id='word_1_397' title='bbox 1239 2674 1283 2697; x_wconf 80' lang='lat'>125</span> <span class='ocrx_word' id='word_1_398' title='bbox 1299 2677 1324 2697; x_wconf 84' lang='lat' dir='ltr'>et</span> <span class='ocrx_word' id='word_1_399' title='bbox 1339 2675 1392 2703; x_wconf 82' lang='lat'><strong>126,</strong></span> <span class='ocrx_word' id='word_1_400' title='bbox 1410 2675 1459 2697; x_wconf 87' lang='lat' dir='ltr'>hoc</span> <span class='ocrx_word' id='word_1_401' title='bbox 1476 2678 1500 2698; x_wconf 86' lang='lat' dir='ltr'>et</span> <span class='ocrx_word' id='word_1_402' title='bbox 1516 2683 1627 2706; x_wconf 74' lang='lat' dir='ltr'>sequens</span> <span class='ocrx_word' id='word_1_403' title='bbox 1643 2675 1829 2698; x_wconf 76' lang='lat' dir='ltr'>documentum</span> <span class='ocrx_word' id='word_1_404' title='bbox 1844 2674 2027 2706; x_wconf 79' lang='lat' dir='ltr'>tantummodo</span> <span class='ocrx_word' id='word_1_405' title='bbox 2041 2674 2200 2698; x_wconf 72' lang='lat' dir='ltr'>indicantur.</span> 
     </span>
    </p>
   </div>
   <div class='ocr_carea' id='block_1_10' title="bbox 538 2756 675 2780">
    <p class='ocr_par' dir='ltr' id='par_1_12' title="bbox 538 2756 675 2780">
     <span class='ocr_line' id='line_1_34' title="bbox 538 2756 675 2780; baseline 0 -1"><span class='ocrx_word' id='word_1_406' title='bbox 538 2757 560 2780; x_wconf 88' lang='grc'>1.</span> <span class='ocrx_word' id='word_1_407' title='bbox 579 2756 675 2780; x_wconf 80' lang='lat' dir='ltr'>Gitoni.</span> 
     </span>
    </p>
   </div>
   <div class='ocr_carea' id='block_1_11' title="bbox 2557 0 2580 3528">
    <p class='ocr_par' dir='ltr' id='par_1_13' title="bbox 2557 0 2580 3528">
     <span class='ocr_line' id='line_1_35' title="bbox 2557 0 2580 3528; baseline 0 0"><span class='ocrx_word' id='word_1_408' title='bbox 2557 0 2580 3528; x_wconf 95' lang='lat' dir='ltr'> </span> 
     </span>
    </p>
   </div>
  </div>
 </body>
</html>
