2618 3640
258 690 299 728 1.
321 698 506 735 Privilegium
518 697 650 736 Philippi
663 699 790 734 Augusti
803 699 879 734 regis
896 700 1069 726 Francorum
1085 699 1115 725 in
1129 700 1256 733 favorem
1271 699 1447 726 scholarium
1462 701 1682 727 Parisiensium.

1467 811 1539 837 1200
1552 810 1686 846 [dulio?],
1703 812 1847 838 flestisiaci.

341 898 383 930 In
403 897 551 931 nomine
572 903 695 931 sancte
721 903 757 931 et
780 897 969 931 individue
994 897 1193 939 Trinitatis,
1223 910 1340 931 amen.
1367 898 1558 944 Philippus
1583 899 1650 932 Dei
1675 900 1790 945 gratia
1816 901 2035 934 Francorum
2058 913 2132 934 rex.

252 964 429 998 Noverint
456 964 619 998 universi
647 971 839 1010 presentes
866 964 1002 1010 pariter
1028 971 1064 998 et
1090 965 1214 1006 futuri,
1246 965 1345 1010 quod
1372 972 1522 1011 propter
1547 977 1697 1000 enorme
1724 967 1816 1000 illud
1842 967 2033 1014 ssagitium,
2062 980 2133 1013 quo

251 1031 413 1065 Parisius
433 1031 558 1065 clerici
578 1031 686 1065 simul
708 1037 744 1064 et
762 1031 843 1064 laici
865 1031 1027 1077 quinque
1048 1044 1201 1065 numero
1222 1044 1240 1066 a
1266 1032 1483 1077 quibusdam
1505 1033 1680 1067 maleficis
1701 1034 1881 1068 interfecti
1903 1042 1999 1076 sunt,
2028 1035 2132 1068 talem

247 1098 431 1143 justiciam
465 1098 652 1139 faciemus,
687 1098 786 1144 quod
814 1098 987 1132 Thomam
1027 1098 1127 1132 illum
1164 1105 1248 1132 tunc
1283 1100 1522 1145 prepositum,
1560 1100 1605 1133 de
1639 1112 1711 1146 quo
1741 1113 1853 1147 super
1886 1113 2014 1135 omnes
2043 1102 2134 1135 alios

253 1164 414 1199 scolares
444 1165 636 1211 conquesti
666 1171 763 1206 sunt,
796 1165 880 1210 quia
909 1166 1039 1199 sactum
1070 1172 1192 1211 negat,
1224 1166 1261 1199 in
1292 1166 1480 1212 perpetuis
1509 1166 1667 1201 vinculis
1697 1167 1958 1215 detinebimus,
1993 1169 2030 1202 in
2060 1176 2134 1203 arta

253 1231 417 1265 custodia
438 1238 473 1266 et
493 1243 652 1278 paupere
672 1232 770 1266 victu
790 1231 951 1277 quandiu
973 1232 1115 1274 vixerit,
1137 1233 1209 1266 nisi
1230 1233 1323 1266 forte
1344 1233 1499 1279 elegerit
1518 1233 1679 1267 Parisius
1700 1234 1845 1280 publice
1866 1235 1980 1281 aque·
2008 1235 2133 1269 subire

247 1298 440 1344 judicium,
467 1299 504 1332 in
522 1310 602 1344 ,quo
627 1299 658 1331 si
684 1298 859 1332 ceciderit
883 1298 1098 1344 dampnatus
1123 1299 1203 1340 erit,
1233 1299 1264 1332 si
1289 1299 1465 1333 liberatus
1490 1300 1612 1341 suerit,
1639 1313 1822 1347 nunquam
1849 1303 2010 1337 Parisius
2031 1303 2134 1336 dein-

251 1377 338 1410 ceps
367 1364 426 1398 vel
455 1364 541 1398 alibi
571 1377 722 1410 usquam
754 1365 789 1397 in
820 1371 915 1398 terra
945 1372 1067 1399 nostra
1097 1366 1243 1411 propria
1274 1367 1483 1412 prepositus
1517 1374 1643 1401 noster
1671 1368 1729 1402 vel
1763 1368 1919 1403 ballivus
1950 1370 2030 1409 erit,
2067 1383 2133 1403 1100

251 1431 351 1474 alibi,
379 1431 464 1465 dum
493 1431 530 1465 id
557 1431 691 1465 evitare
720 1431 906 1477 possimus
933 1443 998 1477 per
1024 1432 1214 1474 rationem,
1244 1445 1310 1466 nec
1338 1434 1498 1467 Par-isius
1526 1433 1675 1467 intrabit
1699 1435 1744 1467 de
1769 1442 1904 1469 cetero.
1938 1438 1982 1469 Et
2010 1437 2041 1470 si
2070 1449 2134 1482 per

251 1498 381 1532 bonam
413 1504 449 1532 et
476 1497 673 1544 legitimam
706 1498 994 1544 inquisitionem,
1027 1510 1132 1544 quam
1163 1499 1414 1533 commisimus
1441 1500 1586 1534 duobus
1616 1501 1788 1535 fidelibus
1818 1503 1955 1536 nostris
1985 1503 2133 1537 Galtero

251 1577 383 1598 camer.
415 1571 450 1599 et
475 1564 643 1611 Philippo
669 1565 714 1598 de
736 1565 860 1607 Liviis,
889 1565 968 1599 sine
994 1566 1094 1599 omni
1119 1577 1356 1611 personarum
1382 1567 1594 1612 acceptione
1619 1568 1795 1609 facienda,
1818 1568 1887 1602 sub
1907 1569 2133 1614 adjuratione

251 1631 350 1674 fidei,
381 1643 450 1677 qua
479 1631 665 1665 christiani
697 1638 783 1666 sunt
812 1644 992 1678 quamque
1022 1632 1130 1666 nobis
1160 1633 1308 1666 domino
1339 1645 1406 1667 suo
1436 1633 1526 1680 ligio
1557 1634 1704 1676 debent,
1736 1642 1771 1668 et
1798 1647 1863 1681 per
1886 1637 2131 1681 juramentum

251 1699 350 1744 quod
379 1698 487 1732 nobis
516 1699 683 1732 fecerunt
709 1699 754 1732 de
781 1698 922 1733 honore
950 1706 986 1733 et
1013 1700 1169 1734 consilio
1196 1707 1336 1742 nostro,
1363 1701 1571 1747 intelligere
1598 1702 1825 1747 potuerimus
1852 1703 1951 1748 quod
1978 1704 2134 1749 amplius

250 1765 337 1799 inde
357 1766 476 1799 facere
498 1766 682 1812 possimus
704 1772 765 1799 aut
789 1765 1000 1808 debeamus,
1028 1767 1108 1800 sine
1135 1767 1210 1800 ullo
1236 1774 1499 1802 arrestamento
1524 1769 1698 1802 faciemus
1724 1769 1824 1803 salvo
1850 1769 1990 1804 honore
2013 1771 2078 1803 Dei
2100 1778 2135 1804 ct

250 1839 389 1866 nostro.
419 1827 471 1866 De
498 1831 579 1866 aliis
608 1839 726 1866 autem
755 1833 817 1878 qui
844 1833 880 1866 in
907 1833 1074 1879 captione
1101 1841 1188 1867 sunt
1216 1846 1281 1880 pro
1312 1835 1439 1868 eodem
1471 1835 1636 1869 forifacto
1666 1835 1734 1869 hoc
1755 1837 1943 1879 faciemus,
1972 1838 2070 1883 quod
2097 1838 2132 1871 111

250 1899 437 1945 perpetuis
458 1899 614 1932 vinculis
635 1899 672 1932 in
692 1899 859 1945 captione
884 1906 1006 1933 nostra
1033 1912 1098 1934 eos
1123 1900 1383 1942 detinebimus,
1410 1902 1481 1935 nisi
1501 1902 1680 1947 judicium
1707 1904 1825 1948 aque²
1852 1903 1976 1937 subire
1998 1904 2134 1938 malue-

250 1965 324 1999 rint
343 1971 378 1999 et
398 1965 641 1999 innocentiam
669 1977 771 1999 suam
798 1967 875 2000 Deo
901 1973 992 2000 teste
1018 1979 1188 2013 purgare,
1215 1968 1252 2000 in
1272 1980 1344 2013 quo
1370 1969 1401 2001 si
1422 1968 1484 2014 qui
1505 1969 1716 2010 ceciderint,
1744 1969 1961 2004 habebimus
1982 1983 2046 2005 005
2068 1984 2133 2017 pro

251 2032 467 2078 dampnatis,
488 2033 559 2066 nisi
580 2033 672 2066 sorte
693 2033 804 2078 aliqui
826 2045 870 2066 ex
889 2034 943 2067 eis
964 2045 1029 2079 per
1047 2034 1179 2068 bonam
1199 2035 1474 2080 inquisitionem
1497 2036 1713 2070 innocentes
1734 2037 1871 2071 inventi
1892 2038 1950 2071 vel
1970 2038 2007 2071 in
2028 2038 2132 2084 culpa

250 2099 388 2132 leviore
414 2111 480 2145 per
505 2099 806 2133 intercessionem
835 2100 1028 2134 scolarium
1058 2114 1075 2135 a
1101 2101 1268 2147 captione
1296 2114 1360 2147 per
1387 2115 1455 2135 nos
1482 2103 1618 2137 suerint
1644 2103 1798 2137 liberati.
1827 2106 1899 2138 Eos
1925 2111 2044 2138 autem
2071 2106 2131 2151 qui

249 2167 436 2211 sugerunt,
471 2178 514 2200 eo
545 2166 625 2212 ipso
655 2178 721 2212 pro
756 2166 959 2212 dampnatis
988 2167 1218 2210 habebimus,
1255 2176 1291 2202 01
1318 2181 1446 2203 01111105
1481 2171 1689 2216 prepositos
1724 2178 1819 2205 terre
1853 2178 1978 2206 nostre
2007 2173 2132 2218 jurare

250 2232 436 2275 faciemus,
465 2233 563 2278 quod
591 2233 788 2279 diligenter
816 2233 1004 2279 inquirent
1030 2247 1107 2277 005,
1139 2242 1173 2269 01
1204 2236 1235 2269 si
1266 2247 1371 2281 quem
1404 2248 1447 2270 ex
1475 2237 1529 2270 eis
1559 2249 1689 2283 capere
1718 2244 1903 2283 poterunt,
1934 2239 2078 2284 capient
2098 2246 2133 2272 et

250 2297 357 2332 nobis
376 2298 519 2333 mittent
538 2299 710 2334 Parisius.

339 2366 392 2398 De
412 2366 606 2399 securitate
626 2374 745 2402 autem
765 2368 960 2402 scolarium
983 2368 1020 2401 in
1046 2375 1230 2414 posterum
1259 2370 1419 2403 Parisius
1439 2370 1595 2404 consilio
1617 2370 1803 2404 hominum
1826 2379 2032 2405 nostrorum
2062 2372 2131 2406 1100

250 2431 511 2474 ordinavimus,
534 2433 630 2478 quod
653 2446 781 2468 omnes
802 2435 901 2468 cives
922 2435 1148 2469 Parisienses
1162 2437 1288 2481 jurare
1309 2437 1496 2478 faciemus,
1514 2437 1613 2482 quod
1629 2437 1660 2470 si
1676 2437 1783 2471 alicui
1800 2438 1931 2472 scolari
1948 2438 1992 2472 ab
2008 2438 2130 2484 aliquo

249 2498 341 2532 laico
366 2499 534 2544 injuriam
562 2499 640 2534 fieri
666 2500 798 2547 aliquis
824 2501 968 2542 viderit,
995 2502 1093 2547 quod
1119 2514 1230 2548 super
1254 2515 1297 2536 00
1324 2503 1571 2537 testimonium
1599 2503 1806 2549 perhibebit
1825 2505 1979 2547 veritati,
2002 2517 2068 2539 nec
2090 2518 2130 2539 se

249 2565 458 2600 substrahct
477 2566 609 2612 aliquis
630 2579 675 2601 ne
696 2568 828 2602 videat.
852 2569 896 2602 Et
914 2568 943 2601 si
965 2569 1162 2615 eontigerit
1181 2569 1279 2614 quod
1304 2569 1436 2615 aliquis
1461 2569 1638 2604 scolarem
1664 2572 1901 2616 percusserit,
1926 2573 1998 2606 nisi
2019 2585 2131 2619 super

249 2644 288 2666 se
309 2632 555 2675 defendendo,
576 2634 607 2667 si
629 2634 782 2669 scolaris
802 2635 955 2669 maxime
975 2635 1085 2669 armis
1107 2636 1342 2681 percutiatur,
1363 2643 1424 2670 aut
1446 2637 1554 2679 suste,
1577 2637 1634 2671 vel
1655 2637 1787 2683 lapide,
1815 2650 1944 2673 omnes
1964 2640 2047 2674 laici
2067 2642 2127 2686 qui

247 2699 407 2733 viderint
431 2699 525 2734 bona
551 2700 623 2734 fide
648 2701 962 2747 comprehendent
984 2701 1084 2735 illum
1112 2702 1377 2736 malefactorem
1404 2703 1462 2737 vel
1488 2703 1738 2738 malefactores
1763 2712 1799 2739 et
1819 2706 1962 2740 tradent
1980 2708 2129 2752 justicie

249 2772 386 2808 nostre,
414 2778 481 2800 nec
509 2779 549 2801 se
576 2767 787 2803 substraent
813 2781 858 2802 ne
885 2769 1032 2803 videant
1058 2769 1116 2803 vel
1142 2769 1454 2815 comprehendant
1480 2770 1535 2804 vel
1565 2771 1812 2805 testimonium
1841 2773 1983 2807 veritati
2009 2774 2129 2820 perhi-

249 2831 368 2866 beant.
396 2832 479 2867 Sive
504 2840 621 2868 autem
651 2835 859 2870 malefactor
882 2842 1009 2882 captus
1034 2836 1088 2887 sit³
1105 2848 1217 2882 super
1241 2837 1360 2882 ipsum
1386 2837 1602 2879 forifactum,
1628 2838 1706 2872 sive
1733 2851 1820 2881 non,
1843 2852 1910 2874 nos
1930 2840 2127 2887 legitimam

249 2899 524 2944 inquisitionem
549 2901 725 2936 faciemus
750 2909 787 2936 et
810 2902 968 2945 fidelem,
996 2903 1074 2937 sive
1100 2915 1164 2949 per
1188 2904 1344 2938 clericos
1368 2904 1446 2938 sive
1472 2917 1536 2950 per
1561 2904 1673 2939 laicos
1700 2918 1765 2939 seu
1791 2919 1857 2952 per
1881 2919 2128 2953 quascumque

249 2965 431 3011 legitimas
455 2978 653 3013 personas;
681 2975 717 3002 et
741 2970 950 3015 prepositus
975 2977 1100 3004 noster
1126 2977 1162 3004 et
1182 2971 1331 3015 justicie
1358 2978 1482 3004 nostre
1508 2971 1601 3004 idem
1629 2972 1772 3006 sacient..
1802 2974 1894 3007 Etsi
1922 2974 2128 3020 intelligere
