2580 3528
253 426 350 468 1284]
599 435 647 458 AB
680 433 786 456 Auno
820 433 897 456 uec
930 432 1063 462 usQus
1097 432 1146 455 an
1181 432 1411 454 putuerunt
1445 433 1486 454 iv
1519 433 1609 455 nEG.
1646 433 1784 456 rasae.
2062 423 2129 458 619

251 509 411 544 sciencie
439 521 515 543 non
543 515 600 543 est
628 508 667 542 in
695 507 816 554 aliquo
847 506 1126 552 comparandus,
1157 505 1370 552 protulisse.
1401 507 1492 540 Cum
1519 506 1615 539 dicat
1635 513 1759 552 postea
1782 507 1967 551 predictus
1992 507 2129 540 cancel-

251 577 365 611 larius
389 576 489 622 quod
513 575 765 622 magisterium
789 581 825 608 et
849 573 1003 620 regendi
1028 573 1234 607 facultatem
1259 585 1334 606 non
1357 573 1539 606 mendicat
1567 572 1612 605 ab
1641 572 1725 613 alio,
1757 584 1862 618 quam
1890 580 1927 606 ut
1952 573 2130 607 cancella-

252 643 330 678 rius
364 642 493 677 tribuit
520 642 603 676 aliis
628 643 713 688 jure
743 653 831 682 suo;
862 641 907 675 ad
938 640 1007 674 hoc
1036 640 1193 674 dicimus
1224 639 1336 685 quod,
1366 639 1449 673 dato
1486 639 1584 685 quod
1621 639 1741 685 quoad
1777 639 2021 684 inceptionem
2056 652 2129 673 non

253 710 436 744 mendicet
463 709 715 756 magisterium
744 707 789 742 ab
816 707 900 749 alio,
931 707 1030 753 quod
1060 713 1180 741 tamen
1209 719 1283 740 non
1317 706 1535 740 confitemur
1568 718 1635 739 nee
1677 706 1884 747 diffitemur,
1926 706 2128 739 facultatem

252 783 373 811 tamen
402 776 557 823 regendi
590 776 629 810 in
653 775 899 810 Universitate
933 774 978 808 ab
1011 774 1256 808 Universitate
1282 773 1483 815 mendicat;
1516 773 1554 806 in
1583 785 1653 819 qua
1679 785 1760 806 cum
1792 773 1899 818 regit,
1930 773 2045 806 factus
2076 780 2131 806 est

253 844 350 878 sicut
377 843 550 878 subditus
579 850 616 877 et
643 843 796 876 inferior
824 841 870 876 ad
894 841 1189 876 Universitatem.
1222 840 1386 874 Dicimus
1416 840 1522 873 etiam
1553 839 1652 885 quod
1682 851 1755 873 non
1785 839 1910 873 tribuit
1941 839 2022 872 aliis
2047 840 2131 885 jure

254 923 322 946 suo
350 910 548 953 licentiam,
578 910 690 944 immo
715 910 800 955 jure
840 909 911 943 sibi
943 915 980 942 et
1012 908 1249 942 Universitati
1286 919 1464 941 concesso
1501 907 1634 941 virtute
1673 906 1857 952 privilegii
1897 907 2131 952 Gregoriani,

253 990 334 1012 cum
369 978 408 1012 in
441 977 561 1023 aliqua
593 976 761 1011 facultate
794 975 902 1010 alicui
937 987 1010 1032 ¹¹9⁰
1045 974 1162 1021 possit
1190 973 1372 1008 licentiam
1403 973 1580 1016 tribuere,
1611 973 1683 1007 nisi
1717 973 1820 1019 prius
1854 973 2080 1006 examinetur
2113 985 2131 1006 a

254 1045 454 1092 magistris,
481 1051 517 1078 et
539 1043 729 1090 prehabito
754 1042 965 1077 testimonio
989 1042 1247 1088 magistrorum
1273 1041 1319 1074 de
1344 1040 1573 1083 sufficientia,
1599 1052 1639 1074 ac
1664 1039 1745 1074 aliis
1770 1051 1841 1086 que
1872 1040 1908 1073 in
1938 1039 2132 1086 privilegio

254 1111 429 1158 Gregorii
457 1110 621 1157 plenarie
654 1110 900 1144 continentur.
932 1109 1022 1144 Cum
1053 1108 1143 1142 dicit
1170 1107 1411 1142 cancellarius
1441 1114 1567 1153 postea
1602 1107 1713 1152 quod,
1746 1119 1826 1140 cum
1866 1113 1906 1140 ut
1943 1106 2061 1152 capud
2099 1113 2133 1139 et

255 1178 427 1225 superior
455 1177 499 1211 ab
529 1176 768 1211 inferioribus
794 1176 900 1222 ligari
926 1187 999 1209 non
1026 1175 1144 1221 possit
1166 1182 1206 1208 ut
1233 1187 1305 1209 non
1332 1174 1503 1208 subditus
1535 1173 1785 1215 Universitati,
1816 1173 2046 1207 manifestum
2080 1179 2134 1206 est

257 1257 386 1291 penam
407 1244 665 1291 suspensionis
680 1244 754 1289 jam
776 1243 906 1276 dictam
928 1242 1064 1288 injuste
1085 1241 1129 1275 ab
1150 1241 1396 1275 Universitate
1417 1240 1488 1275 sibi
1509 1241 1658 1282 inferri3
1686 1240 1842 1274 dicimus
1867 1240 1910 1273 ad
1932 1239 2013 1282 hoc,
2037 1239 2134 1285 quod

255 1311 376 1346 dictus
402 1310 643 1345 cancellarius
665 1309 710 1343 al)
737 1309 801 1343 illo
829 1309 927 1355 quod
956 1308 1073 1342 credit
1097 1319 1180 1342 esse
1207 1308 1391 1354 superius,
1414 1307 1459 1340 ad
1489 1306 1581 1345 {uad
1608 1306 1707 1352 quod
1734 1307 1813 1352 ipse
1838 1306 1954 1340 credit
1981 1306 2135 1339 inferius

256 1378 423 1425 procedit
446 1377 672 1419 affirmando,
693 1388 774 1410 cum
800 1376 934 1410 virtute
959 1374 1143 1409 sermonis
1171 1374 1229 1408 sui
1250 1375 1325 1419 jam
1352 1374 1439 1408 dicti
1460 1380 1600 1407 asserat
1619 1385 1659 1407 se
1680 1373 1852 1419 superius
1878 1373 1922 1406 ad
1947 1373 2136 1406 Universi-

256 1451 379 1487 tatem,
408 1451 446 1479 et
470 1444 752 1479 Universitatem
782 1455 822 1476 se
850 1442 1060 1475 inferiorem
1097 1453 1193 1483 esse,
1220 1441 1283 1486 qui
1307 1452 1506 1486 processus
1531 1447 1588 1474 est
1613 1447 1737 1474 contra
1764 1440 1980 1473 documenta
2015 1439 2137 1485 dyale-

256 1512 327 1547 tice
367 1523 376 1546 ι
412 1511 566 1545 deberet
602 1510 699 1544 enim
738 1510 775 1543 in
814 1509 875 1543 tali
914 1520 1092 1555 processu
1131 1508 1332 1554 procedere
1367 1507 1550 1553 negando.
1590 1508 1664 1540 Nos
1702 1519 1788 1540 vero
1828 1506 1995 1540 videntes
2030 1518 2134 1539 suum

257 1590 471 1626 processum
501 1589 666 1624 peccare,
697 1576 931 1623 procedimus
960 1575 1006 1609 ad
1034 1575 1127 1609 illud
1161 1575 1259 1621 quod
1293 1574 1373 1620 ipse
1407 1574 1539 1608 asserit
1571 1574 1743 1619 superius
1777 1573 1821 1606 ad
1855 1573 2135 1606 l.'=11iversitate1n

257 1645 447 1692 negando3
475 1657 550 1678 non
577 1644 672 1678 enim
701 1650 758 1677 est
784 1643 955 1689 superior
974 1642 1018 1676 ad
1041 1642 1338 1684 Universitatem,
1360 1641 1426 1675 sed
1446 1641 1599 1674 inferior
1620 1647 1769 1686 propter
1795 1651 1939 1673 causam
1967 1639 2138 1685 superius

257 1713 409 1755 dictam3
445 1724 490 1746 ex
522 1723 595 1758 quo
629 1710 858 1745 Universitas
892 1721 974 1743 eum
1008 1708 1123 1755 ligare
1158 1709 1287 1755 potuit,
1323 1708 1418 1742 sicut
1451 1707 1523 1741 sibi
1558 1707 1757 1741 subditum.
1793 1707 1885 1741 Cum
1920 1706 2008 1740 dicit
2041 1706 2135 1739 idem

258 1779 499 1814 cancellarius
537 1778 637 1824 quod
674 1783 824 1812 vocatus
863 1776 907 1811 ad
945 1775 1254 1822 congregationes
1295 1774 1364 1809 sub
1406 1786 1498 1820 pena
1537 1773 1795 1819 suspensionis
1834 1773 2031 1806 lectionum
2075 1785 2140 1818 per

258 1847 320 1892 viij
342 1846 423 1880 dies
455 1858 529 1880 non
555 1845 632 1887 ivit,
654 1844 752 1890 quod
773 1844 859 1878 fecit
878 1843 923 1877 de
944 1842 1100 1877 consilio
1121 1842 1178 1876 sui
1199 1841 1348 1887 capituli
1369 1847 1404 1875 et
1423 1841 1620 1874 multorum
1641 1840 1955 1886 jurisperitorum,
1982 1839 2138 1874 dicimus

258 1913 384 1960 [quod]
411 1913 449 1946 in
474 1912 544 1946 hoc
570 1911 669 1957 quod
695 1910 828 1945 asserit
854 1922 894 1944 se
922 1922 996 1943 non
1022 1909 1148 1951 ivisse,
1169 1908 1301 1942 asserit
1327 1919 1429 1942 suam
1453 1907 1735 1948 contumaciam3
1766 1919 1832 1940 nec
1860 1913 1916 1940 est
1939 1906 2138 1940 verisimile

259 1979 359 2027 quod
385 1979 595 2014 dimiserit²⁷
623 1979 677 2012 ire
709 1984 860 2024 propter
889 1976 1084 2010 consilium
1116 1976 1190 2021 jam
1218 1975 1368 2016 dictum,
1389 1986 1470 2008 cum
1499 1974 1670 2007 dominus
1701 1973 1910 2019 prepositus
1936 1973 1981 2006 de
2008 1973 2138 2006 Sancto

258 2046 512 2088 Audomaross,
533 2052 571 2080 et
589 2045 649 2079 alii
670 2044 836 2091 magistri
864 2050 1036 2090 regentes
1056 2042 1102 2076 de
1122 2042 1282 2076 claustro
1308 2042 1418 2075 Beate
1445 2041 1559 2074 Marie
1578 2040 1747 2075 venerint
1767 2040 1811 2073 ad
1832 2039 2140 2085 congregationes

260 2114 314 2148 sic
337 2113 468 2155 vocati,
489 2112 553 2159 qui
578 2118 664 2146 sunt
692 2111 737 2145 de
767 2110 965 2145 Parisiensi
991 2109 1163 2156 capitulo,
1194 2109 1289 2142 sicut
1315 2114 1351 2142 et
1377 2108 1456 2153 ipse
1481 2107 1734 2148 cancellarius,
1763 2113 1798 2140 et
1828 2106 2006 2152 equaliter
2028 2106 2139 2151 jurati

260 2179 480 2214 Parisiensis
509 2179 678 2213 ecclesie.
701 2179 855 2224 Propter
881 2177 980 2223 quod
1005 2176 1235 2210 manifestum
1264 2181 1321 2209 est
1346 2174 1438 2208 illud
1459 2185 1542 2208 csse
1563 2173 1692 2207 falsum
1714 2173 1813 2219 quod
1834 2173 1935 2214 dicit,
1957 2187 1974 2204 «
1997 2173 2080 2218 quia
2107 2172 2137 2205 si

260 2246 403 2289 ivisset,
427 2245 577 2280 fecisset
597 2251 722 2279 contra
742 2244 945 2278 libertatem
966 2242 1122 2277 ecclesie
1147 2242 1366 2276 Parisiensis
1387 2247 1423 2275 et
1446 2240 1676 2282 cancellarie,
1696 2246 1731 2274 et
1750 2246 1874 2273 contra
1890 2240 2136 2284 juramentum

262 2325 369 2348 suum
392 2326 424 2355 n,
445 2312 618 2359 quoniam
647 2311 709 2346 alii
723 2312 797 2357 jam
828 2310 915 2344 dicti
939 2309 1077 2344 vellent
1105 2309 1152 2343 ita
1178 2320 1325 2342 servare
1345 2309 1592 2353 juramentum
1609 2307 1707 2352 quod
1728 2307 1892 2339 fecerunt
1917 2305 2086 2347 ecclesie,
2104 2311 2138 2339 et

260 2379 479 2422 libertatem,
504 2378 599 2413 sicut
622 2378 778 2424 ipsemet
801 2376 1053 2410 cancellarius.
1074 2376 1166 2410 Cum
1191 2375 1280 2408 dicit
1305 2380 1431 2420 postea
1456 2373 1554 2419 quod
1581 2372 1650 2406 hoc
1676 2372 1808 2406 suisset
1831 2378 1955 2405 contra
1981 2371 2135 2405 litteram

261 2446 401 2481 domini
430 2456 535 2492 pape,
563 2456 634 2491 que
663 2444 717 2478 sic
746 2443 875 2489 incipit
904 2454 912 2476 ε
935 2457 952 2474 «
981 2442 1093 2486 Quasi
1120 2441 1260 2487 lignum
1289 2441 1361 2474 vite
1387 2442 1451 2482 »²⁹,
1476 2445 1557 2482 etc,
1583 2439 1738 2473 dicimus
1768 2438 1826 2472 hic
1851 2438 1949 2484 quod
1974 2437 2136 2472 clausula

261 2513 382 2547 littere
402 2523 507 2559 quam
529 2512 608 2557 ipse
637 2523 703 2557 pro
724 2522 764 2544 se
788 2509 934 2556 allegat,
960 2520 1034 2543 non
1059 2508 1154 2542 bene
1181 2507 1323 2554 probat,
1343 2506 1442 2552 quod
1471 2506 1502 2540 si
1529 2506 1609 2552 ipse
1635 2505 1811 2547 venisset,
1837 2505 1985 2539 fecisset
2011 2510 2136 2538 contra

261 2579 417 2614 litteram
447 2578 585 2612 domini
614 2589 717 2624 pape.
747 2578 834 2611 Nam
862 2582 1012 2622 propter
1037 2575 1184 2609 venisse
1211 2574 1255 2608 ad
1287 2573 1608 2620 congregationes,
1639 2578 1800 2618 potestas
1827 2571 2042 2606 cancellarie
2070 2582 2136 2604 nec

261 2641 495 2683 evelleretur,
516 2652 583 2674 nec
604 2639 883 2674 diminueretur.

351 2708 443 2743 Cum
472 2707 560 2742 dicit
586 2713 712 2753 postea
737 2705 836 2752 quod
861 2705 914 2739 sic
934 2715 1065 2739 vocare
1085 2710 1142 2738 est
1161 2709 1286 2738 contra
1306 2701 1625 2743 consuetudinem,
1647 2701 1803 2735 dicimus
1828 2700 1927 2747 quod
1952 2701 2062 2734 immo
2090 2699 2135 2733 de

262 2774 530 2810 consuetudine
554 2772 750 2820 approbata
775 2784 794 2806 a
825 2778 987 2818 tempore
1007 2783 1025 2805 a
1046 2782 1119 2816 quo
1139 2781 1214 2804 non
1234 2775 1330 2804 extat
1349 2768 1535 2803 memoria.
1561 2768 1653 2803 Cum
1675 2767 1764 2802 dicit
1782 2774 1908 2814 postea
1933 2766 2032 2813 quod
2058 2766 2136 2812 ipse

263 2847 300 2877 et
326 2841 388 2876 atii
416 2840 581 2887 magistri
612 2840 650 2874 in
680 2838 864 2884 theologia
894 2837 1016 2872 solent
1044 2836 1165 2872 vocari
1194 2836 1239 2870 ad
1268 2835 1592 2882 congregationem
1622 2834 1863 2881 supplicando
1893 2840 1929 2867 et
1957 2833 2135 2878 rogandO,

265 2907 410 2955 planum
435 2914 493 2943 est
511 2906 610 2954 quod
630 2907 700 2941 iste
720 2917 842 2940 sermo
862 2911 919 2939 est
937 2910 1062 2938 contra
1082 2904 1201 2950 ipsum
1221 2901 1491 2944 cancellarium,
1511 2901 1681 2948 quoniam
1702 2913 1747 2935 ex
1766 2912 1838 2946 quo
1860 2900 1938 2946 ipse
1959 2906 1995 2933 ct
2013 2898 2075 2932 alii
2100 2898 2136 2931 in

264 2973 450 3021 theologia
469 2980 642 3020 regentes
657 2972 777 3008 solent
792 2972 913 3007 vocari
934 2971 979 3005 ad
997 2970 1334 3016 congregationem,
1352 2969 1406 3003 sic
1421 2979 1552 3003 vocare
1572 2980 1669 3010 eum,
1690 2967 1785 3002 sicut
1800 2973 1949 3001 vocatus
1969 2965 2048 3006 fuit,
2066 2975 2139 2998 uon
