2580 3528
512 408 576 441 464
1090 413 1408 438 cuptn'rULAMUM
1443 411 1633 434 UNivssus.
1670 410 1799 432 PAms.
2285 400 2384 441 [1267

514 491 706 525 efficaciter
733 503 806 524 non
835 490 1003 531 correxit,
1033 496 1156 523 contra
1183 487 1385 528 officialem,
1408 493 1739 531 quantumcumque
1766 483 1874 517 nobis
1895 483 2051 517 dilectus
2078 490 2178 517 esset
2203 490 2239 517 et
2264 495 2383 526 carus,

515 569 626 603 super
652 557 723 591 hiis
750 564 785 590 et
814 569 924 602 super
953 569 996 589 eo
1029 556 1134 589 etiam
1165 555 1262 600 quod
1293 552 1502 586 eorumdem
1534 551 1728 585 scolarium
1757 562 1998 596 aggressores
2027 562 2108 584 cum
2138 550 2320 596 potuisset
2347 557 2387 584 ut

515 623 702 657 dicebatur
726 623 855 668 punire
880 622 1052 668 neglexit,
1075 621 1233 654 reddens
1258 632 1301 653 ex
1325 619 1393 652 hoc
1419 631 1492 651 non
1514 618 1703 650 minimum
1729 629 1768 650 se
1794 623 2018 662 suspectum,
2039 629 2078 650 ac
2100 629 2211 662 super
2235 617 2317 650 aliis
2341 616 2386 650 ad

513 690 704 735 negocium
725 688 953 729 facientibus,
977 687 1257 721 deliberavimus
1279 691 1400 718 exacte
1416 684 1566 729 justicie
1587 683 1710 717 debite
1731 683 1918 728 inquirere
1938 683 2139 717 veritatem.
2160 683 2218 716 Ad
2238 683 2385 726 domum

514 757 626 802 igitur
651 756 891 801 supradictam
913 755 949 787 in
971 766 1039 799 qua
1061 753 1223 786 officialis
1244 753 1323 797 ipse
1345 751 1553 784 morabatur
1579 750 1821 796 personaliter
1846 750 2075 792 accedentes,
2098 750 2214 783 eidem
2242 749 2386 783 officiali

514 823 620 856 citato
641 822 802 867 legitime
824 828 859 854 et
878 822 914 853 in
936 827 1057 853 nostra
1078 819 1267 864 presencia
1288 818 1498 857 constituto,
1517 817 1790 862 quintodecimo
1812 817 1870 850 die
1891 817 2017 850 Marcii
2038 817 2203 862 proximo
2221 817 2386 862 preteriti

516 888 749 933 exposuimus
777 894 812 920 et
838 888 874 919 in
903 886 1048 931 scriptis
1076 885 1290 918 tradidimus
1318 896 1444 917 omnes
1472 883 1644 917 articulos
1673 895 1738 917 seu
1766 883 1934 928 capitula,
1962 887 2073 928 super
2100 882 2234 928 quibus
2261 889 2387 916 contra

515 967 595 987 eum
624 955 808 998 inquirere
836 952 1060 993 volebamus,
1090 959 1125 984 et
1152 952 1295 984 tandem
1324 963 1391 984 nos
1422 951 1455 984 ei
1484 951 1684 996 requirenti
1714 950 2007 995 competentibus
2036 950 2080 983 ad
2109 949 2387 983 deliberandum

513 1032 622 1065 super
648 1020 785 1052 eisdem
811 1019 972 1052 articulis
997 1030 1036 1051 ac
1062 1018 1243 1063 capitulis,
1265 1025 1305 1050 ut
1323 1017 1528 1051 facultatem
1554 1017 1705 1050 haberet
1729 1017 1964 1050 deffendendi
1989 1029 2028 1050 se
2054 1017 2174 1062 ipsum
2199 1016 2386 1050 concessis

513 1086 758 1131 indulgenciis
784 1093 819 1118 et
843 1085 886 1118 ab
912 1097 954 1118 eo
981 1085 1212 1130 postmodum
1234 1084 1278 1117 de
1299 1085 1449 1117 veritate
1471 1084 1624 1117 dicenda
1644 1085 1852 1130 juramento
1873 1090 2020 1130 recepto
2046 1095 2085 1117 ac
2111 1095 2222 1129 super
2247 1083 2386 1116 eisdem

512 1153 672 1186 articulis
699 1153 774 1186 sive
801 1151 1158 1197 interrogacionibus
1185 1151 1255 1184 sibi
1280 1151 1383 1184 factis
1410 1152 1563 1196 ejusque
1589 1151 1634 1184 ad
1658 1151 1740 1184 illas
1766 1150 2073 1196 responsionibus
2099 1150 2322 1192 subsecutis,
2347 1161 2387 1184 ac

513 1219 635 1252 multis
661 1219 815 1252 testibus
836 1225 904 1251 tam
926 1230 1037 1263 super
1057 1217 1218 1251 articulis
1239 1218 1330 1263 ipsis
1351 1230 1457 1263 quam
1479 1218 1585 1251 etiam
1607 1230 1718 1263 super
1738 1217 1826 1260 illis,
1848 1230 1941 1263 quos
1962 1217 2059 1251 idem
2080 1216 2244 1250 officialis
2264 1216 2309 1250 ad
2329 1216 2386 1250 sui

514 1287 775 1319 deffensionem
813 1285 987 1326 exhibuit,
1028 1285 1185 1330 receptis
1220 1284 1474 1330 sollempniter
1508 1291 1544 1318 et
1576 1285 1788 1318 examinatis
1825 1285 1930 1318 etiam
1962 1284 2159 1330 diligenter
2186 1295 2386 1329 eorumque

513 1353 704 1398 publicatis
731 1351 1022 1386 attestationibus
1051 1358 1086 1384 et
1112 1352 1202 1384 sacta
1227 1352 1298 1397 ipsi
1326 1352 1470 1385 officiali
1496 1352 1599 1398 copia
1625 1352 1669 1385 de
1697 1352 1837 1385 eisdem
1865 1363 2009 1385 necnon
2036 1351 2079 1385 ad
2107 1350 2385 1397 proponendum

513 1420 632 1453 omnia
663 1432 732 1464 que
762 1419 872 1452 vellet
901 1430 1105 1464 proponere
1136 1418 1207 1451 sibi
1237 1419 1459 1464 competenti
1489 1431 1528 1452 ac
1558 1419 1806 1464 peremptorio
1835 1418 1990 1452 termino
2025 1418 2230 1464 assignat03
2252 1417 2386 1451 auditis

512 1486 663 1531 insuper
679 1493 714 1519 et
729 1486 884 1530 receptis
906 1485 1075 1518 omnibus
1093 1497 1162 1530 que
1182 1485 1298 1519 voluit
1317 1497 1523 1531 proponere
1539 1485 1652 1519 verbo
1669 1493 1776 1519 tenus
1797 1492 1833 1519 et
1852 1486 1889 1518 in
1910 1485 2070 1530 scriptis,
2087 1484 2262 1518 concluso
2279 1484 2386 1518 etiam

513 1553 550 1585 in
577 1553 724 1598 negotio
750 1565 820 1597 quo
846 1552 889 1584 ad
914 1553 1032 1597 ipsum
1059 1552 1229 1585 universa
1256 1552 1462 1586 curavimus
1489 1553 1654 1597 ejusdem
1679 1553 1825 1598 negocii
1850 1559 1926 1585 acta
1951 1551 2153 1593 revolvere,
2176 1557 2212 1585 et
2235 1551 2323 1596 quid
2348 1551 2386 1584 in

513 1620 575 1653 illo
610 1619 799 1665 probatum
835 1625 933 1652 esset
965 1619 1022 1652 vel
1056 1619 1302 1652 consessatum
1332 1631 1397 1652 seu
1427 1618 1515 1652 alias
1545 1619 1723 1664 legittime
1757 1618 1917 1652 habitum
1953 1619 2138 1664 indagare.
2174 1618 2385 1652 Invenimus

513 1687 625 1731 igitur
663 1686 863 1731 predictum
904 1685 1092 1718 officialem
1132 1697 1251 1718 coram
1291 1685 1399 1719 nobis
1433 1686 1471 1718 in
1504 1686 1645 1730 judicio
1679 1687 1795 1719 fuisse
1834 1686 2043 1719 confessum
2083 1685 2181 1730 quod
2218 1684 2386 1719 nonnulli

513 1753 713 1786 servientes
744 1752 788 1785 de
818 1752 925 1785 domo
956 1759 991 1784 et
1019 1752 1125 1784 furno
1155 1752 1344 1797 predictis,
1375 1764 1530 1798 quorum
1561 1753 1707 1786 nomina
1736 1753 1774 1785 in
1803 1752 1920 1798 primo
1949 1752 2128 1794 citatorio,
2159 1753 2263 1797 cujus
2289 1751 2385 1786 idem

512 1819 674 1852 officialis
708 1819 846 1863 copiam
881 1819 982 1863 prius
1016 1818 1203 1860 habuerat,
1240 1826 1325 1852 sunt
1356 1831 1541 1865 expressa,
1572 1820 1616 1853 de
1647 1820 1754 1852 domo
1788 1819 1867 1864 ipsa
1901 1831 1981 1852 cum
2012 1819 2121 1852 armis
2151 1819 2196 1851 ad
2225 1818 2386 1852 scolares

511 1892 685 1919 exeuntes
720 1886 868 1918 eosdem
902 1885 1076 1930 ipsosque
1110 1886 1370 1931 aggredientes
1406 1898 1532 1919 eorum
1562 1886 1706 1932 aliquos
1738 1892 2001 1932 percusserunt
2029 1891 2065 1918 et
2097 1885 2196 1918 illosr
2217 1897 2260 1918 ex
2293 1885 2385 1931 ipsis

513 1964 665 1997 quorum
691 1952 835 1985 nomina
861 1952 1030 1997 superius
1056 1959 1142 1985 sunt
1166 1964 1338 1998 expressa
1364 1954 1523 1999 graviter
1548 1953 1798 1987 vulnerarunt.
1826 1954 1868 1986 Et
1894 1953 1980 1986 licet
2007 1952 2170 1986 officialis
2195 1952 2233 1984 in
2257 1951 2386 1997 hujus-

513 2019 611 2051 modi
631 2019 860 2051 consessione
882 2019 1055 2063 adjecerit
1075 2019 1173 2063 quod
1194 2019 1264 2064 ipsi
1286 2020 1489 2053 servientes
1510 2020 1601 2053 hanc
1622 2021 1789 2053 fecerunt
1807 2020 1976 2064 injuriam
2000 2019 2226 2064 repellendo,
2249 2018 2385 2052 nullam

513 2091 630 2118 tamen
656 2085 700 2117 de
726 2085 855 2129 injuria
876 2085 1085 2130 hujusmodi
1106 2085 1214 2118 fidem
1235 2086 1332 2128 fecit,
1356 2087 1444 2131 quin
1465 2087 1574 2120 immo
1602 2099 1666 2132 per
1686 2088 1933 2132 juramentum
1958 2086 2146 2131 proprium
2172 2085 2388 2131 recognovit

513 2151 610 2196 quod
636 2151 721 2184 dicti
747 2152 947 2184 servientes
969 2159 1090 2196 portas
1112 2153 1247 2197 prefate
1270 2153 1400 2186 domus
1421 2153 1562 2186 clausas
1582 2154 1746 2187 tenuisse
1767 2160 1961 2199 potuerant
1980 2159 2016 2186 et
2035 2153 2133 2198 quod
2159 2164 2219 2186 eas
2244 2152 2385 2187 clausas

513 2217 669 2250 tenendo
690 2217 733 2250 ab
755 2218 893 2250 eisdem
915 2218 1118 2251 scolaribus
1140 2219 1205 2252 tuti
1227 2226 1340 2252 erant.
1364 2221 1453 2252 Eum
1477 2220 1583 2253 etiam
1604 2220 1813 2253 confessum
1835 2220 1949 2253 fuisse
1970 2219 2175 2264 reperimus
2196 2219 2294 2264 quod
2314 2218 2386 2264 ipsi

513 2284 713 2317 servientes
741 2284 869 2317 dictam
897 2285 1042 2317 domum
1071 2292 1153 2330 post
1180 2286 1231 2318 sic
1259 2286 1493 2319 commissum
1523 2298 1714 2320 excessum
1738 2286 1950 2331 hujusmodi
1975 2286 2209 2327 reintrarunt,
2232 2292 2267 2318 et
2287 2285 2386 2330 quod

513 2357 595 2383 tunc
622 2350 672 2382 ibi
698 2362 761 2383 eos
786 2351 880 2383 idem
908 2351 1070 2384 officialis
1096 2352 1246 2394 invenit,
1270 2353 1442 2398 quodque
1468 2353 1569 2398 ipsos
1590 2353 1635 2386 de
1656 2354 1748 2386 sacto
1773 2354 1891 2386 facere
1916 2353 1995 2398 capi
2021 2359 2057 2386 et
2080 2353 2244 2394 detinere
2269 2351 2387 2397 potuit

513 2423 547 2449 et
571 2417 667 2461 quod
694 2429 757 2449 eos
782 2417 896 2450 libere
923 2424 957 2450 et
982 2418 1180 2462 impunitos
1201 2419 1300 2452 abire
1321 2420 1498 2464 permisit.
1521 2420 1626 2454 Circa
1646 2420 1755 2453 finem
1777 2432 1923 2465 quoque
1943 2419 2126 2465 presentis
2150 2418 2295 2464 negocii
2317 2418 2387 2452 fuit

513 2483 674 2515 officialis
700 2484 778 2527 ipse
803 2484 994 2516 confessus
1016 2485 1112 2529 quod
1134 2485 1213 2529 ipse
1235 2486 1463 2519 Leonardum
1486 2487 1621 2519 dictum
1643 2487 1894 2520 Carcerarium
1920 2498 2133 2531 expressum
2155 2486 2192 2518 in
2219 2485 2383 2518 citatorio

514 2549 733 2593 supradicto,
764 2556 911 2593 propter
941 2562 1047 2594 quem
1078 2563 1267 2584 excessum
1298 2552 1508 2597 hujusmodi
1541 2554 1599 2586 cui
1629 2565 1669 2586 se
1699 2554 1910 2587 interfuisse
1936 2552 2151 2598 recognovit
2176 2552 2214 2584 in
2242 2551 2383 2596 judicio

514 2626 632 2647 coram
658 2615 764 2647 nobis
790 2628 859 2648 una
885 2628 965 2648 cum
987 2617 1203 2661 quibusdam
1225 2618 1305 2652 aliis
1327 2632 1370 2652 ex
1390 2620 1685 2654 malefactoribus
1706 2620 1925 2666 supradictis
1949 2619 2171 2653 faciebamus
2195 2619 2232 2651 in
2257 2618 2383 2651 eadem

515 2680 621 2713 (101
651 2681 688 2712 in
717 2693 860 2714 carcere
891 2683 1017 2726 prefati
1048 2684 1210 2729 episcopi
1241 2685 1410 2727 detineri,
1442 2693 1541 2720 motu
1572 2687 1721 2732 proprio
1752 2687 1831 2720 sine
1861 2686 2015 2731 alicujus
2050 2685 2215 2718 mandato
2249 2685 2385 2718 fecerat

514 2746 672 2779 liberari.
702 2748 745 2779 Et
771 2747 855 2780 licet
880 2748 923 2780 ad
952 2751 1225 2783 excusacionem
1254 2764 1354 2785 suam
1382 2753 1609 2798 pretenderit
1634 2754 1732 2798 quod
1756 2753 1888 2786 bonam
1915 2759 1951 2786 et
1974 2753 2151 2798 ydoneam
2179 2752 2383 2785 cautionem

515 2824 578 2857 pro
613 2812 712 2845 illius
746 2813 959 2846 dimissione
993 2823 1179 2860 receperat
1212 2817 1255 2850 ab
1290 2819 1431 2860 eodem,
1464 2826 1637 2864 quantum
1666 2819 1724 2853 vel
1755 2819 1897 2864 qualem
1927 2818 2130 2864 recepisset
2161 2818 2294 2851 docere
2325 2818 2383 2852 vel

514 2879 715 2923 exprimere
741 2891 813 2911 non
844 2881 981 2913 curavit
1004 2893 1045 2913 ex
1071 2889 1169 2926 parte
1196 2891 1316 2917 nostra
1341 2897 1453 2930 super
1476 2886 1544 2919 hoc
1571 2886 1783 2931 requisitus,
1812 2897 1879 2918 nec
1907 2886 2013 2918 etiam
2040 2885 2242 2930 recipiendi
2269 2884 2313 2918 ab
2339 2897 2382 2918 eo

514 2945 715 2977 cautionem
743 2945 896 2989 aliquam
925 2957 1035 2990 super
1062 2947 1129 2980 hoc
1159 2949 1266 2981 ullam
1293 2950 1468 2986 habuerat
1494 2959 1722 2998 potestatem.
1750 2953 1879 2985 Testes
1907 2952 2012 2985 etiam
2042 2958 2167 2984 contra
2193 2951 2381 2986 officialem
