2580 3528
467 382 534 415 428
1059 392 1379 415 anR'rULAmUM
1413 392 1604 414 umvaas.
1641 392 1770 414 PAnls.
1965 399 1968 401 >
2250 381 2349 423 [1263

471 465 676 511 Gregorius
720 478 810 511 papa
854 466 1097 511 predecessor
1139 473 1266 499 noster
1311 466 1434 511 potius
1478 465 1702 511 provisionis
1746 465 1994 498 moderamine
2038 477 2144 510 quam
2183 465 2349 510 judiciali

472 532 651 566 sententia
682 533 783 565 duxit
813 533 857 565 de
887 533 1036 566 fratrum
1068 545 1217 565 suorum
1248 533 1404 566 consilio
1435 532 1644 577 sopiendas.
1677 532 1781 566 Circa
1811 539 1941 566 statum
1973 544 2060 566 vero
2091 531 2284 565 scolarium
2315 538 2350 565 et

472 599 654 633 scolarum
675 599 741 632 hec
769 599 893 632 statuit
912 599 1153 641 observanda,
1180 599 1354 633 videlicet
1373 599 1471 644 quod
1492 598 1647 644 quilibet
1666 598 1906 632 cancellarius
1931 599 2150 632 Parisiensis
2176 599 2350 644 deinceps

473 666 666 707 creandus,
689 672 753 700 etc.
777 672 815 700 ut
834 678 944 711 supra
965 670 1003 699 n⁰
1024 668 1078 707 79,
1100 678 1188 711 pag.
1216 667 1291 707 137,
1313 677 1417 711 usque
1437 665 1603 698 videritis
1625 666 1809 710 expedire.
1830 666 1998 711 Precepit
2016 673 2134 699 autem
2155 666 2252 699 idem
2273 677 2350 711 pre-

474 733 649 767 decessor
664 740 703 766 ut
718 733 936 766 Parisicnsis
954 732 1149 778 episcopus
1167 733 1219 765 sic
1237 732 1527 777 delinquentium
1545 732 1699 777 castiget
1716 744 1902 774 excessus,
1921 738 2000 774 etc.,
2018 744 2123 778 usque
2142 732 2349 766 interdicto.

474 799 665 833 Prohibuit
685 799 836 844 insuper
864 799 983 832 dictus
1005 799 1260 844 predecessor,
1289 810 1334 831 ne
1363 798 1524 831 scolares
1545 810 1612 843 pro
1633 805 1819 831 contracto
1845 798 1982 840 debito,
2010 804 2089 840 etc„
2114 811 2219 844 usque
2245 799 2352 832 casti-

474 867 597 912 gandi,
627 866 722 898 idem
751 866 993 910 predecessor
1019 865 1125 898 vobis
1152 865 1337 898 concessit
1356 864 1508 898 liberam
1529 864 1747 898 facultatem.
1778 866 1822 898 Et
1849 865 1893 904 si,
1920 870 2000 907 eta,
2029 876 2134 911 usque
2160 865 2350 899 lectiones.

476 932 638 965 Inhibuit
658 938 775 965 autem
794 931 1005 976 expressius
1022 938 1061 963 ut
1077 931 1238 964 scolares
1255 943 1320 976 per
1336 931 1516 964 civitatem
1538 931 1664 964 armati
1685 943 1759 964 non
1779 931 1923 973 vadant,
1944 937 2023 973 etc.,
2046 943 2152 977 usque
2170 931 2350 965 libertate.

475 999 531 1031 Ad
557 998 623 1031 hec
644 999 757 1043 jussit
782 1005 820 1030 ut
844 998 1009 1043 magistri
1037 998 1180 1038 artium,
1210 1003 1289 1038 etc.,
1312 1009 1417 1043 usque
1444 997 1643 1031 terminari.
1673 999 1841 1031 Preterea
1868 998 1913 1031 de
1941 998 2049 1031 bonis
2070 998 2265 1032 scolarium
2290 998 2352 1044 qui

476 1065 635 1098 intestati
656 1064 839 1097 decedunt
858 1063 915 1097 vel
936 1075 1057 1096 rerum
1080 1075 1227 1096 suarum
1249 1063 1516 1097 ordinationem
1538 1064 1618 1097 aliis
1640 1076 1713 1097 non
1734 1064 1975 1106 committunt,
2003 1064 2246 1110 predecessor
2271 1065 2351 1110 ipse

476 1132 528 1164 sic
558 1131 660 1164 duxit
693 1130 972 1176 providendum,
1003 1130 1176 1163 videlicet
1205 1137 1243 1163 ut
1272 1130 1469 1176 episcopus
1500 1137 1535 1164 et
1563 1142 1660 1164 unus
1694 1131 1739 1164 de
1769 1131 1969 1177 magistris,
1999 1137 2078 1174 etc.,
2109 1143 2214 1177 usque
2247 1143 2353 1177 quam

475 1209 717 1239 communem,
741 1197 859 1230 dictus
886 1196 1128 1242 predecessor
1153 1196 1338 1242 generalis
1359 1197 1515 1230 ecclesie
1535 1197 1754 1231 necessitate
1774 1210 1813 1231 ac
1835 1198 1988 1232 utilitate
2007 1205 2156 1244 pensata
2180 1198 2297 1232 voluit
2320 1205 2356 1232 et

477 1265 658 1298 mandavit
684 1271 736 1306 ut,
763 1270 953 1309 postquam
980 1276 998 1296 a
1023 1264 1213 1297 carissimo
1234 1264 1271 1296 in
1292 1263 1439 1297 Christo
1462 1263 1537 1297 filio
1559 1271 1685 1298 nostro
1707 1264 1842 1298 illustri
1864 1277 1951 1311 rege
1973 1266 2193 1298 Francorum
2220 1265 2355 1311 magis-

476 1332 542 1365 tris
570 1338 604 1364 et
633 1330 836 1364 scolaribus
864 1330 1055 1376 privilegia
1083 1330 1241 1363 exhibita
1262 1331 1398 1364 fuerint
1417 1337 1452 1364 et
1472 1331 1516 1364 de
1538 1331 1700 1376 ipsorum
1723 1331 2017 1366 malefactoribus
2045 1332 2198 1366 emende
2225 1338 2354 1374 taxate,

475 1398 636 1432 Parisius
671 1398 769 1430 licite
804 1397 973 1430 studeant
1006 1397 1106 1430 nulla
1140 1409 1293 1442 prorsus
1327 1397 1372 1430 de
1412 1409 1511 1431 mora
1549 1398 1607 1431 vel
1642 1398 1782 1431 reditus
1816 1399 1962 1432 infamia
1995 1399 2053 1433 vel
2087 1399 2355 1444 irregularitate

476 1465 637 1499 notandi.
665 1466 739 1498 Nos
765 1471 882 1497 autem
909 1464 1172 1509 provisionem,
1194 1464 1506 1506 constitutionem,
1533 1465 1824 1506 concessionem,
1852 1465 2135 1512 prohibitionem
2162 1472 2198 1499 et
2221 1465 2356 1499 inhibi-

476 1533 612 1566 tionem
651 1531 861 1576 hujusmodi
900 1530 1145 1576 approbantes
1179 1531 1223 1564 ad
1256 1531 1370 1564 instar
1404 1531 1680 1577 predecessoris
1715 1532 1870 1577 predicti
1904 1544 1944 1566 ea
1978 1533 2098 1566 onmia
2137 1539 2173 1566 et
2210 1531 2355 1578 singula

477 1599 689 1632 mandamus
725 1605 758 1631 et
789 1598 1010 1643 precipimus
1041 1597 1302 1631 inviolabiliter
1337 1598 1538 1632 observari.
1571 1599 1649 1632 Dat.
1681 1599 1776 1644 apud
1807 1599 1943 1633 Urbem
1972 1600 2143 1633 Veterem
2178 1599 2252 1644 xiiij
2283 1599 2353 1633 kal.

477 1666 678 1707 Februarii,
701 1665 932 1710 pontificatus
953 1665 1069 1698 nostri
1091 1677 1185 1697 anno
1208 1665 1384 1698 secundo.

570 1765 693 1792 Bulaeus,
711 1764 755 1792 111,
772 1765 826 1792 360,
843 1772 873 1787 cx
888 1763 1022 1795 originali,
1038 1763 1112 1787 bulla
1125 1763 1251 1795 plumbea
1268 1772 1279 1786 α
1295 1764 1424 1795 pendente
1440 1772 1470 1787 ex
1487 1765 1548 1787 sune
1562 1764 1710 1788 cannabino
1726 1773 1738 1788 n
1754 1765 1864 1789 munita.

477 1968 590 2005 385.
619 1977 749 2003 Urbanus
766 1978 810 2003 IV
826 1977 1032 2003 archidiacono
1044 1976 1225 2002 Pissiacensi
1246 1975 1395 2002 committit
1416 1985 1450 2002 ne
1465 1975 1646 2011 Reginaldus
1662 1976 1814 2013 episcopus
1829 1976 1988 2003 Parisiens.
2006 1976 2147 2014 impediat
2161 1977 2315 2013 magistros
2330 1981 2359 2005 et

568 2026 715 2052 scholares
730 2026 888 2052 parisiens.
909 2027 938 2052 in
954 2026 1115 2052 debitorum
1141 2025 1342 2051 Universitatis
1356 2024 1499 2051 solutione
1515 2025 1705 2052 contribuere.

1478 2119 1555 2149 7263.
1571 2119 1690 2145 «Ianuarii
1701 2120 1746 2149 27,
1763 2120 1832 2152 apud
1844 2119 1932 2146 vrbem
1948 2121 2072 2146 Veterem.

570 2203 740 2237 Urbanus
767 2203 963 2248 episcopus
992 2213 1121 2235 servus
1152 2213 1342 2235 servorum
1370 2202 1437 2234 Dei
1467 2202 1602 2235 dilecto
1633 2202 1708 2235 filio
1737 2230 1758 2235 ..
1789 2203 2044 2237 archidiacono
2071 2203 2293 2238 Pissiacensi
2321 2204 2358 2237 in

481 2271 635 2305 ecclesia
663 2270 879 2304 Carnotcnsi
907 2269 1059 2302 salutem
1089 2275 1124 2302 et
1150 2268 1386 2314 apostolicam
1413 2268 1721 2303 benedictionem.
1751 2271 1803 2303 Ex
1828 2277 1928 2316 parte
1956 2271 2172 2304 dilectorum
2200 2270 2358 2304 filiorum

481 2337 729 2371 universitatis
756 2336 1013 2382 magistrorum
1045 2342 1080 2368 et
1107 2335 1302 2368 scolarium
1330 2335 1591 2368 Parisiensium
1621 2337 1688 2370 suit
1718 2337 1946 2383 propositum
1967 2349 2087 2371 coram
2109 2337 2229 2379 nobis,
2261 2337 2359 2383 quod

483 2406 553 2451 ipsi
578 2417 643 2450 pro
669 2403 924 2436 communibus
951 2402 1116 2447 ejusdem
1143 2402 1401 2435 Universitatis
1423 2402 1582 2448 negotiis
1605 2415 1733 2449 magna
1759 2403 1953 2437 subierunt
1973 2416 2083 2437 onera
2104 2415 2357 2450 expensarum,

483 2484 633 2518 quarum
664 2470 855 2504 occasione
886 2469 979 2502 dicta
1010 2469 1237 2502 Universitas
1268 2475 1324 2501 est
1353 2468 1522 2514 pluribus
1552 2469 1687 2503 debitis
1717 2470 1888 2516 obligata.
1919 2472 1994 2504 Nos
2024 2471 2144 2516 itaque
2170 2471 2360 2516 cupientes

483 2539 633 2572 eandem
656 2537 934 2570 Ifnivcrsitatem
957 2535 1001 2568 ab
1023 2536 1184 2580 ipsorum
1208 2535 1414 2568 debitorum
1437 2548 1548 2569 onere
1569 2536 1735 2579 relevari,
1759 2537 1972 2571 discretioni
1997 2545 2056 2571 tue
2078 2549 2143 2583 per
2162 2536 2360 2583 apostolica

485 2605 618 2649 scripta
644 2603 855 2636 mandamus
877 2602 1047 2647 quatinus
1074 2602 1104 2635 si
1126 2601 1211 2635 illos
1232 2613 1275 2635 ex
1297 2602 1471 2647 predictis
1501 2603 1685 2648 magistris
1706 2610 1741 2637 et
1762 2603 1979 2646 scolaribus,
2002 2604 2064 2650 qui
2089 2604 2126 2637 in
2150 2603 2361 2649 hujusmodi

486 2671 690 2704 debitorum
732 2669 914 2702 solutione
954 2667 1187 2701 contribuere
1226 2680 1307 2701 cum
1344 2668 1437 2702 dicta
1473 2670 1718 2704 Universitate
1756 2671 1953 2713 voluerint,
1992 2670 2213 2704 venerabilis
2251 2670 2362 2703 frater

487 2744 647 2772 noster..
666 2735 882 2768 Parisiensis
903 2735 1099 2779 episcopus
1119 2735 1177 2768 vel
1197 2735 1407 2780 quicunque
1428 2735 1489 2768 alii
1506 2748 1617 2782 super
1637 2737 1706 2770 hoc
1723 2738 2014 2783 presumpserint
2034 2737 2224 2782 impedire,
2242 2743 2280 2770 tu
2297 2747 2361 2770 eos

487 2805 531 2839 ab
558 2802 769 2848 hujusmodi
798 2801 1058 2846 impedimento
1090 2801 1269 2835 desistere
1297 2802 1499 2836 monitione
1527 2804 1705 2848 premissa
1733 2804 1944 2838 auctoritate
1970 2810 2094 2838 nostra
2118 2803 2361 2849 appellatione

488 2877 624 2905 remota
658 2867 868 2913 compellas,
904 2879 976 2899 non
1012 2867 1241 2901 obstantibus
1279 2868 1464 2913 aliquibus
1502 2869 1635 2904 litteris
1674 2871 1848 2916 episcopo
1887 2878 1922 2904 et
1959 2871 2040 2904 aliis
2078 2870 2253 2916 predictis
2292 2869 2361 2903 sub

489 2948 703 2984 quacunque
723 2935 835 2967 forma
857 2933 900 2966 ab
921 2933 1119 2978 apostolica
1140 2934 1228 2967 sede
1249 2934 1411 2977 directis,
1433 2948 1498 2981 per
1519 2949 1608 2982 quas
1629 2944 1781 2982 possent
1800 2949 1911 2983 super
1931 2937 1999 2970 hoc
2020 2935 2298 2982 quomodolibet
2321 2943 2360 2970 se

2572 2804 2580 2979 Ξ

2573 2982 2580 3087 Ξ
