2580 3528
256 425 353 467 1275]
595 436 642 458 AB
676 436 782 458 ‚anuo
816 435 894 459 uec
928 436 1062 465 usous
1096 436 1145 459 An
1180 437 1411 460 ramerum
1446 439 1486 461 iv
1520 439 1612 462 aaa.
1648 441 1786 463 nuuc.
2062 435 2125 468 537

254 509 446 544 consuevit
474 510 511 543 in
540 509 674 543 talibus
704 509 910 548 observato,
942 510 979 543 in
1010 522 1050 544 ea
1080 510 1151 544 sibi
1181 510 1363 544 licentiam
1393 511 1604 557 hujusmodi
1631 513 1811 560 largiaris.
1844 517 1888 549 Et
1915 516 2000 550 licet
2029 525 2128 562 post-

254 576 400 611 modum
422 576 560 610 eisdem
582 588 647 622 per
666 583 701 610 te
721 577 878 622 receptis
897 576 1030 611 litteris
1048 577 1209 623 prefatus
1228 578 1259 612 J.
1282 585 1425 612 servato
1445 577 1656 624 hujusmodi
1675 580 1804 614 ordine
1825 581 1868 614 ad
1890 582 2127 627 optinendum

253 643 434 677 licentiam
456 643 571 690 ipsam
597 643 689 677 adeo
714 650 882 689 repertus
907 644 1039 678 fuisset
1063 644 1230 690 ydoneus
1257 651 1297 678 ut
1322 645 1360 678 in
1387 657 1469 679 eum
1497 646 1645 691 majoris
1673 647 1785 692 partis
1811 648 2068 694 magistrorum
2091 650 2128 683 in

257 709 351 744 dicta
377 709 545 744 facultate
572 710 776 757 regentium
807 717 843 744 et
868 722 941 744 non
970 711 1175 757 regentium
1204 723 1316 758 super
1341 710 1410 746 hoc
1436 719 1517 746 vota
1544 721 1819 755 concurrerent,
1847 721 1884 748 tu
1912 722 2030 749 tamen
2058 715 2129 749 sibi

253 777 384 811 dictam
413 776 595 811 licentiam
625 778 829 811 concedere
855 789 920 823 pro
949 784 1009 811 tue
1034 777 1233 812 voluntatis
1261 778 1365 812 libito
1396 779 1585 821 distulisti,
1611 781 1775 826 quamvis
1802 781 1846 815 ab
1870 781 1995 816 eadem
2023 783 2128 816 etiam

255 844 383 890 majori
405 851 505 890 parte
526 844 657 878 fuisset
676 851 867 890 propterea
889 844 1051 891 legitime
1070 857 1110 879 ac
1130 844 1317 879 humiliter
1335 846 1591 892 supplicatum,
1612 854 1651 881 ut
1671 859 1782 894 super
1802 848 1870 882 hoc
1896 861 1961 894 per
1986 857 2130 884 nostras

255 910 395 945 litteras
416 911 628 957 expressius
643 910 709 944 tibi
730 910 892 945 scribere
913 911 1160 958 dignaremur.
1178 913 1253 946 Nos
1274 912 1399 958 igitur,
1416 913 1478 958 qui
1498 914 1697 948 eorundem
1719 914 1860 949 abbatis
1877 922 1912 949 et
1926 923 2129 950 conventus

257 971 294 1011 in
314 977 380 1012 hac
401 984 501 1024 parte
518 977 848 1024 supplicationibus
868 978 1026 1012 libenter
1045 979 1252 1020 annuimus,
1270 979 1438 1013 nolentes
1453 980 1703 1026 imperfectum
1726 981 1846 1016 deseri
1863 983 1961 1028 quod
1983 983 2027 1016 de
2048 983 2129 1029 ipso

256 1044 420 1079 Johanne
441 1044 672 1079 laudabiliter
691 1045 879 1079 noscimur
899 1044 1106 1088 inchoasse,
1127 1046 1214 1091 quin
1236 1046 1358 1092 potius
1377 1046 1543 1081 volentes
1568 1059 1649 1081 eum
1672 1048 1816 1094 pietatis
1837 1056 1986 1095 paterne
2007 1050 2129 1084 studio

257 1112 293 1145 in
323 1111 533 1157 hujusmodi
563 1123 631 1146 suo
664 1119 748 1146 voto
778 1111 951 1146 laudabili
980 1112 1227 1146 favorabiliter
1255 1125 1485 1158 promovere.
1515 1126 1588 1160 quo
1623 1115 1823 1160 prudenter
1850 1116 2003 1150 attendit
2031 1117 2129 1162 quod

260 1179 493 1213 scientiarum
521 1190 701 1225 generosa
729 1179 916 1224 possessio
947 1179 983 1212 in
1011 1179 1136 1225 plures
1165 1180 1331 1225 dispersa
1360 1192 1434 1213 non
1464 1180 1606 1227 deperit
1633 1188 1668 1215 et
1694 1182 1887 1216 distributa
1915 1195 1979 1229 per
2009 1190 2130 1229 partes

259 1245 512 1280 minorationis
534 1245 749 1279 detrimenta
769 1257 843 1279 non
870 1246 994 1287 sentit,
1020 1245 1086 1279 sed
1113 1258 1156 1280 eo
1181 1246 1390 1280 diuturnius
1415 1254 1625 1293 perpetuata
1650 1249 1822 1291 senescit,
1851 1261 1924 1295 quo
1949 1250 2130 1295 publicata

257 1312 451 1346 fecundius
471 1323 511 1346 se
532 1312 715 1354 diffundit,
738 1311 931 1346 distributa
956 1324 1102 1358 quoque
1127 1313 1391 1347 incrementum
1417 1314 1584 1360 suscipit,
1613 1321 1649 1348 et
1667 1327 1812 1349 avarum
1834 1316 2027 1362 dedignata
2050 1329 2130 1363 pos-

256 1390 443 1413 sessorem
478 1379 549 1420 nisi
583 1378 790 1425 publicetur
824 1378 991 1420 elabitur,
1023 1386 1059 1413 et
1086 1386 1236 1425 propter
1262 1379 1331 1413 hoc
1361 1380 1495 1414 donum
1527 1381 1680 1415 scientie
1714 1394 1816 1416 sacre
1850 1384 1981 1429 pagine
2011 1383 2082 1417 sibi
2112 1397 2131 1418 a

255 1446 412 1480 Domino
441 1446 619 1480 creditum
649 1452 746 1480 tanto
775 1445 943 1480 docendo
976 1446 1222 1480 accumularet
1254 1446 1418 1488 uberius,
1453 1454 1588 1492 quanto
1619 1448 1834 1494 diligentius
1862 1449 2021 1495 legendo
2050 1450 2131 1484 aliis

255 1513 457 1547 studiosius
485 1519 668 1559 erogaret,
698 1519 782 1559 post
808 1513 971 1546 diutinos
996 1512 1142 1547 labores
1172 1520 1318 1547 exactos
1344 1514 1382 1547 in
1411 1513 1622 1560 hujusmodi
1649 1527 1752 1549 sacre
1780 1517 1911 1562 pagine
1939 1517 2060 1551 studio
2087 1518 2131 1551 ad

257 1580 459 1627 magisterii
491 1580 644 1626 gradum
674 1580 858 1614 ferventer
886 1580 1022 1626 aspirat
1043 1580 1239 1626 :quocirca
1269 1580 1527 1615 discretionem
1558 1588 1653 1616 tuam
1684 1583 1848 1628 rogando
1876 1595 2067 1618 monemus
2098 1591 2133 1618 et

255 1646 443 1681 hortamur
471 1646 644 1680 attentius
672 1658 738 1693 per
767 1646 964 1692 apostolica
995 1646 1060 1680 tibi
1089 1647 1223 1693 scripta
1252 1647 1417 1682 districte
1447 1648 1684 1694 precipiendo
1714 1649 1927 1684 mandantes
1961 1651 2132 1696 quatinus

255 1713 484 1747 attendentes
514 1713 680 1760 provide,
708 1713 806 1759 quod
833 1725 959 1747 aurum
987 1713 1194 1760 dispersum
1223 1714 1346 1748 rutilat
1373 1715 1505 1748 melius
1534 1727 1640 1761 quam
1671 1716 1867 1762 signatum,
1899 1717 2085 1763 nichilque
2114 1730 2132 1751 a

256 1779 392 1814 vilibus
418 1779 541 1827 tophis
567 1792 711 1827 gemme
735 1780 909 1814 differunt
934 1780 1005 1814 nisi
1034 1780 1260 1815 deducantur
1284 1781 1322 1814 in
1348 1782 1520 1822 medium,
1550 1794 1616 1816 nec
1638 1790 1723 1817 sunt
1749 1783 1943 1817 claudendi
1967 1785 2132 1818 doctrine

258 1847 326 1881 rivi
346 1847 427 1889 sed,
444 1848 547 1893 juxta
569 1846 813 1889 Salomonem,
836 1862 852 1879 «
876 1847 1088 1882 deriventur
1114 1848 1234 1882 sontes
1259 1848 1310 1882 tui
1335 1848 1432 1882 foras
1457 1855 1492 1882 et
1516 1861 1627 1895 aquas
1648 1856 1727 1883 tuas
1748 1850 1784 1883 in
1805 1850 1935 1896 plateis
1955 1851 2077 1885 divide
2100 1866 2132 1894 n,

256 1914 287 1948 si
316 1914 436 1948 dictus
469 1913 655 1948 Johannes
691 1914 821 1948 ordine
850 1915 913 1960 qui
947 1915 1085 1949 servari
1115 1915 1307 1949 consuevit
1334 1915 1372 1948 in
1401 1915 1535 1950 talibus
1563 1915 1757 1951 observato
1787 1929 1853 1963 per
1882 1917 2133 1964 depositiones

256 1981 515 2027 magistrorum
544 1981 706 2015 Parisius
736 1981 774 2014 in
801 1981 896 2015 dicta
924 1981 1093 2015 facultate
1123 1982 1328 2028 regentium
1359 1988 1394 2016 et
1423 1994 1497 2016 non
1526 1983 1732 2029 regentium
1759 1983 1817 2018 vel
1843 1985 1992 2030 majoris
2022 1986 2133 2031 partis

258 2059 384 2082 eorum
411 2047 615 2094 reperiatur
640 2048 807 2094 ydoneus
833 2048 877 2082 ad
904 2047 1115 2094 hujusmodi
1141 2048 1323 2083 licentiam
1350 2048 1600 2092 obtinendam,
1625 2050 1744 2084 eidem
1769 2050 1925 2085 Johanni
1950 2051 2133 2086 licentiam

259 2114 374 2160 ipsam
409 2113 547 2160 absque
577 2114 769 2149 dilacionis
798 2114 988 2149 obstaculo
1015 2127 1055 2149 ac
1085 2115 1306 2150 difficultatis
1336 2115 1441 2150 obice
1470 2115 1651 2162 largiaris.
1682 2118 1762 2151 Non
1793 2117 2024 2152 obstantibus
2054 2119 2133 2164 qui-

261 2180 490 2227 buscumque
516 2181 734 2228 privilegiis,
761 2181 1003 2228 indulgentiis
1028 2189 1064 2216 et
1083 2182 1215 2216 litteris
1239 2182 1452 2229 apostolicis
1476 2183 1693 2217 cancellario
1719 2184 1874 2218 ecclesie
1900 2185 2132 2227 parisiensis,

260 2247 322 2293 qui
361 2254 418 2282 est
458 2259 524 2294 pro
562 2254 740 2294 tempore,
778 2255 838 2282 aut
872 2249 989 2282 eidem
1028 2249 1183 2283 ecclesie
1219 2249 1278 2283 vel
1311 2249 1537 2283 universitati
1573 2250 1828 2296 magistrorum
1867 2258 1901 2284 et
1938 2251 2132 2285 scolarium

259 2314 456 2348 Parisiens.
488 2315 679 2349 concessis
709 2326 775 2349 seu
804 2315 948 2349 statutis
977 2321 1014 2349 et
1041 2315 1372 2349 consuetudinibus
1401 2315 1607 2350 cancellarii
1638 2316 1793 2350 ecclesie
1818 2330 1857 2351 ac
1884 2318 2133 2352 universitatis

260 2381 504 2427 predictorum
532 2381 738 2423 contrariis,
759 2382 981 2427 juramento,
1007 2381 1283 2416 confirmatione
1308 2382 1408 2416 sedis
1433 2382 1632 2428 apostolice
1652 2383 1709 2417 vel
1730 2384 1857 2429 quavis
1878 2384 2044 2418 firmitate
2065 2385 2132 2419 alia

260 2447 457 2489 roboratis,
496 2459 562 2494 per
597 2459 668 2494 que
704 2447 939 2494 presentibus
975 2459 1049 2482 non
1085 2460 1257 2495 expressa
1292 2448 1350 2482 vel
1386 2448 1544 2483 totaliter
1576 2461 1648 2483 non
1684 2449 1819 2484 inserta
1856 2450 2001 2497 largitio
2038 2451 2133 2486 dicte

259 2514 405 2549 licentie
441 2514 609 2561 impediri
649 2514 765 2548 valeat
801 2514 1077 2560 quomodolibet
1112 2514 1169 2549 vel
1207 2515 1345 2549 differri
1381 2522 1417 2549 et
1455 2515 1500 2549 de
1537 2515 1671 2561 quibus
1707 2528 2009 2564 quorumcunque
2048 2519 2134 2553 totis

259 2580 456 2616 tenoribus
481 2587 646 2628 oporteat
667 2581 703 2615 in
725 2581 863 2615 eisdem
885 2581 1022 2615 nostris
1044 2581 1176 2616 litteris
1202 2581 1344 2628 plenam
1367 2588 1403 2615 et
1427 2593 1634 2628 expressam
1658 2595 1698 2616 ac
1717 2583 1762 2617 de
1784 2583 1896 2618 verbo
1917 2585 1960 2618 ad
1982 2585 2132 2619 verbum

258 2647 337 2682 {ieri
368 2648 603 2682 mentionem.
638 2647 854 2694 Hujusmodi
884 2654 1002 2682 autem
1034 2654 1244 2695 preceptum
1274 2655 1440 2683 nostrum
1470 2648 1523 2683 sic
1554 2655 1719 2696 prompte
1748 2649 1887 2696 absque
1913 2651 2134 2686 difficultatis

258 2714 448 2750 obstaculo
485 2714 532 2749 ob
573 2715 818 2749 reverenciam
859 2714 954 2749 dicte
991 2715 1091 2749 sedis
1128 2722 1162 2749 et
1198 2722 1357 2749 nostram
1394 2715 1599 2750 executioni
1635 2716 1834 2752 demandes
1865 2729 1905 2751 ac
1941 2718 2135 2753 efficaciter

258 2781 459 2828 adimplere
489 2793 679 2829 procures,
711 2782 808 2828 quod
839 2793 951 2828 super
979 2780 1048 2816 hoc
1077 2781 1307 2828 aliquatenus
1331 2781 1376 2816 de
1402 2781 1625 2829 negligentia
1650 2783 1707 2817 vel
1733 2783 1980 2819 inobedientia
2010 2797 2134 2831 reprc-

259 2847 370 2882 hendi
401 2860 474 2882 non
504 2848 639 2891 valeas,
671 2849 758 2895 quin
790 2849 912 2895 potius
937 2859 955 2883 a
985 2848 1092 2883 nobis
1117 2855 1153 2882 et
1176 2848 1301 2883 eadem
1328 2849 1416 2883 sede
1442 2849 1596 2895 proinde
1619 2851 1866 2885 commendari
1897 2851 2025 2885 merito
2051 2859 2134 2886 tam-

261 2926 365 2960 quam
397 2914 605 2949 devotionis
634 2922 670 2949 et
699 2914 908 2950 obedientie
937 2915 1035 2950 filius
1065 2915 1250 2950 merearis.

355 2995 482 3021 collectio
496 2995 590 3020 natira
605 2995 637 3020 de
650 2995 733 3020 Ebolo
748 2995 774 3020 in
790 2995 866 3020 Areb.
876 2996 902 3020 S.
915 2996 984 3021 Petri
997 2996 1030 3021 de
1043 2995 1114 3021 Urbe
1133 2996 1162 3021 C.
1176 2995 1230 3025 117,
1245 2996 1289 3021 t'ol.
1304 2994 1375 3024 1⁹⁶⁸,
1387 2996 1527 3029 etquidem
1541 2996 1566 3020 in
1582 2996 1701 3029 margine
1714 2996 1840 3022 inferiori,
1856 2998 1932 3022 Dee-t
1945 2998 1970 3021 in
1984 2998 2043 3022 cod.
2056 2997 2133 3022 Areh.

388 3039 484 3065 chart.
506 3040 586 3065 Univ.
604 3039 699 3066 Ραιή.
718 3040 737 3065 Ι.
1979 3043 2009 3066 08
