2580 3528
506 417 569 450 632
1087 423 1406 447 cuAnTULAnicm
1441 421 1631 444 UNIVERS.
1668 420 1798 442 Panis.
2282 411 2382 452 [1285

506 500 693 534 Genovefe
715 511 831 544 nuper
852 499 1012 538 obtente,
1036 510 1104 531 nos
1131 498 1276 531 racione
1298 509 1366 542 qua
1388 496 1549 529 scolares
1569 506 1696 528 sumus
1722 493 1943 539 compellere
1971 506 2037 528 seu
2065 495 2235 540 compelli
2262 495 2381 528 facere

507 579 570 612 per
590 565 755 599 abbatem
776 572 811 599 et
831 565 1084 598 cancellarium
1107 565 1291 610 predictos
1313 563 1398 596 totis
1420 561 1563 595 nisibus
1585 561 1758 602 elaborat,
1780 560 1866 594 licet
1886 568 2047 606 potestas
2069 561 2233 607 ejusdem
2261 561 2382 595 littere

506 633 550 666 ad
578 633 646 666 hoc
674 633 820 665 minime
847 644 886 665 se
912 632 1114 665 extendat¹.
1138 631 1244 674 Quod
1265 630 1410 674 quidem
1438 628 1625 662 servitutis
1646 639 1740 661 onus
1768 634 1911 672 portare
1933 629 2032 661 omni
2051 628 2232 662 tirannide
2253 628 2382 662 durius

506 699 613 733 nobis
635 706 745 740 esset,
763 711 843 732 cum
866 698 1086 744 prebendam
1109 697 1350 730 Parisiensem
1372 695 1416 728 ab
1437 695 1673 728 institucione
1694 694 1846 727 liberam
1862 695 2072 729 videremus
2093 695 2231 729 nostris
2247 701 2382 741 tempo-

506 766 608 800 ribus
636 773 702 799 tam
730 766 883 810 turpiter
908 765 1083 798 ancillari.
1106 764 1202 807 Quid
1228 769 1345 796 autem
1371 774 1452 795 cum
1479 762 1627 794 domino
1654 773 1742 807 rege
1769 773 1880 807 super
1904 762 2036 807 injuria
2063 762 2171 796 nobis
2198 769 2234 796 et
2257 768 2382 796 nostre

507 833 660 866 ecclesie
687 833 723 865 in
749 832 922 877 predictis
943 830 1164 864 molendinis
1184 830 1281 862 illata
1303 829 1459 874 egimus,
1482 840 1587 873 quam
1608 828 1832 873 frequenter,
1856 841 1961 874 quam
1984 828 2113 862 devote
2139 835 2175 862 et
2196 828 2383 862 humiliter

506 900 601 944 apud
622 899 740 944 ipsum
762 905 797 931 et
818 899 896 942 ejus
917 897 1111 930 consilium
1132 909 1197 941 pro
1220 902 1343 929 nostra
1365 895 1596 929 restitutione
1618 902 1653 928 et
1673 895 1855 941 condigna
1876 895 2114 941 dampnorum
2136 895 2383 929 satisfactione

506 966 715 1005 institimus,
735 965 910 1009 quociens
931 965 1050 1009 ipsum
1072 975 1196 1009 regem
1218 970 1254 996 et
1274 964 1353 1007 ejus
1374 962 1568 995 consilium
1590 974 1702 1007 super
1717 963 1801 1007 jure
1822 969 1948 996 nostro
1969 974 2035 1008 per
2054 962 2194 996 litteras
2214 969 2250 996 et
2268 961 2384 995 ῐιιιιῃί-Ἰ

505 1038 623 1064 menta
651 1031 803 1076 plurima
832 1031 902 1064 fide
929 1031 1038 1075 digna
1063 1030 1259 1062 informare
1288 1029 1399 1075 parati
1426 1029 1562 1062 fuimus
1588 1036 1624 1062 et
1648 1029 1736 1062 satis
1761 1029 2049 1070 informavimus,
2077 1029 2108 1062 si
2135 1028 2383 1062 informationi

505 1105 629 1131 nostre
658 1097 865 1131 benivolum
898 1104 1060 1142 prestare
1087 1097 1294 1130 voluissent
1318 1096 1494 1137 auditum,
1523 1108 1628 1141 quam
1658 1108 1783 1141 parum
1815 1096 1909 1141 apud
1943 1096 2044 1141 ipsos
2075 1096 2232 1129 finaliter
2263 1095 2385 1141 profe-

505 1165 633 1205 cimus,
663 1171 792 1209 quanta
820 1164 963 1196 tandem
989 1163 1207 1196 necessitate
1233 1162 1413 1208 compulsi
1439 1174 1574 1208 organa
1596 1169 1719 1195 nostra
1741 1163 1777 1195 in
1799 1162 1998 1196 Parisiensi
2023 1162 2178 1196 ecclesia
2203 1174 2277 1195 non
2303 1162 2384 1196 sine

502 1231 633 1276 grandi
667 1231 790 1263 cordis
824 1230 1064 1263 amaritudine
1098 1230 1170 1263 hiis
1206 1229 1338 1263 diebus
1373 1229 1650 1275 suspendimus,
1685 1241 1750 1274 per
1784 1229 1872 1262 alias
1904 1229 2044 1263 litteras
2079 1235 2224 1262 nostras
2263 1229 2382 1263 tocius

504 1309 701 1343 processus
728 1298 843 1330 nostri
870 1297 1000 1330 seriem
1029 1297 1136 1342 plene
1162 1303 1197 1329 et
1220 1296 1341 1329 lucide
1367 1296 1613 1338 continentes,
1640 1308 1729 1341 quas
1754 1295 1860 1329 vobis
1885 1296 2089 1342 assignabit
2113 1295 2206 1329 lator
2232 1307 2384 1341 presen-

505 1365 604 1405 tium,
629 1364 831 1409 paternitati
852 1370 972 1397 vestre
994 1364 1163 1396 duximus
1184 1363 1436 1396 intimandum.
1461 1363 1715 1408 Supplicamus
1735 1363 1849 1408 igitur
1869 1363 2107 1396 dominationi
2126 1369 2260 1404 vestre,
2283 1369 2386 1408 pater
2409 1365 2414 1368 ’

504 1439 539 1465 et
559 1432 704 1464 domine
725 1431 938 1471 reverende,
962 1431 1132 1475 quatinus
1154 1430 1429 1471 tribulaciones,
1453 1429 1587 1475 quibus
1610 1430 1879 1463 circumdamur
1898 1429 1970 1463 hiis
1991 1429 2137 1471 diebus,
2155 1430 2213 1475 pie
2234 1441 2384 1475 conpas-

503 1499 619 1531 sionis
654 1498 785 1531 intuitu
821 1498 1050 1531 attendentes
1084 1510 1122 1530 ac
1158 1509 1269 1542 super
1304 1503 1397 1530 statu
1433 1497 1652 1530 Parisiensis
1687 1496 1843 1530 ecclesie
1882 1496 2105 1530 lamentabili
2143 1496 2383 1530 condolentes

504 1565 708 1605 nobiscum,
740 1577 883 1597 causam
918 1565 997 1609 ejus
1028 1565 1188 1610 paternis
1218 1564 1340 1598 velitis
1370 1563 1529 1597 brachiis
1558 1563 1767 1609 amplexari,
1799 1564 1983 1597 sustinere
2016 1563 2172 1597 viriliter
2206 1570 2242 1596 et
2274 1563 2381 1597 tueri.

503 1632 646 1665 Videtis
673 1632 780 1672 enim,
804 1638 904 1676 pater
931 1638 965 1664 et
991 1631 1149 1672 domine,
1174 1631 1256 1676 quia
1282 1630 1390 1664 nobis
1415 1637 1471 1664 est
1495 1631 1689 1676 negocium
1716 1642 1796 1663 cum
1823 1630 1994 1672 fortibus,
2017 1637 2053 1663 et
2071 1630 2205 1663 auxilio
2229 1630 2383 1664 forcium

505 1698 725 1743 indigemus.
749 1698 925 1730 Mittimus
952 1698 1064 1730 eciam
1085 1697 1190 1731 vobis
1211 1698 1469 1743 transcriptum
1491 1697 1591 1730 illius
1612 1697 1732 1730 littere
1753 1697 1845 1730 male
1866 1709 1884 1730 a
1906 1697 2012 1730 dictis
2038 1696 2166 1741 abbate
2188 1703 2224 1730 et
2243 1696 2384 1730 cancel-

505 1765 593 1797 lario
632 1777 672 1797 ac
711 1764 895 1809 magistris
936 1764 1204 1805 Universitatis,
1246 1771 1285 1797 ut
1323 1764 1557 1810 perspicuum
1598 1770 1666 1806 est,
1701 1763 1900 1805 intellecte,
1937 1764 2188 1809 paternitatem
2226 1769 2383 1797 vestram

506 1838 676 1876 rogantes
711 1837 747 1863 ut
783 1830 1071 1863 declaracionem
1103 1830 1210 1864 nobis
1240 1843 1258 1863 a
1290 1831 1437 1864 domino
1468 1837 1594 1864 nostro
1625 1843 1767 1864 summo
1798 1830 1970 1876 pontifice
2005 1830 2199 1875 impetrare
2233 1829 2382 1871 curetis,

508 1898 605 1942 quod
633 1898 859 1930 Parisienses
887 1898 1083 1930 canonicos
1110 1897 1178 1930 sub
1204 1898 1442 1943 generalitate
1468 1910 1573 1942 quam
1602 1897 1663 1931 illa
1690 1897 1874 1943 pretendit
1900 1897 2018 1930 littera
2043 1909 2117 1929 non
2145 1903 2201 1930 est
2224 1908 2291 1929 nec
2317 1896 2386 1930 suit

506 1976 570 1997 sue
596 1965 815 1997 intencionis
841 1964 992 2006 includi,
1014 1964 1073 1998 vel
1098 1977 1203 2009 quam
1229 1964 1417 1997 meliorem
1439 1964 1618 2006 obtinere,
1643 1964 1835 2009 presertim
1860 1976 1941 1997 cum
1967 1963 2132 1996 canonici
2157 1963 2384 1996 parisienses

506 2043 579 2063 non
605 2038 674 2063 tam
700 2031 811 2063 studii
833 2043 939 2076 quam
962 2031 1107 2064 servicii
1129 2031 1284 2064 ecclesie
1306 2031 1452 2064 racione
1473 2030 1631 2076 intelligi
1653 2030 1811 2063 debeant
1829 2030 1867 2063 in
1888 2030 2087 2063 Parisiensi
2112 2029 2267 2063 ecclesia
2293 2029 2385 2063 resi-

507 2098 605 2130 dere.
634 2099 673 2130 In
699 2110 784 2131 casu
810 2109 955 2142 quoque
976 2097 1159 2130 consimili
1180 2097 1470 2130 contribucionis
1490 2097 1655 2130 faciende
1677 2109 1788 2142 super
1809 2097 1980 2142 expensis
2005 2096 2263 2130 Universitatis
2288 2095 2384 2129 bone

507 2165 679 2197 memorie
713 2191 733 2197 ..
768 2164 1035 2209 archiepiscopi
1062 2165 1253 2197 Remensis
1281 2170 1316 2197 et
1343 2190 1364 2196 ..
1395 2164 1558 2209 episcopi
1594 2164 1911 2197 Autisiodorensis
1939 2170 2173 2196 executorum
2202 2163 2339 2196 dudum
2366 2174 2386 2196 a

507 2231 594 2263 sede
625 2231 822 2276 apostolica
849 2231 1102 2276 deputatorum
1129 2243 1240 2276 super
1265 2230 1333 2263 hoc
1358 2230 1535 2263 habemus
1556 2230 1696 2264 litteras
1717 2237 1895 2276 patentes,
1919 2242 1983 2275 per
2004 2242 2094 2275 quas
2114 2241 2183 2263 nos
2207 2241 2225 2262 a
2250 2229 2386 2263 contri-

507 2297 662 2330 bucione
684 2297 894 2342 hujusmodi
915 2297 1003 2330 alias
1025 2296 1404 2342 exceperu11t²,vobis
1426 2297 1683 2343 transcriptum
1705 2309 1859 2330 unacum
1876 2297 2106 2342 transcriptis
2126 2296 2269 2329 illarum
2289 2295 2387 2329 litte-

508 2376 626 2396 rarum
648 2371 683 2396 ct
703 2365 1024 2406 munimentorum,
1043 2376 1109 2409 per
1131 2376 1220 2409 quas
1241 2371 1277 2397 et
1297 2376 1367 2409 que
1384 2364 1570 2397 dominum
1594 2376 1717 2410 regem
1739 2370 1774 2397 et
1794 2365 1873 2409 ejus
1895 2363 2088 2397 consilium
2110 2362 2385 2397 informavimus

509 2442 619 2474 super
641 2431 724 2474 jure
752 2437 877 2464 nostro
903 2437 938 2464 et
963 2431 1181 2464 Parisiensis
1208 2431 1362 2464 ecclesie
1388 2431 1425 2463 in
1451 2431 1672 2464 molendinis
1698 2431 1873 2476 predictis
1898 2443 1963 2476 per
1987 2430 2137 2463 latorem
2159 2429 2385 2475 presentium

511 2497 746 2530 destinamus.
777 2499 817 2529 In
844 2498 958 2530 forma
988 2498 1099 2531 simili
1129 2497 1324 2531 scribimus
1355 2498 1514 2531 dominis
1545 2505 1580 2531 et
1609 2498 1734 2531 amicis
1762 2498 1899 2531 nostris
1927 2498 1972 2530 de
1998 2497 2098 2530 curia
2124 2495 2383 2538 cardinalibus,

511 2562 820 2605 vicecancellario,
852 2564 1007 2606 notario,
1033 2565 1291 2598 concanonicis
1318 2565 1467 2607 nostris,
1499 2577 1624 2598 eorum
1652 2565 1846 2598 consilium
1874 2571 1909 2597 et
1933 2564 2106 2597 auxilium
2133 2563 2384 2609 implorantes.

513 2630 691 2670 Preterea,
723 2636 822 2674 pater
852 2637 887 2663 et
912 2630 1071 2672 domine,
1105 2632 1274 2677 ignorare
1304 2644 1370 2666 vos
1396 2632 1580 2673 nolumus,
1613 2631 1711 2677 quod
1741 2643 1805 2677 pro
1837 2631 1933 2664 dicto
1963 2631 2112 2676 negotio
2143 2630 2329 2663 dominum
2362 2655 2384 2662 ..

513 2694 669 2739 legatum
683 2695 694 2711 ³
715 2696 924 2740 frequenter
945 2697 1137 2739 adivimus,
1159 2698 1298 2731 litteras
1320 2705 1464 2732 nostras
1486 2705 1521 2732 et
1541 2698 1764 2731 munimenta
1785 2697 1979 2743 negocium
2000 2697 2120 2742 ipsum
2141 2696 2332 2742 tangencia
2353 2696 2386 2729 ei

514 2761 754 2802 ostendimus,
777 2762 894 2806 ipsum
924 2774 1034 2807 super
1053 2765 1136 2808 jure
1162 2771 1288 2798 nostro
1310 2772 1378 2798 tam
1401 2765 1634 2810 proprietatis
1661 2777 1766 2810 quam
1793 2764 2043 2810 possessionis
2067 2769 2176 2809 prout
2200 2763 2386 2808 potuimus

513 2827 764 2869 informantes,
782 2827 925 2872 ipsique
947 2829 1231 2874 supplicavimus
1252 2831 1438 2864 humiliter
1459 2838 1494 2865 et
1514 2832 1644 2866 devote
1661 2838 1700 2865 ut
1721 2831 1945 2864 desolacioni
1966 2837 2091 2863 nostre
2113 2836 2149 2863 et
2167 2829 2386 2863 Parisiensis

515 2893 669 2926 ecclesie
691 2893 748 2938 pie
770 2894 999 2938 compaciens
1020 2895 1064 2927 ad
1085 2896 1332 2930 inclinandum
1354 2898 1540 2931 dominum
1563 2910 1687 2944 regem
1709 2905 1745 2931 et
1764 2898 1844 2943 ejus
1864 2896 2058 2930 consilium
2077 2896 2215 2929 nostris
2235 2895 2388 2941 peticio-

516 2959 624 2992 nibus
645 2959 857 3004 dignaretur
878 2960 1110 3005 interponere
1132 2969 1252 3007 partes
1273 2975 1369 2997 suas.
1390 2965 1450 2997 Set
1467 2971 1615 3009 propter
1636 2964 1915 3010 occupacionem
1937 2963 2054 3008 ipsius
2075 2963 2169 2996 circa
2186 2962 2331 3008 propria
2352 2967 2406 2995 et·

2572 2538 2580 2681 Ξ

2572 2681 2580 2815 Ξ

2573 3013 2580 3158 ..-.ἑ-.-..4
2570 2972 2572 2974 ·
