2580 3528
252 401 352 442 1271]
591 410 639 433 AB
671 410 780 433 Anno
815 409 894 433 uec
928 410 1061 438 usous
1095 410 1145 432 An
1180 410 1405 432 ΡΗιιιΡΡεΜ
1439 410 1480 432 1v
1514 410 1602 432 nec.
1639 410 1776 432 ransc.
2062 401 2127 434 493

252 485 465 531 magistrum
495 484 716 531 Gregorium
745 484 961 518 canonicum
992 485 1028 518 S.
1059 484 1225 528 Quintini
1255 490 1291 517 et
1317 484 1530 529 magistrum
1559 485 1576 517 J
1581 483 1761 516 ohannem
1792 491 1960 529 nepotem
1992 496 2124 519 meum.

252 553 342 586 Item
366 551 451 597 lego
474 551 634 585 Roberto
658 550 906 585 barbitonsori
932 562 1014 584 meo
1038 550 1277 584 Ambianensi
1288 592 1290 594 v
1303 550 1541 596 quadraginta
1566 550 1675 584 solid.
1702 550 1883 596 parisiens
1889 577 1968 583 ......
1997 552 2125 584 Datum

251 630 346 652 anno
378 618 525 652 Domini
557 617 753 651 millesimo
788 617 1040 651 ducentesimo
1073 618 1346 663 septuagesimo
1381 618 1512 663 primo,
1548 617 1606 650 die
1642 617 1727 650 lune
1762 624 1846 662 post
1874 617 2125 651 Inventionem

251 685 348 719 beati
376 686 402 719 F
404 685 527 718 irmini
553 685 733 731 martyris.

319 779 325 784 ·
345 795 414 820 nihl.
434 797 525 821 Arsen.
546 797 642 826 Paris„
662 805 711 820 ms.
731 797 800 825 1228,
825 797 870 821 fol.
886 797 952 822 51⁸⁸
970 798 1048 827 (saec.
1069 797 1144 827 XVI),
1164 804 1196 820 ex
1213 796 1336 822 vidimus
1350 796 1506 828 praepositi,
1525 795 1618 819 decani
1634 795 1767 828 totiusque
1793 795 1905 828 capituli
1931 795 2128 819 Cameracensis

249 841 386 870 eeclesiae,
401 841 446 873 qui
462 844 594 865 testantur
612 849 640 865 se
666 850 678 865 ι
696 849 764 865 anno
779 841 883 865 Domini
897 841 1055 866 MCCLXXII
1071 841 1115 865 die
1129 841 1253 864 mercurii
1272 844 1334 873 post
1350 844 1471 865 octavam
1485 840 1610 865 Omnium
1626 840 1782 864 Sanctorum
1797 839 1866 872 (nov.
1884 840 1909 872 9)
1928 840 2027 864 vidisse
2046 843 2129 864 testa-

251 889 368 910 mentum
383 893 430 910 sou
443 885 565 910 ultimam
579 886 742 910 voluntatem
757 887 826 912 bone
840 887 974 912 memorie
989 894 1060 918 mag.
1073 885 1188 910 Geraudi
1198 885 1252 918 [de]
1270 885 1454 914 Abbatisvilla,
1466 885 1600 918 quondam
1614 885 1812 909 Cameracensis
1825 885 1935 909 ecclesie
1949 885 2129 908 archidiaconi

251 930 279 954 in
293 930 438 955 Brobantia
452 938 475 954 n.
487 944 516 949 —
526 930 595 956 Bibl.
608 933 663 954 nat.
679 930 774 959 Paris„
789 939 838 954 ms.
854 931 900 954 lat.
913 932 974 955 5493
988 930 1132 961 (continens
1147 938 1214 962 opus
1231 930 1376 959 Hemeraei,
1393 930 1536 955 Sorbtmae
1549 929 1694 960 ονίρίνιεε),
1712 930 1756 953 501.
1773 930 1827 953 103.
1838 943 1870 947 —
1879 929 1918 953 Gt.
1933 929 2040 958 Delisle,
2053 930 2130 954 cabi-

251 978 299 1000 net
311 976 360 1001 des
374 975 558 1005 manuscrits,
573 975 607 1004 11,
623 975 677 999 1129.
693 976 789 1007 Ignace
804 975 836 999 de
850 976 928 999 Jesus
944 975 1036 1005 Maria,
1051 975 1125 1000 Hist.
1140 975 1233 1000 eccles.
1249 976 1283 999 de
1297 974 1326 999 Ia
1340 975 1407 999 ville
1420 974 1594 1004 d'Abbeuille,
1609 983 1635 1006 p.
1653 974 1707 1003 518,
1721 974 1892 1006 transcripsit
1904 977 2008 998 tantum
2022 974 2128 998 initium

250 1019 409 1044 documenti.
424 1033 455 1038 —-
470 1020 499 1044 In
518 1019 681 1051 Necroloyt'o
700 1020 818 1045 Sorbon.
833 1020 931 1052 legitur
945 1020 978 1044 ad
994 1020 1018 1052 vj
1034 1020 1070 1044 id.
1087 1019 1212 1044 Novemb.
1235 1020 1259 1050 (8
1278 1019 1354 1050 Nov.)
1371 1027 1377 1043 ε
1400 1027 1412 1043 (ι
1428 1019 1501 1043 Obiit
1520 1019 1648 1051 magister
1667 1019 1806 1043 Geraudus
1826 1019 1858 1042 de
1877 1018 2062 1048 Abbatisvilla,
2083 1019 2129 1051 qui

251 1064 328 1088 nobis
347 1064 446 1097 legavit
462 1064 539 1097 quasi
554 1063 582 1096 iij
596 1067 702 1088 centum
715 1064 851 1088 volumina
865 1064 996 1088 librorum
1010 1068 1065 1088 tam
1080 1064 1107 1088 in
1122 1064 1256 1096 theologia
1275 1072 1355 1096 quam
1370 1064 1396 1087 in
1411 1063 1582 1096 philosophia
1601 1067 1627 1087 et
1645 1063 1734 1087 omnia
1751 1067 1905 1087 ornamenta
1927 1072 1977 1096 que
1996 1063 2130 1095 pertinent

251 1109 285 1133 ad
304 1109 443 1141 capellam.
464 1109 514 1133 Pro
533 1109 665 1141 pictancia
679 1117 696 1132 x
710 1109 760 1133 sol.
777 1117 789 1133 »
805 1109 874 1133 Bibl.
890 1112 944 1134 nat.
960 1109 1044 1133 Paris.
1066 1109 1152 1138 16574,
1168 1109 1214 1133 fol.
1229 1110 1269 1133 44.
1285 1109 1329 1133 Sic
1342 1112 1369 1132 et
1386 1108 1414 1132 in
1432 1108 1540 1134 Nec-rol.
1556 1108 1585 1133 8.
1603 1108 1756 1139 Genocefae
1773 1109 1806 1132 ad
1829 1108 1854 1140 vj
1875 1109 1910 1132 id.
1927 1109 2053 1132 Novemb.
2070 1108 2126 1140 ejus

250 1154 339 1178 obitu·
353 1153 515 1186 assignatur.
531 1153 600 1178 Bibl.
616 1153 643 1178 S.
655 1153 811 1183 Genovefne,
829 1162 877 1178 ms.
893 1153 956 1182 8131,
972 1155 1027 1182 112¹,
1044 1153 1118 1182 in-40,
1135 1154 1180 1178 rol.
1198 1154 1251 1178 154.
1266 1153 1340 1178 Obiit
1351 1161 1415 1185 ergo
1430 1154 1444 1176 8
1459 1153 1584 1177 Nove-nb.
1601 1161 1643 1176 an.
1662 1153 1720 1176 1271
1737 1153 1778 1176 vel
1795 1153 1865 1182 1272,
1881 1156 1910 1176 ut
1924 1161 1955 1177 ex
1970 1162 2018 1177 ms.
2035 1154 2126 1177 Arsen.

250 1198 342 1230 liquet.
357 1198 394 1222 De
410 1198 470 1230 ipso
484 1197 544 1222 vide
561 1206 643 1230 supra
657 1198 691 1222 n¹⁸
704 1199 760 1228 387,
776 1201 861 1226 notae,
877 1199 923 1222 ³74
938 1206 996 1230 sqq.
1011 1211 1044 1216 —
1058 1198 1255 1222 Testamentum
1271 1198 1406 1222 Guillelmi
1421 1198 1453 1221 de
1473 1198 1499 1222 S.
1517 1198 1610 1221 Amore
1624 1201 1710 1221 exstat
1724 1197 1749 1221 in
1765 1197 1834 1223 Bibl.
1851 1198 1969 1221 Arsenal.
1982 1198 2066 1222 Paris.
2078 1206 2127 1222 ms.

250 1243 321 1272 1228,
338 1243 384 1267 fol.
399 1243 453 1271 53⁶,
469 1243 523 1271 541,
539 1250 592 1266 non
605 1245 694 1266 tamen
708 1243 742 1266 ad
757 1242 963 1267 Universitatem
978 1242 1062 1267 Paris.
1077 1242 1197 1274 respicit.

345 1327 368 1350 1.
386 1326 478 1351 Octob.
495 1327 534 1350 16.
550 1339 582 1345 —
596 1327 619 1350 2.
634 1326 794 1351 Hemeraeus
811 1334 817 1350 ι
839 1335 852 1350 (ι
866 1326 992 1350 litteratis
1008 1326 1174 1350 secularibus
1190 1334 1212 1350 n.
1228 1339 1259 1344 —
1274 1327 1297 1350 3.
1314 1326 1466 1358 Sequuntur
1482 1326 1571 1358 legata
1590 1328 1660 1350 tacta
1679 1326 1792 1350 diversis
1813 1327 1931 1350 ecclesiis
1951 1330 1977 1350 et
1996 1327 2128 1358 personis.

250 1371 348 1396 Not-tu
368 1371 479 1403 dignum
502 1371 649 1396 Genu-dum
669 1371 809 1403 pecuniam
832 1371 960 1395 fratribus
985 1371 1011 1395 S.
1037 1371 1165 1395 Bel-nardi
1188 1373 1214 1394 et
1238 1371 1264 1395 S.
1289 1370 1432 1394 Mathurini
1452 1374 1530 1403 atque
1549 1371 1682 1394 canonicis
1703 1371 1729 1395 S.
1751 1371 1899 1395 Genovefae
1918 1374 1944 1395 et
1966 1372 1991 1395 S.
2017 1372 2128 1395 Victoris

250 1416 412 1449 assignasse,
427 1423 479 1439 non
493 1418 581 1439 tamen
597 1415 724 1439 fratribus
740 1415 960 1439 mendicantibus.
972 1422 1004 1434 ·—
1017 1416 1040 1439 4.
1057 1415 1154 1447 Utique
1169 1415 1314 1439 Fenchercs
1331 1415 1483 1444 (Ardennes,
1500 1415 1541 1439 vel
1558 1415 1799 1446 Seine-et-Marne).

249 1601 364 1639 437.
396 1611 520 1638 Nomina
541 1609 679 1636 librorum
704 1609 868 1645 theologiae
891 1618 963 1646 quos
987 1610 1126 1645 magister
1154 1609 1327 1647 Stephanus,
1352 1609 1498 1646 quondam
1521 1609 1746 1636 archidiaconus
1773 1609 2000 1645 Cantumienszk,
2023 1609 2129 1645 legavit

340 1658 598 1687 accommodandos
614 1658 796 1696 pauperibus
814 1658 997 1686 scholaribus
1015 1659 1142 1686 Parisiis
1157 1659 1187 1685 in
1202 1658 1347 1694 theologia
1361 1658 1544 1685 studentibus
1563 1668 1618 1695 per·
1637 1667 1739 1685 manus
1754 1658 1925 1685 cancellarii
1938 1659 2125 1686 Parisiensis.

1410 1749 1480 1780 1271,
1497 1749 1614 1776 Octobris
1627 1749 1673 1780 28,
1688 1749 1708 1784 [
1708 1749 1815 1775 Parisiis
1815 1749 1841 1784 J

340 1823 532 1858 Universis
553 1830 744 1869 presentes
768 1822 908 1856 litteras
934 1822 1157 1868 inspecturis
1182 1822 1347 1857 officialis
1367 1823 1468 1857 curie
1487 1824 1706 1858 Parisiensis
1727 1823 1879 1858 salutem
1901 1824 1938 1857 in
1957 1824 2125 1858 Domino.

250 1891 382 1925 Notum
411 1891 564 1925 facimus
593 1890 692 1936 quod
721 1890 758 1923 in
788 1896 911 1924 nostra
943 1890 1127 1935 presentia
1161 1890 1382 1924 constitutus
1411 1891 1586 1937 magister
1613 1890 1798 1925 ,lohannes
1828 1891 1873 1924 de
1902 1891 2125 1933 Aurelianis,

249 1957 448 1992 canonicus
473 1963 510 1991 et
531 1956 771 1991 cancellarius
796 1957 1052 1999 Parisiensis¹,
1080 1957 1315 2002 recognoscit
1338 1964 1374 1991 et
1399 1957 1594 1991 confitetur
1621 1969 1660 1992 se
1689 1958 1874 2004 recepisse
1896 1965 1931 1992 et
1951 1957 2125 1992 habuisse

249 2036 269 2058 a
296 2023 497 2058 venerabili
526 2024 606 2058 viro
635 2024 810 2069 magistro
840 2023 989 2057 Nicolao
1018 2023 1175 2057 ecclesie
1205 2024 1424 2058 parisiensis
1451 2024 1721 2067 archidiacono,
1752 2025 1934 2070 quondam
1963 2025 2125 2071 predicte

251 2089 407 2125 ecclesie
426 2090 645 2125 parisiensis
664 2090 920 2132 cancellario',
948 2089 1065 2124 libros
1084 2090 1238 2124 inferius
1259 2097 1451 2125 annotatos
1471 2091 1669 2126 tradendos
1690 2098 1726 2125 et
1746 2092 2017 2138 recuperandos
2038 2104 2126 2138 pau-

252 2156 402 2204 peribus
427 2156 631 2191 scolaribus
658 2157 695 2190 in
724 2157 909 2203 theologia
939 2156 1188 2198 studentibus,
1215 2157 1418 2191 secundum
1445 2158 1544 2204 quod
1574 2158 1611 2191 in
1641 2159 1794 2204 quadam
1825 2158 1986 2193 clausula
2017 2166 2126 2192 testa-

251 2223 364 2257 menti
392 2222 488 2257 bone
517 2223 691 2257 memorie
720 2224 886 2270 magistri
920 2223 1106 2270 Stephani,
1141 2224 1324 2270 quondam
1358 2224 1603 2258 archidiaconi
1638 2226 1927 2267 Cantuariensis,
1963 2226 2125 2271 presenti

250 2290 493 2324 instrumento
513 2290 649 2324 inserta
669 2290 888 2332 continetur,
911 2302 982 2336 que
1002 2290 1084 2324 talis
1105 2297 1162 2324 est
1187 2302 1195 2324 z

339 2356 432 2392 Volo
459 2357 564 2391 etiam
589 2363 625 2391 et
650 2357 812 2403 precipio
838 2357 938 2402 quod
958 2356 1042 2391 libri
1069 2357 1139 2390 mei
1164 2356 1349 2403 theologie
1375 2357 1592 2391 cancellario
1618 2358 1816 2392 Parisiensi
1842 2359 2040 2401 tradantur,
2062 2359 2124 2405 qui

250 2436 315 2458 eos
350 2422 572 2470 pauperibus
603 2422 807 2457 scolaribus
842 2423 878 2456 in
913 2422 1098 2470 theologia
1131 2423 1365 2457 studentibus
1399 2424 1561 2458 Parisius
1591 2431 1627 2458 et
1659 2423 1764 2458 libris
1798 2422 2051 2471 indigentibus
2079 2426 2124 2460 ad

250 2490 485 2532 studendum,
507 2490 697 2524 acomodet
717 2489 849 2524 intuitu
870 2489 1034 2536 pietatis3
1057 2490 1104 2524 ita
1125 2497 1257 2532 tamen,
1281 2490 1380 2536 quod
1400 2490 1640 2525 cancellarius
1659 2491 1721 2537 qui
1742 2503 1808 2537 pro
1830 2498 1992 2538 tempore
2015 2493 2124 2527 suerit

250 2557 415 2604 quolibet
434 2569 529 2591 anno
550 2557 668 2591 dictos
688 2556 804 2591 libros
825 2563 1030 2602 recuperet,
1052 2563 1087 2591 et
1107 2563 1342 2603 recuperatos
1363 2557 1492 2591 iterum
1515 2557 1672 2592 retrudat
1691 2564 1727 2591 et
1745 2559 1915 2592 comodet
1938 2560 2122 2593 annuatim

249 2624 472 2671 pauperibus
493 2623 698 2658 scolaribus
717 2623 852 2670 quibus
872 2623 1005 2657 viderit
1024 2623 1211 2669 expedire.
1237 2623 1389 2658 Nomina
1409 2636 1496 2658 vero
1517 2623 1694 2659 librorum
1715 2632 1801 2659 sunt
1819 2625 1899 2668 hec,
1921 2626 2092 2661 videlicet
2113 2639 2121 2660 τ

250 2690 367 2726 Biblia
387 2691 467 2725 sine
487 2690 592 2737 glosa
617 2690 809 2736 completa.
839 2691 927 2724 Item
956 2690 1115 2724 Genesis
1143 2697 1178 2724 et
1206 2690 1353 2724 Exodus
1378 2690 1511 2737 glosati
1537 2691 1574 2725 in
1600 2703 1673 2725 uno
1698 2691 1896 2726 volumine.
1924 2694 2012 2727 Item
2038 2693 2122 2727 libri

250 2757 455 2792 Salomonis
475 2757 607 2804 glosati
629 2758 666 2791 in
686 2769 759 2791 uno
781 2757 980 2793 volumine.
1001 2757 1089 2790 Item
1112 2757 1260 2791 Exodus
1287 2757 1453 2803 glosatus
1478 2769 1544 2804 per
1567 2770 1620 2792 se.
1647 2759 1737 2792 ltem
1766 2759 1835 2793 Job
1862 2759 2027 2805 glosatus
2056 2772 2120 2806 per

249 2835 303 2859 se.
332 2825 420 2859 Item
442 2823 610 2859 Ezechiel
628 2824 794 2871 glosatus
815 2836 880 2870 per
900 2836 952 2858 se.
983 2825 1072 2858 Item
1095 2823 1292 2870 Evangelia
1316 2823 1457 2870 glosata
1482 2824 1520 2858 in
1541 2837 1614 2859 uno
1634 2825 1833 2868 volumine,
1862 2838 1927 2873 per
1951 2839 2003 2860 se.
2032 2828 2120 2861 ltem

249 2890 464 2926 Psalterium
484 2890 666 2938 glosatum
686 2890 919 2937 completum.
942 2891 1031 2925 Item
1053 2898 1208 2937 quatuor
1227 2890 1311 2924 libri
1333 2891 1614 2926 Sententiarum.
1642 2893 1731 2927 ltem
1760 2892 1844 2927 libri
1864 2894 2118 2927 Numerorum.

251 2958 339 2992 ltem
367 2958 494 3000 Josue,
522 2957 704 3000 Judicum,
734 2957 841 3000 nuth,
870 2958 1138 3000 Deutronomii,
1168 2957 1314 3004 glosati,
1344 2958 1380 2991 in
1409 2970 1481 2992 uno
1507 2958 1705 2993 volumine.
1736 2961 1823 2993 ltem
1851 2966 2007 3005 quatuor
2036 2959 2118 2993 libri
