2580 3528
257 431 355 472 1285]
595 438 644 462 ΑΒ
677 438 784 461 Anno
818 437 899 460 nce
932 437 1067 467 usque
1102 438 1151 460 AD
1186 438 1417 461 PnlLlpl‘L’M
1452 439 1492 462 iv
1525 440 1615 463 nnc.
1652 441 1790 464 rane.
2065 433 2130 467 627

254 514 416 549 Parisius
441 514 480 547 in
508 512 667 559 collegio
699 512 958 558 magistrorum
986 511 1172 558 theologie
1206 511 1393 546 humiliter
1420 513 1627 555 declaravit,
1663 514 1850 548 subiciens
1884 527 2011 549 omnes
2045 528 2130 550 suas

253 580 466 628 hujusmodi
485 579 687 614 sententias
706 578 891 612 libramini
911 584 948 611 et
965 577 1052 612 lime
1078 578 1339 612 Parisiensium
1370 579 1641 625 magistrorum,
1666 581 1771 625 cujus
1801 593 1868 614 nos
1896 593 1960 626 per
1985 583 2130 616 auditus

254 647 394 695 proprii
413 646 670 681 certitudinem
690 652 804 680 testes
824 645 984 679 sumus‘.
1006 645 1210 680 Credentes
1235 652 1355 679 autem
1381 646 1511 680 fratres
1537 646 1789 680 Predicatores
1814 648 1946 681 Oxonii
1971 661 2130 682 commo-

255 721 391 757 rantes,
411 713 511 760 quod
530 725 599 747 nos
619 713 830 759 opinionem
851 711 948 746 illam
969 724 987 745 a
1009 712 1273 758 predecessore
1292 719 1433 755 nostro,
1455 713 1517 758 qui
1538 713 1595 746 sui
1616 720 1693 747 erat
1711 714 1875 756 Ordinis,
1903 714 2128 760 reprobatam

254 792 565 828 persequeremur
590 780 629 814 in
653 779 819 826 ejusdem
845 779 997 813 Ordinis
1026 779 1283 824 prejudicium,
1311 779 1411 824 quod
1436 791 1510 813 non
1536 780 1690 814 fecimus
1719 781 1830 824 (Deus
1860 781 1984 825 novit),
2007 789 2130 815 contra

254 860 325 883 nos
345 848 383 882 in
401 848 562 882 crastino
582 852 839 893 provocarunt,
856 853 892 879 et
911 852 1182 891 consequenter
1198 845 1344 892 publice
1364 858 1418 888 se,
1441 853 1480 880 ut
1499 846 1606 880 nobis
1626 846 1778 880 relatum
1801 853 1869 889 est,
1887 848 1975 881 satis
1996 855 2131 882 temere

249 915 474 961 jactitarunt,
499 913 599 960 quod
627 913 723 947 illam
752 919 789 947 et
816 912 904 946 alias
931 912 1126 958 opiniones
1154 913 1275 946 fratris
1304 912 1442 946 Thome
1469 913 1641 947 volebant
1667 920 1791 947 contra
1819 925 1947 947 omnes
1966 915 2132 948 viventes

253 981 424 1016 homines
444 981 648 1015 defensare.
671 981 715 1014 Et
734 979 802 1014 alia
822 979 976 1025 quedam
1008 979 1130 1012 dicere
1159 986 1245 1013 sunt
1271 979 1363 1021 ausi,
1393 985 1565 1025 quantum
1594 980 1631 1013 in
1661 980 1752 1026 ipsis
1781 980 1861 1022 fuit,
1889 981 1925 1014 in
1953 981 2131 1014 lesionem

255 1060 331 1082 non
351 1048 528 1082 modicam
549 1048 642 1081 fame
667 1053 805 1089 nostre,
834 1046 906 1080 nisi
936 1058 1004 1080 nos
1029 1052 1172 1079 scutum
1194 1045 1437 1080 circumdaret
1457 1047 1632 1080 veritatis.
1659 1048 1732 1080 Hec
1754 1047 1890 1081 idcirco
1918 1047 2023 1081 vobis
2046 1048 2131 1082 scri-

255 1114 392 1156 bimus,
424 1121 548 1148 sancte
581 1120 696 1160 pater,
724 1119 764 1147 ut
796 1113 828 1146 si
859 1113 982 1146 forsan
1016 1112 1135 1158 aliqua
1168 1113 1214 1146 de
1245 1112 1311 1146 hac
1345 1113 1493 1146 materia
1529 1113 1762 1147 insonuerint
1797 1114 1975 1159 sapientie
2010 1121 2131 1148 vestre

255 1181 420 1223 auribus,
446 1181 529 1215 facti
561 1180 738 1214 noveritis
773 1179 1003 1213 infallibilem
1034 1179 1235 1222 veritatem,
1262 1186 1298 1213 et
1325 1186 1365 1213 ut
1392 1186 1621 1214 sacrosancta
1648 1181 1806 1214 Romana
1833 1180 1988 1214 ecclesia
2017 1188 2132 1215 atten-

256 1248 344 1283 dere
368 1248 595 1294 dignaretur,
618 1246 717 1292 quod
741 1258 822 1280 cum
849 1246 1013 1280 doctrina
1035 1245 1191 1279 duorum
1208 1245 1386 1280 Ordinum
1408 1246 1445 1279 in
1467 1245 1638 1280 omnibus
1659 1246 1924 1281 dubitabilibus
1947 1247 2017 1280 sibi
2038 1259 2131 1294 pene

257 1315 404 1361 penitus
434 1307 544 1348 hodie
573 1313 800 1354 adversetur,
827 1324 982 1358 cumque
1011 1312 1174 1346 doctrina
1201 1312 1351 1346 alterius
1383 1313 1598 1355 eorunghem,
1625 1313 1776 1359 abjectis
1799 1320 1835 1347 et
1857 1326 1900 1347 ex
1926 1321 2027 1360 parte
2051 1315 2133 1348 vili-

256 1381 384 1428 pensis
410 1381 623 1415 Sanctorum
651 1379 859 1421 sententiis,
885 1378 1152 1425 philosophicis
1182 1378 1415 1424 dogmatibus
1445 1379 1548 1424 quasi
1575 1379 1734 1413 totaliter
1760 1380 1946 1422 innitatur,
1969 1388 2008 1414 ut
2028 1381 2133 1427 plena

256 1448 306 1482 sit
323 1447 444 1494 ydolis
464 1447 596 1481 domus
616 1447 683 1480 Dei
703 1452 740 1480 et
758 1445 923 1492 langore,
946 1457 1053 1492 quem
1074 1445 1233 1491 predixit
1251 1445 1453 1491 apostolus,
1475 1446 1714 1492 pugnantium
1736 1447 1968 1492 questionum
1991 1460 1998 1481 z
2022 1460 2135 1493 quan-

257 1521 333 1549 tum
353 1514 439 1548 inde
458 1514 592 1548 futuris
611 1512 840 1559 temporibus
860 1512 995 1559 poterit
1013 1511 1170 1546 ecclesie
1191 1512 1394 1558 periculum
1416 1513 1619 1546 imminere.
1642 1513 1737 1556 Quid
1758 1514 1854 1546 enim
1876 1515 1992 1560 magis
2013 1527 2135 1549 neces-

257 1581 406 1624 sarium,
428 1593 548 1627 quam,
569 1580 693 1614 fractis
717 1579 913 1622 columnis,
941 1578 1124 1613 edificium
1154 1578 1296 1621 cadere,
1326 1591 1433 1624 qnam
1462 1579 1654 1625 vilipensis
1682 1580 1896 1614 auctenticis
1923 1581 2136 1615 doctoribus

256 1648 456 1694 Augustini
482 1654 519 1681 et
545 1646 679 1681 ceteris
710 1646 833 1680 sedum
868 1646 993 1680 venire
1027 1645 1229 1691 principem
1260 1652 1296 1679 et
1323 1645 1511 1679 veritatem
1547 1645 1787 1680 succumbere
1821 1646 2015 1681 falsitati⁸?
2040 1648 2136 1692 Quid

258 1714 502 1756 manifestius,
523 1725 630 1760 quam
651 1713 865 1759 opinionum
887 1712 1134 1746 diversitatem
1156 1711 1361 1746 discordias
1382 1723 1508 1758 parare
1529 1712 1746 1755 animorum,
1767 1720 1803 1747 et
1822 1714 2022 1759 frigescere
2043 1715 2138 1748 inter

259 1781 471 1827 hujusmodi
490 1781 700 1814 caritatem?
723 1779 826 1813 Istud
851 1779 964 1826 igitur
991 1779 1057 1812 Dei
1084 1778 1286 1825 negotium,
1307 1779 1509 1813 reverende
1534 1785 1648 1825 pater,
1670 1786 1792 1813 vestre
1817 1781 2046 1825 providentie
2068 1794 2136 1815 una

258 1860 341 1883 cum
361 1847 518 1887 ecclesie
539 1853 664 1882 nostre
685 1846 845 1892 negotiis
865 1845 1052 1880 humiliter
1071 1845 1381 1888 commendamus,
1404 1845 1575 1879 obnixius
1601 1853 1805 1887 exoranteS,
1828 1853 1878 1889 ut,
1901 1859 1981 1880 cnm
2003 1860 2137 1894 oppor-

259 1915 448 1950 tunitatem
469 1914 613 1948 dederit
631 1913 706 1955 ille,
729 1913 791 1959 qui
811 1913 932 1946 omnia
952 1912 1173 1954 moderatur,
1195 1912 1398 1958 dignemini
1424 1912 1469 1946 ad
1498 1912 1566 1946 ista
1593 1925 1735 1946 manum
1767 1913 1963 1947 extendere
1993 1914 2040 1947 ob
2071 1915 2136 1948 Dei

258 1981 413 2029 gloriam
435 1988 471 2015 et
489 1980 680 2022 honorem,
703 1986 739 2014 et
758 1979 997 2026 protectionis
1016 1985 1138 2013 vestre
1158 1979 1351 2012 clementie
1371 1991 1440 2012 nos
1459 1985 1495 2012 et
1515 1978 1670 2013 ecclesie
1691 1986 1816 2013 nostre
1837 1981 1982 2026 negotia
2003 1981 2137 2015 habere

259 2060 327 2096 pro
341 2047 479 2084 Christi
499 2047 703 2082 reverentia
719 2045 967 2081 favorabiliter
981 2045 1243 2080 commendata.
1261 2046 1432 2080 Ceterum
1449 2045 1630 2091 quoddam
1647 2046 1770 2092 magni
1787 2046 1962 2092 ponderis
1982 2047 2137 2081 ecclesie

260 2121 387 2150 nostre
413 2114 602 2161 negotium
630 2113 835 2148 reverentie
859 2119 980 2147 vestre
1008 2112 1187 2146 secretius
1214 2112 1470 2158 exponendum
1492 2112 1718 2158 injunximus
1745 2113 1920 2158 magistro
1941 2114 2137 2150 Vv'illermo

261 2180 459 2216 exhibitori
491 2180 731 2227 presentium,
766 2191 839 2226 quo
877 2178 1064 2213 intellecto
1103 2178 1306 2225 dignemini
1344 2177 1452 2212 nobis
1491 2178 1687 2212 consilium
1723 2186 1758 2213 et
1791 2179 1963 2214 auxilium
1998 2181 2138 2226 impen-

261 2248 350 2282 dere
382 2247 429 2281 ad
461 2247 528 2281 Dei
559 2246 713 2293 gloriam
741 2253 778 2280 et
801 2246 991 2280 honorem.
1019 2245 1199 2291 Scriptum
1229 2245 1326 2291 apud
1352 2245 1533 2291 Lydinton
1561 2245 1629 2279 kal.
1659 2246 1832 2288 Januarii,
1868 2258 1962 2280 anno
1991 2247 2136 2281 Domini

262 2316 297 2349 M
310 2315 370 2350 CC
383 2314 514 2348 LXXX
526 2314 646 2348 unu.

355 2411 521 2443 Reaiurmn
543 2410 686 2436 Peckham
709 2410 736 2435 in
758 2409 885 2435 Lambeth
909 2410 1012 2437 Palnce.
1028 2409 1074 2434 tol.
1091 2410 1131 2433 38.
1147 2409 1312 2438 -Wilkins,
1334 2409 1455 2435 concina
1479 2409 1604 2441 Maqnae
1628 2409 1810 2439 Britanniae,
1836 2410 1868 2438 Π,
1894 2410 1947 2434 112.
1971 2410 2137 2442 Reqistrum

261 2456 370 2488 epistol.
384 2457 423 2487 tv.
436 2456 579 2482 Iohannis
593 2455 748 2484 Peculium,
761 2454 802 2480 ed.
818 2454 924 2484 Mai-tin,
940 2454 985 2483 nt,
1001 2455 1057 2478 ⁸70.

356 2540 379 2565 1.
396 2540 483 2573 Supra
498 2544 527 2564 [ι’
540 2540 596 2564 474.
609 2553 636 2558 —
647 2539 671 2564 2.
686 2538 705 2564 Ι.
722 2547 744 2564 e.
761 2539 866 2563 nomae.
877 2539 941 2562 —³.
958 2538 987 2562 ln
997 2537 1110 2570 epi-tola
1121 2537 1151 2562 10
1162 2537 1287 2562 Novemb.
1303 2545 1346 2561 an.
1361 2537 1421 2561 1284
1437 2536 1511 2561 addit
1525 2537 1603 2561 etiam
1619 2537 1687 2561 hunc
1701 2537 1829 2562 rationem
1841 2547 1853 2562 α
1869 2547 1915 2562 nec
1926 2547 2023 2571 corpus
2039 2538 2138 2563 Christi

262 2585 358 2611 [niteat
371 2593 453 2610 unum
467 2592 577 2609 numero
591 2584 682 2608 vivum
700 2586 726 2608 et
745 2586 878 2608 mortuum
898 2591 921 2607 s.
942 2582 1048 2611 nni-tin,
1066 2582 1084 2607 l.
1105 2591 1138 2611 c.,
1158 2590 1187 2614 p.
1206 2582 1261 2606 ⁸41.
1278 2582 1324 2606 An.
1346 2582 1415 2611 ¹286,
1432 2581 1516 2614 April.
1535 2582 1574 2610 80,
1594 2582 1779 2607 condemnavit
1793 2586 1851 2607 octo
1866 2583 1963 2616 capita,
1983 2587 2012 2608 ut.
2031 2584 2136 2613 dicitur,

261 2629 387 2655 aichardi
406 2629 533 2662 clnpwet,
553 2628 617 2654 Ord.
636 2628 740 2658 Praed„
760 2635 827 2660 quae
846 2635 874 2651 ιο
894 2630 983 2651 tenent
1001 2635 1032 2651 ex
1048 2630 1124 2659 parts
1141 2626 1295 2654 sententiae.
1316 2625 1342 2650 in
1362 2625 1467 2650 bomine
1489 2634 1547 2650 ene
1566 2634 1646 2650 unum
1665 2630 1768 2651 tantum
1789 2628 1900 2652 formam
1925 2628 2136 2658 nuboiantiutem,

259 2682 328 2708 qnae
337 2682 462 2707 expres-e
476 2673 628 2698 nominatur
642 2675 671 2697 ut
684 2675 786 2701 octavu,
801 2671 900 2700 addito,
913 2679 926 2695 α
936 2679 968 2696 ex
978 2679 1031 2704 qua
1044 2670 1168 2703 opinione
1179 2670 1254 2703 sequi
1265 2669 1387 2694 videntur
1396 2678 1487 2694 omne·
1502 2669 1554 2694 ulio
1566 2670 1672 2695 herese·
1686 2671 1818 2696 contrarie
1829 2680 1851 2696 a.
1862 2672 1982 2701 wukinn,
1998 2681 2025 2705 p.
2040 2673 2086 2697 123
2096 2682 2135 2706 sq.

261 2719 430 2752 vai-genus,
447 2718 515 2744 0011.
531 2718 608 2749 jud„
628 2717 650 2748 1,
670 2718 725 2742 2³7.
746 2716 851 2745 unu-tin,
871 2716 889 2741 l.
910 2724 943 2745 c.,
964 2724 990 2748 p.
1011 2716 1066 2740 928.
1089 2715 1136 2740 luti
1156 2718 1214 2739 octo
1235 2723 1248 2738 a
1270 2714 1375 2739 articuli
1397 2723 1410 2738 ι
1429 2714 1456 2738 in
1471 2714 1535 2739 eod.
1551 2714 1681 2747 Burgheo.
1698 2716 1742 2740 ³61
1764 2716 1808 2741 fol.
1826 2716 1889 2741 222⁶
1907 2716 2008 2750 (script.
2029 2718 2138 2750 anglic.)

261 2763 381 2796 proxime
395 2766 542 2796 sequuntur
556 2762 742 2787 collectionem
761 2761 935 2785 articulorum
950 2760 975 2784 in
991 2759 1086 2792 Anglia
1106 2763 1132 2784 et
1151 2759 1261 2784 Pari-ii·
1279 2759 1522 2783 condemnatorum.
1543 2759 1594 2783 Nec
1610 2759 1739 2784 nubet-tun
1762 2760 1926 2793 Kilwardby,
1942 2770 1988 2786 nec
2002 2762 2136 2786 sehunna·

261 2807 392 2833 recubum
409 2807 587 2832 thominttcnm
602 2806 634 2831 de
649 2806 749 2831 unitate
763 2806 864 2830 formae
878 2804 1062 2829 substantialis
1076 2803 1231 2828 sententium
1247 2807 1339 2836 postea
1353 2811 1517 2828 communem
1530 2804 1585 2828 roi-e
1599 2804 1793 2836 praeviderant.
1803 2818 1835 2824 —
1844 2806 1867 2830 Ιι.
1879 2806 1943 2829 Vide
1956 2806 2025 2830 infra
2038 2811 2067 2829 n⁰
2081 2808 2134 2830 52³.

260 2864 294 2872 -
307 2854 331 2878 δ.
346 2852 411 2878 vta·
425 2852 491 2877 ibid.
505 2865 537 2871 —-
553 2853 576 2876 8.
594 2851 623 2876 ln
641 2851 704 2883 fleg.
720 2853 862 2875 mnotnim·
876 2858 881 2874 :
897 2858 909 2873 α
925 2849 981 2874 Sub
997 2849 1042 2874 illu
1059 2850 1143 2873 forma
1158 2848 1286 2873 eci-ibitur
1299 2847 1481 2873 cardinalibus
1496 2848 1596 2873 uacuo
1614 2848 1666 2881 [tit.
1684 2850 1710 2873 S.
1727 2849 1825 2874 uni-ine
1840 2849 1866 2874 in
1882 2850 2004 2883 porticul,
2020 2851 2137 2875 Ordonio

260 2896 354 2930 [epi-e.
374 2895 544 2930 ‘tuscul-¹101.
559 2899 586 2921 et
598 2895 734 2921 Jeronimo
747 2894 840 2928 [epi-c.
857 2893 1037 2927 Praene-tino]
1053 2902 1074 2918 ι.

2097 2973 2111 2986 Ι
