2580 3528
262 426 359 467 1251]
606 436 653 458 AB
686 436 793 458 Anno
827 435 906 458 ucc
936 435 1068 464 usqua
1103 436 1152 458 An
1187 435 1416 458 rainerum
1452 437 1491 458 ιν
1526 437 1614 459 nso.
1653 437 1790 459 rmum.
2067 428 2132 461 223

261 522 327 556 pro
347 521 458 556 posse
478 521 546 544 suo
571 509 617 543 de
642 509 813 543 omnihus
837 509 1011 555 gentibus
1037 516 1211 555 quantum
1236 510 1280 543 ad
1306 522 1434 543 omnes
1461 517 1591 556 gentes
1613 517 1681 543 tam
1703 510 1858 543 clericos
1879 523 1984 556 quam
2006 511 2132 552 laicos,

260 576 359 623 quod
378 577 508 611 sactum
529 576 598 610 fuit
616 577 742 610 eadem
763 577 976 622 septimana,
997 576 1096 622 quod
1117 577 1292 622 scriptum
1314 577 1366 610 sic
1387 577 1515 622 incipit
1537 589 1544 610 z

349 643 560 677 Provisum⁴
581 650 639 677 est
658 655 723 689 pro
745 643 928 676 communi
949 643 1102 677 utilitate
1123 644 1235 677 totius
1256 644 1368 677 studii
1388 644 1620 686 Parisiensis,
1642 644 1739 689 quod
1761 644 1923 677 universi
1945 644 2135 678 studentes

260 710 421 744 Parisius
450 716 519 744 tam
549 710 712 756 magistri
741 722 847 756 quam
877 710 1039 744 scolares
1068 710 1106 743 in
1135 710 1333 756 theologia,
1364 710 1536 752 decretis,
1567 710 1758 751 medicina,
1788 710 1926 743 artibus
1955 718 1987 744 et
2016 723 2135 756 gram-

261 777 387 811 matica
414 789 480 823 per
506 783 770 811 sacramentum
797 776 1072 823 obligabuntur,
1101 777 1199 823 quod
1227 789 1355 811 omnes
1382 784 1452 811 tam
1479 777 1634 811 clericos
1661 789 1766 823 quam
1792 777 1918 818 laicos,
1946 785 2016 811 tam
2036 778 2136 811 viros

260 855 366 889 quam
386 843 552 886 seminas,
579 855 622 877 ex
651 856 805 890 quorum
826 843 917 877 mala
942 844 1014 878 vita
1042 856 1109 890 pax
1135 851 1170 878 ct
1197 844 1358 878 studium
1385 844 1609 878 studentium
1638 844 1675 877 in
1703 845 1878 890 predictis
1904 844 2136 878 facultatibus

258 910 456 956 impeditur
475 910 545 953 [vel
565 911 735 957 impediri
757 911 915 956 poterit],
937 911 1151 945 revelabunt
1171 912 1209 944 in
1230 918 1372 945 secreto
1394 912 1568 957 episcopo
1589 911 1786 945 Parisiensi
1807 911 1864 945 vel
1891 912 1971 957 ejus
1992 911 2136 945 officiali

261 990 325 1012 seu
355 977 572 1012 cancellario
611 978 702 1012 infra
739 985 821 1012 octo
855 978 949 1020 dies,
980 978 1010 1012 si
1042 979 1242 1024 potuerint,
1275 986 1466 1024 postquam
1498 979 1683 1012 sciverint.
1715 979 1785 1022 Qui
1814 1005 1835 1012 ..
1867 979 2078 1025 episcopus,
2113 1006 2133 1011 ..

260 1044 438 1087 officialis,
458 1071 480 1079 ..
501 1044 741 1079 cancellarius
761 1045 855 1078 bona
876 1045 948 1078 fide
968 1046 1193 1091 promittent,
1215 1046 1313 1091 quod
1333 1045 1424 1079 nulli
1446 1057 1622 1091 permutas
1643 1046 1895 1079 nominantes‘
1915 1046 1973 1079 vel
1994 1046 2136 1079 denun-

260 1112 392 1145 tiantes
413 1111 626 1146 revelabunt
644 1123 709 1146 seu
731 1111 1026 1146 manifestabunt.

350 1180 439 1212 Item
464 1179 650 1225 provisum
678 1186 746 1221 est,
777 1179 875 1224 quod
903 1179 1058 1224 quilibet
1084 1191 1218 1225 regens
1246 1180 1282 1212 in
1311 1180 1485 1225 predictis
1512 1179 1742 1213 facultatibus
1769 1180 1817 1213 sit
1841 1192 1905 1225 per
1932 1180 2134 1225 predictum

260 1252 524 1279 sacramentum
557 1245 753 1291 obligatus,
782 1246 881 1291 quod
909 1245 1048 1279 nullum
1077 1246 1296 1279 diffamatum
1325 1247 1370 1280 de
1397 1246 1540 1280 melleia
1568 1247 1763 1292 frequenti,
1797 1253 1978 1292 raptorem
2006 1247 2136 1280 mulie-

261 1324 355 1354 rum,
388 1313 579 1346 fractorem
609 1312 872 1358 hospiciorum,
907 1313 952 1346 de
983 1319 1088 1353 nocte
1119 1312 1378 1355 errabundum,
1414 1314 1545 1355 furem,
1579 1313 1756 1347 latronem
1787 1313 1987 1359 publicum,
2018 1314 2135 1347 homi—

259 1379 390 1420 cidam,
411 1385 510 1424 petet
536 1385 715 1424 tamquam
743 1378 919 1412 scolarem
949 1379 1110 1421 liberari,
1133 1380 1163 1412 si
1185 1380 1381 1425 contigerit
1401 1391 1483 1413 eum
1503 1380 1581 1425 capi
1602 1392 1620 1413 a
1642 1380 1829 1425 preposito
1858 1381 2055 1414 parisiensi
2076 1381 2134 1414 vel

260 1447 340 1491 ejus
360 1445 528 1479 mandato
548 1445 606 1480 vel
625 1445 670 1479 ab
691 1446 879 1491 episcopo,
901 1446 971 1479 nisi
992 1445 1086 1479 bona
1108 1446 1179 1479 fide
1200 1446 1324 1480 credat
1345 1458 1426 1479 eum
1448 1446 1557 1480 modo
1578 1459 1650 1492 quo
1672 1447 1761 1492 petit
1780 1447 1928 1480 liberari
1949 1460 2031 1481 eum
2053 1459 2135 1481 esse

259 1511 501 1546 liberandum.
524 1512 561 1546 Si
585 1512 668 1558 quis
688 1524 775 1546 vero
795 1524 860 1546 seu
882 1513 1056 1558 magister
1077 1524 1141 1546 scu
1163 1513 1317 1546 scolaris
1337 1513 1380 1546 ad
1402 1513 1563 1558 predicta
1584 1525 1649 1558 per
1663 1514 1908 1558 juramentum
1931 1514 1967 1546 in
1988 1513 2135 1559 publico

259 1590 300 1613 se
327 1579 488 1613 noluerit
515 1578 694 1625 obligare,
722 1591 796 1613 non
826 1578 1054 1625 reputabitur
1085 1591 1167 1613 esse
1197 1579 1243 1613 de
1269 1580 1527 1622 Universitate,
1560 1592 1626 1613 nec
1657 1579 1847 1614 beneficiis
1879 1581 2136 1614 Universitatis

259 1645 444 1692 gaudebit.
473 1645 673 1680 Bachelarii
698 1658 785 1680 vero
813 1646 1015 1680 decretales
1043 1653 1079 1680 et
1104 1646 1208 1692 leges
1235 1646 1402 1692 legentes
1431 1658 1471 1680 se
1499 1646 1648 1692 speciali
1670 1648 1878 1692 juramento
1906 1647 2133 1693 obligabunt,

259 1712 357 1758 quod
382 1719 646 1746 sacramentum
674 1713 852 1759 recipient
878 1712 922 1747 ab
949 1713 1037 1755 illis,
1066 1713 1127 1759 qui
1155 1725 1220 1747 eos
1247 1713 1397 1747 audient
1423 1713 1624 1747 secundum
1650 1714 1799 1747 formam
1827 1714 1998 1760 superius
2023 1727 2137 1748 anno-

259 1786 378 1813 tatam.
402 1780 446 1813 Et
465 1779 685 1825 quicumque
704 1780 830 1825 jurare
851 1779 1023 1822 noluerit,
1044 1792 1118 1813 non
1139 1780 1337 1826 recipietur
1356 1779 1401 1814 ab
1422 1781 1476 1814 eis
1501 1781 1538 1814 in
1563 1780 1688 1820 scolis,
1709 1792 1821 1826 super
1841 1780 1910 1814 hoc
1930 1781 1975 1814 ab
1996 1781 2134 1815 eisdem

259 1833 476 1880 bachelariis
505 1846 551 1880 de
580 1846 672 1892 ipsis
701 1858 774 1880 non
806 1846 1028 1893 recipiendis
1058 1847 1211 1892 prestito
1231 1848 1452 1892 juramento.
1479 1848 1549 1891 Qui
1575 1848 1680 1881 etiam
1709 1848 1895 1881 auditores
1925 1848 2048 1894 legum
2076 1849 2134 1882 vel

259 1912 495 1946 decretalium
520 1924 587 1947 nec
612 1913 718 1947 etiam
743 1913 817 1956 alii,
844 1913 916 1947 nisi
941 1913 1096 1959 alicujus
1122 1914 1286 1960 magistri
1306 1921 1386 1948 actu
1408 1914 1571 1960 regentis
1591 1913 1649 1948 bis
1669 1914 1713 1948 ad
1735 1915 1855 1948 minus
1876 1915 1913 1947 in
1934 1915 2134 1961 septimana

259 1979 379 2014 scolas
416 1979 644 2018 intraverint,
683 1980 845 2014 scolares
879 1980 1088 2014 nullatenus
1122 1987 1349 2027 reputantur,
1385 1988 1421 2015 et
1448 1982 1479 2015 si
1514 1993 1578 2015 eos
1612 1982 1689 2027 capi
1725 1982 1932 2028 contigerit,
1969 1994 2036 2015 nec
2070 1995 2136 2028 per

259 2045 416 2092 aliquem
446 2047 672 2093 magistrum,
703 2059 769 2081 nec
799 2059 865 2093 per
894 2048 1174 2082 Universitatem
1206 2054 1428 2094 repetentur.
1462 2048 1519 2082 Ad
1553 2048 1620 2082 hec
1653 2055 1771 2082 autem
1803 2049 1965 2082 facienda
1995 2048 2136 2095 obliga-

260 2111 414 2146 buntur*
434 2112 570 2147 bedelli
605 2120 674 2147 tam
708 2126 921 2148 comumnes
955 2126 1060 2160 quam
1095 2114 1274 2160 speciales
1308 2116 1560 2161 cujuscunque
1595 2115 1731 2148 suerint
1769 2115 1947 2149 facultatis
1986 2117 2134 2162 proprio

255 2180 476 2224 juramento.

351 2245 484 2280 Modus
516 2253 634 2280 autem
674 2247 863 2293 repetendi
900 2247 1061 2281 scolares
1099 2255 1224 2294 captos
1262 2248 1343 2282 talis
1381 2249 1450 2282 erit
1487 2248 1581 2294 apud
1621 2249 1815 2294 magistros
1853 2249 1995 2290 artium,
2036 2249 2135 2294 quod

262 2312 436 2358 magister
468 2312 622 2347 scolaris
654 2313 747 2359 capti
785 2326 866 2347 cum
906 2313 1051 2347 duobus
1090 2315 1276 2360 magistris
1314 2314 1542 2360 regentibus,
1582 2314 1716 2360 quibus
1754 2321 1911 2356 constet,
1952 2315 2048 2360 quod
2088 2315 2135 2349 sit

261 2378 427 2420 scolaris,
454 2378 602 2413 accedet
626 2379 670 2413 ad
698 2380 937 2425 prepositum,
966 2387 1002 2414 et
1027 2380 1204 2414 scolarem
1235 2392 1341 2415 suum
1369 2387 1528 2426 repetet;
1558 2381 1619 2426 qui
1645 2381 1674 2413 si
1702 2381 1856 2414 reddere
1883 2381 2132 2427 denegaverit,

262 2445 382 2479 dictus
402 2446 575 2492 magister
595 2445 815 2491 significabit
835 2446 904 2480 hoc
926 2447 1056 2480 rectori
1079 2447 1348 2488 Universitatis,
1371 2454 1405 2480 et
1427 2454 1511 2480 tunc
1532 2454 1651 2480 rector
1671 2459 1751 2480 cum
1776 2448 1921 2481 nomine
1944 2447 2133 2482 Universi-

261 2512 344 2546 tatis
364 2519 516 2558 repetet.
544 2514 587 2546 Et
611 2513 642 2546 si
668 2514 877 2559 prepositus
903 2526 984 2547 eum
1011 2513 1165 2547 reddere
1191 2513 1349 2547 nolucrit
1372 2514 1517 2555 rectori,
1543 2520 1628 2547 tunc
1654 2521 1816 2548 recurret
1842 2521 1960 2548 rector
1984 2514 2028 2548 ad
2049 2526 2133 2548 can-

261 2578 462 2621 cellarium,
490 2585 525 2613 et
546 2586 731 2625 postremo
751 2580 795 2613 ad
823 2580 1035 2626 episcopum
1062 2579 1120 2614 vel
1147 2579 1335 2613 officialem
1367 2580 1544 2625 ejusdem.
1578 2582 1616 2614 ln
1645 2580 1726 2614 aliis
1753 2587 1871 2614 autem
1901 2581 2133 2615 facultatibus

262 2645 515 2691 unusquisque
542 2646 715 2692 magister
742 2646 917 2680 scolarem
946 2658 1052 2680 suum
1083 2653 1223 2692 repetet
1249 2648 1335 2692 pcr⁸
1362 2659 1415 2687 se,
1443 2647 1474 2680 si
1500 2659 1652 2681 neccsse
1680 2647 1799 2680 fucrit.
1829 2647 2078 2681 Publicabitur
2098 2655 2133 2681 et

262 2712 494 2747 innovabitur
520 2713 632 2746 forma
660 2713 727 2747 ista
756 2725 820 2759 per
846 2713 964 2747 scolas
989 2713 1032 2746 ad
1060 2713 1180 2746 minus
1207 2712 1264 2746 bis
1291 2714 1326 2746 in
1351 2725 1460 2755 anno,
1486 2714 1658 2748 videlicet
1681 2715 1774 2747 circa
1802 2716 1932 2748 festum
1961 2714 2131 2747 Omnium

263 2779 475 2813 Sanctorum
495 2786 531 2813 et
549 2779 644 2813 circa
665 2781 976 2826 carnisprivium7.

356 2890 385 2914 ln
401 2889 532 2922 Reqistro
545 2890 674 2924 Philippi
688 2893 821 2923 Auyusti,
839 2891 906 2916 Bibl.
923 2895 976 2916 nat.
993 2892 1086 2920 Puris..
1099 2900 1148 2916 mn.
1164 2893 1207 2916 lut.
1220 2893 1291 2920 0778,
1308 2893 1354 2916 sol.
1365 2893 1387 2920 2,
1399 2895 1424 2915 et.
1438 2892 1512 2916 Aret».
1524 2895 1577 2916 nat.
1594 2892 1677 2916 Paris.
1693 2893 1734 2921 Η,
1751 2894 1780 2916 20
1796 2893 1868 2923 (olim
1881 2893 1947 2916 Bibt.
1966 2896 2018 2916 nat.
2036 2893 2134 2922 Parim,

263 2941 311 2958 ms.
328 2934 374 2959 tat.
388 2935 469 2965 ⁹777),
486 2935 530 2959 t'ot.
546 2934 590 2959 8⁵.
603 2949 634 2954 —
649 2936 678 2960 ln
693 2935 756 2960 Cod.
774 2936 830 2960 Vnt.
847 2936 975 2968 Reg.4oo,
992 2936 1037 2961 tol.
1053 2937 1092 2965 ¹18,
1108 2940 1134 2960 et.
1149 2937 1216 2960 Bibl.
1234 2936 1365 2968 Phittipps
1381 2936 1406 2960 in
1423 2936 1603 2963 Chettentmm.
1621 2945 1668 2960 ms.
1686 2937 1740 2965 876,
1765 2937 1808 2960 rot.
1826 2939 1856 2961 55»
1866 2937 1885 2965 b,
1902 2937 2016 2960 nvem-rit
2031 2940 2132 2960 tuntum

263 2978 458 3011 punct-phun,
469 2987 538 3012 qun
546 2987 629 3012 snpra
642 2980 745 3004 initium
755 2980 834 3005 habet
845 2989 850 3005 :
863 2990 874 3004 ι
886 2981 1023 3005 pruvinum
1031 2984 1072 3005 ent
1083 2989 1132 3013 pro
1140 2981 1272 3005 communi
1288 2981 1400 3005 utilitate
1410 2981 1491 3005 totius
1503 2981 1582 3004 studii
1600 2989 1621 3009 n,
1632 2985 1691 3010 etc„
1707 2989 1766 3005 eum
1782 2981 1830 3004 hnc
1847 2981 1951 3006 rubrica
1964 2990 1968 3004 z
1987 2990 1997 3004 a
2015 2981 2133 3004 Provisi-
