2580 3528
462 377 525 411 168
1043 388 1365 411 cnxwrunxnmm
1401 389 1591 413 untvssns.
1626 390 1756 412 rmus.
2237 382 2338 422 [1240

464 490 572 530 125.
598 491 739 527 Robertus
754 501 790 527 de
803 504 830 527 S.
847 502 982 535 Quintino
997 501 1140 536 frutribus
1155 502 1260 528 Praed.
1281 503 1307 528 S.
1326 502 1427 528 Jacobi
1442 502 1585 538 quidquid
1593 503 1672 539 juris
1687 503 1775 529 habet
1790 503 1819 529 in
1833 503 1916 530 domo
1932 503 2035 539 aliqua
2049 504 2175 530 Parisiis
2190 504 2336 541 relinquit.

1549 592 1624 622 7240,
1639 600 1730 618 mense
1744 593 1880 622 novembri.
1895 593 1915 628 [
1915 594 2022 620 Parisiis
2022 593 2047 628 J.

550 666 741 700 Universis
772 673 963 712 presentes
996 666 1134 699 litteras
1163 666 1385 711 inspecturis
1420 666 1585 700 officialis
1619 667 1720 700 curie
1749 667 1968 701 Parisiensis
1997 668 2164 702 salutem.
2204 670 2337 702 Notum

459 733 622 774 facimus,
646 733 743 778 quod
769 745 889 766 coram
916 733 1023 766 nobis
1050 733 1271 766 constitutus
1299 732 1481 766 Robertus
1509 733 1554 766 de
1576 733 1611 766 S.
1634 733 1810 777 Quintilio
1836 733 1992 768 clericus
2018 734 2170 780 quitavit
2190 735 2338 781 penitus

461 806 497 833 et
521 812 708 850 expresse,
736 800 909 844 quicquid
932 800 1028 844 juris
1058 799 1214 832 habebat
1239 799 1297 833 vel
1323 798 1458 832 habere
1485 806 1627 845 poterat
1647 811 1690 832 cx
1705 801 1789 845 jure
1810 800 2018 834 donationis
2037 801 2096 835 vel
2120 813 2340 847 quocunque

461 867 532 900 alio
563 867 671 900 modo
701 867 737 899 in
766 867 918 911 quadam
954 867 1061 899 domo
1097 867 1164 899 sita
1194 873 1233 899 ut
1262 866 1395 899 dicitur
1424 867 1526 911 juxta
1561 867 1708 899 domum
1744 867 1920 909 turritam,
1953 879 2023 913 que
2057 868 2125 901 fuit
2157 869 2339 914 quondam

459 934 611 967 Joannis
645 934 773 966 decani
804 933 986 978 quondam
1022 933 1142 966 Sancti
1173 933 1350 976 Quintini,
1387 933 1501 978 priori
1537 939 1571 966 et
1604 933 1777 967 fratribus
1812 934 1932 967 Sancti
1965 934 2091 968 Jacobi
2123 935 2169 968 de
2202 935 2340 968 Ordine

461 1001 731 1034 predicatorum
763 1000 938 1041 Parisius,
967 1000 1184 1045 promittens
1216 1000 1285 1033 fide
1316 1000 1353 1032 in
1384 1012 1491 1033 manu
1522 1006 1645 1034 nostra
1679 1001 1829 1046 prestita
1858 1001 2052 1047 corporali,
2084 1001 2183 1046 quod
2216 1008 2341 1035 contra

462 1067 697 1112 quitationem
720 1067 823 1100 istam
846 1079 911 1112 per
932 1079 971 1100 se
993 1067 1050 1100 vel
1072 1079 1137 1112 per
1156 1067 1266 1100 alium
1288 1079 1362 1100 non
1382 1067 1506 1100 veniet
1525 1067 1562 1099 in
1583 1067 1743 1100 futurum
1766 1074 1801 1100 et
1821 1067 1919 1113 quod
1940 1067 1977 1100 in
1998 1068 2076 1113 ipsa
2099 1068 2207 1106 domo
2229 1067 2342 1102 nichil

462 1135 507 1168 de
537 1141 659 1167 cetero
690 1133 911 1167 reclamabit.
944 1135 988 1167 Et
1016 1134 1061 1167 de
1086 1133 1148 1167 -his
1176 1134 1345 1166 tenendis
1366 1139 1402 1166 et
1421 1133 1574 1167 firmiter
1601 1133 1842 1168 observandis
1868 1146 1988 1167 coram
2015 1134 2123 1168 nobis
2143 1134 2341 1180 juramenti

461 1201 608 1234 vinculo
629 1213 669 1234 se
690 1201 869 1234 astrinxit.
893 1202 972 1234 Dat.
995 1213 1089 1234 anno
1111 1201 1257 1234 Domini
1278 1201 1473 1234 millesimo
1495 1201 1658 1242 CC⁰XL⁰,
1681 1213 1807 1234 mense
1827 1201 2036 1234 Novembri.

526 1320 529 1322 Β
556 1286 692 1318 Originale
708 1286 733 1309 in
754 1286 830 1310 Arch.
852 1289 905 1310 nat.
927 1286 1012 1310 Paris.
1029 1287 1055 1309 S.
1071 1287 1142 1314 4229,
1158 1290 1187 1308 n⁰
1203 1288 1225 1309 5.
1247 1286 1374 1317 Superest
1392 1285 1536 1309 tueniolum
1556 1286 1796 1309 membranaceum.
1812 1300 1843 1303 —-
1858 1286 1893 1309 De
1913 1286 1963 1309 ista
1980 1294 1991 1309 «
2008 1286 2086 1309 domo
2106 1286 2203 1310 turrita
2225 1294 2236 1309 n
2259 1294 2342 1318 supra

463 1340 514 1354 non
530 1334 675 1354 memoratu
690 1332 723 1354 cf.
740 1331 764 1354 J.
781 1330 932 1358 Quichernt,
950 1331 991 1354 La
1004 1337 1059 1355 rue
1073 1335 1097 1355 ει
1111 1330 1135 1354 le
1149 1331 1270 1354 chateau
1283 1330 1478 1360 Hauteseuille
1492 1332 1510 1355 ὰ
1523 1330 1616 1358 Paris,
1632 1339 1658 1361 p.
1676 1331 1706 1353 29
1721 1338 1760 1362 sq.

467 1508 574 1545 126.
598 1516 739 1543 Robertus
755 1517 885 1542 minister
898 1518 1023 1551 fratrum
1039 1517 1180 1542 Minor-um
1196 1517 1223 1542 in
1242 1516 1365 1541 Francia
1381 1519 1477 1542 notum
1487 1516 1570 1550 facil,
1587 1519 1750 1542 conventum
1764 1517 1790 1541 S.
1812 1516 1945 1542 Germani
1959 1516 1995 1542 de
2010 1517 2108 1542 Pratis
2123 1517 2218 1543 Paris.
2233 1517 2341 1553 permi-

508 1574 520 1581 ··
549 1566 624 1592 sisse
640 1566 827 1592 venditionem
843 1565 923 1591 illius
939 1569 1042 1600 terrae,
1061 1574 1119 1601 qua
1135 1574 1206 1601 opus
1222 1568 1286 1591 erat
1301 1564 1341 1590 ad
1355 1565 1593 1591 constructionem
1609 1568 1760 1591 conventus
1776 1565 1927 1591 Minor-um.

1720 1654 1769 1680 124
1773 1655 1797 1684 0,
1812 1654 1966 1689 [Pardali-effi

554 1731 743 1765 Universis
774 1737 965 1775 presentes
995 1730 1133 1762 litteras
1160 1729 1390 1774 ,inspecturis
1419 1730 1529 1762 frater
1564 1729 1746 1762 Robertus
1776 1729 1942 1762 minister
1972 1736 2007 1762 et
2034 1741 2162 1763 servus
2191 1730 2341 1763 fratrum

461 1785 999 1831 Miimorum'administrationis
1030 1797 1179 1829 Francie
1211 1803 1381 1841 totusque
1413 1802 1615 1829 conventus
1650 1796 1799 1829 fratrum
1830 1795 2090 1829 Parisiensium
2122 1796 2274 1829 salutem
2305 1796 2343 1830 in

462 1865 617 1898 Domino
646 1864 917 1909 sempiternam.
950 1865 1081 1896 Notum
1110 1863 1275 1904 facimus,
1305 1863 1403 1907 quod
1434 1875 1514 1895 cum
1544 1863 1715 1895 dominus
1741 1875 1831 1908 papa
1862 1862 1950 1896 viris
1977 1862 2163 1908 religiosis
2194 1863 2343 1908 Symoni

461 1931 528 1964 Dei
549 1931 663 1977 gratia
689 1931 790 1964 Beati
811 1931 984 1964 Germani
1005 1931 1050 1963 de
1071 1930 1186 1963 Pratis
1212 1929 1431 1963 Parisiensis
1455 1928 1575 1962 abbati
1601 1929 1840 1974 ejusdemque
1866 1928 1937 1962 loci
1963 1929 2158 1962 conventui
2179 1929 2344 1963 dedisset

462 1999 498 2031 in
521 1998 711 2039 mandatis,
740 1998 911 2042 quatinus
937 1998 982 2030 de
1011 1997 1118 2030 terris
1146 1997 1275 2042 positis
1302 1996 1393 2029 infra
1419 2002 1455 2029 et
1481 2003 1579 2029 extra
1606 2008 1729 2029 muros
1755 1996 1910 2029 civitatis
1931 1996 2161 2037 Parisiensis,
2185 2008 2255 2041 que
2276 2008 2342 2029 sue

456 2065 728 2110 jurisdictionis
750 2065 906 2097 existere
928 2071 962 2097 et
983 2065 1026 2097 ad
1048 2076 1198 2097 censum
1225 2075 1383 2096 annuum
1412 2063 1532 2096 locare
1558 2069 1735 2108 perpetuo
1762 2063 1983 2104 referuntur,
2005 2061 2113 2096 nobis
2139 2065 2276 2108 part'em
2298 2062 2342 2096 ad

461 2132 649 2166 arbitrium
681 2131 902 2165 venerabilis
934 2131 1044 2176 patris
1074 2131 1131 2163 A.¹
1164 2131 1229 2163 Dei
1257 2130 1371 2175 gratia
1402 2129 1688 2163 Silvanectensis
1718 2129 1882 2175 episcopi
1912 2129 2048 2162 nostris
2077 2129 2207 2163 usibus
2234 2141 2342 2174 opor-

462 2207 583 2232 tunam
605 2199 749 2244 pietatis
775 2199 907 2231 intuitu
936 2198 1044 2232 vendi
1072 2197 1187 2230 libere
1213 2197 1478 2242 permitterent,
1500 2196 1693 2241 presertim
1718 2208 1799 2229 cum
1821 2207 2058 2241 possessores
2079 2195 2222 2229 illarum
2243 2195 2342 2230 ducti

461 2252 593 2311 spiritu
621 2266 780 2299 caritatis
811 2277 871 2298 eas
906 2265 1065 2298 vendere
1097 2271 1131 2297 et
1161 2264 1306 2309 quidam
1337 2263 1398 2296 alii
1428 2263 1623 2296 devotione
1658 2263 1841 2296 ferventes
1871 2262 1978 2296 nobis
2013 2262 2111 2308 ipsas
2146 2274 2267 2296 emere
2298 2262 2343 2296 ad

461 2332 584 2366 (livine
605 2333 723 2365 laudis
745 2331 963 2377 obsequium
985 2330 1098 2376 parati
1120 2331 1330 2372 existerent,
1354 2329 1454 2363 salvo
1481 2336 1600 2363 tamen
1622 2336 1660 2362 ut
1680 2329 1790 2362 iidem
1812 2329 1923 2362 abbas
1945 2336 1981 2362 et
2005 2335 2222 2371 conventus,
2244 2329 2343 2375 quod

462 2412 526 2445 pro
549 2400 657 2433 terris
686 2399 863 2432 hactenus
894 2404 1139 2444 perceperunt
1157 2397 1216 2431 vel
1237 2396 1451 2442 equivalens
1479 2396 1718 2442 imposterum
1749 2396 1938 2441 percipere
1964 2396 2120 2438 valeant,
2145 2402 2181 2429 et
2207 2408 2251 2429 ex
2273 2395 2342 2429 hoc

461 2466 549 2501 alias
579 2466 670 2511 ipsis
700 2472 761 2499 aut
790 2465 946 2498 ecclesie
977 2477 1043 2498 sue
1073 2476 1184 2510 super
1213 2463 1418 2509 privilegiis
1451 2463 1614 2508 ipsorum
1645 2462 1703 2496 vel
1738 2462 1850 2496 rebus
1883 2462 1964 2496 aliis
1998 2462 2138 2495 nullum
2169 2462 2343 2507 deinceps

461 2533 703 2578 prejudicium
730 2539 942 2577 generetur,
970 2532 1066 2565 dicto
1093 2530 1294 2565 venerabili
1320 2530 1412 2575 patri
1439 2529 1703 2563 Silvanectensi
1731 2529 1904 2575 episcopo
1932 2529 2112 2562 monitore
2138 2540 2249 2574 super
2273 2528 2343 2562 hoc

463 2599 649 2644 deputato,
671 2606 706 2632 et
727 2611 794 2632 nos
816 2599 1017 2631 monitione
1039 2598 1216 2643 premissa
1242 2603 1451 2642 peteremus
1472 2596 1516 2629 ab
1538 2596 1605 2638 eis,
1632 2602 1671 2629 ut
1691 2596 1781 2629 duas
1807 2595 1922 2641 petias
1943 2602 2037 2628 terre
2058 2600 2167 2640 prout
2192 2594 2342 2628 limitate

461 2672 547 2699 sunt
567 2665 746 2699 etdivise
775 2666 862 2698 sitas
890 2665 981 2698 insra
1012 2671 1047 2697 et
1072 2670 1170 2697 extra
1198 2676 1322 2697 muros
1353 2662 1509 2696 civitatis
1532 2662 1704 2707 >ejusdem
1733 2662 1860 2707 partim
1890 2662 1926 2694 in
1954 2661 2116 2695 dominio
2146 2661 2274 2706 partim
2305 2661 2341 2694 in

462 2732 607 2766 censiva
628 2732 841 2764 monasterii
866 2731 922 2764 sui
949 2731 1056 2763 nobis
1084 2730 1270 2763 habendas
1296 2730 1339 2763 ad
1366 2741 1471 2762 usum
1497 2729 1646 2761 fratrum
1668 2735 1876 2762 nostrorum
1893 2729 1994 2773 juxta
2015 2727 2171 2760 mandati
2196 2734 2343 2773 aposto-

462 2798 523 2832 lici
545 2804 722 2839 tenorem,
746 2797 843 2831 salva
865 2804 984 2831 tamen
1005 2797 1267 2842 indempnitate
1288 2795 1514 2836 monasterii,
1537 2794 1780 2839 assignarent,
1803 2795 1930 2840 presati
1951 2793 2062 2827 abbas
2086 2800 2121 2827 et
2140 2800 2342 2827 conventus

463 2850 631 2911 tanquam
666 2852 731 2897 filii
766 2863 975 2897 obedientie
1011 2863 1188 2896 mandatis
1223 2860 1435 2907 apostolicis
1466 2872 1593 2906 parere
1622 2860 1788 2894 volentes
1819 2861 1948 2906 petitas
1979 2860 2068 2893 duas
2101 2860 2216 2906 petias
2247 2867 2342 2893 terre

462 2932 570 2967 nobis
600 2930 809 2977 supradicto
840 2930 948 2964 modo
980 2929 1155 2963 tenendas
1186 2929 1281 2962 sicut
1310 2928 1460 2974 petitum
1497 2927 1614 2960 suerat
1647 2927 1881 2972 assignarunt
1914 2926 2025 2961 salvis
2059 2925 2130 2960 sibi
2165 2926 2341 2968 dominio,
