2580 3528
270 424 367 466 1230]
610 434 658 456 AB
691 434 798 456 Auso
831 433 910 456 uec
945 433 1077 462 usqua
1112 433 1160 455 An
1194 433 1427 455 rmmrruu
1464 434 1503 456 iv
1538 434 1626 456 ase.
1664 435 1802 456 FRANC.
2086 426 2149 458 135

261 508 360 554 juris
375 514 411 542 et
429 507 582 541 dominii
597 518 681 541 esse
701 507 919 548 dinoscitur,
935 507 1079 552 integre
1099 513 1135 540 et
1149 506 1287 551 absque
1308 507 1596 540 contradictione
1612 507 1731 552 aliqua
1750 514 1964 540 revertetur.
1984 509 2023 540 In
2040 498 2147 553 cujus

267 574 321 608 rei
348 573 597 608 testimonium
627 579 663 606 et
695 573 883 606 munimen
917 573 962 606 de
1002 584 1188 606 consensu
1218 573 1421 606 eorundem
1456 573 1605 606 fratrum
1637 580 1828 619 presentes
1858 573 1996 607 litteras
2031 574 2143 619 sigilli

266 640 383 674 nostri
403 639 605 674 munimine
625 639 779 673 fecimus
795 639 973 673 roborari.
995 640 1125 672 Actum
1146 651 1242 672 anno
1263 640 1410 672 Domini
1431 641 1480 672 Mo
1490 640 1566 674 CC⁰
1586 640 1784 681 tricesimo,
1807 652 1933 673 meuse
1955 641 2062 673 Maio.

359 737 495 770 Originale
509 737 536 761 in
558 737 635 761 Areh.
651 740 705 761 nat.
722 737 806 761 Paris.
827 737 855 761 L.
867 737 922 766 767,
938 737 1035 768 layette
1054 738 1077 765 3,
1099 737 1180 762 liasse
1199 739 1222 767 4,
1245 741 1302 761 cote
1321 738 1343 760 3.
1363 737 1487 768 Sigillum
1507 745 1611 761 cereum
1634 738 1749 761 taeniolo
1775 738 1952 761 membranae.
1974 739 2143 770 appenditur.

263 796 295 800 —
309 782 435 811 Ffflbien,
449 782 523 807 Ηὶεί.
538 783 573 806 de
587 782 616 806 la
631 781 700 806 Ville
714 782 748 806 de
761 781 858 809 Paris,
870 781 917 810 ΠΙ,
930 781 984 810 115,
996 782 1141 805 secundum
1156 782 1282 810 Dubreul,
1294 781 1457 813 Antiquite‘s
1468 783 1502 806 de
1512 782 1599 806 Paris
1613 781 1703 814 (1612),
1715 791 1741 814 p.
1753 782 1808 810 515,
1822 786 1847 806 et
1862 782 1967 814 quidem
1981 783 2142 814 imperfecte.

263 841 295 845 —
309 827 414 851 Fratres
423 826 537 851 Minores
553 834 595 850 nn.
612 826 752 850 1219-1220
766 825 884 850 Parisios
894 825 999 850 venisse
1014 826 1130 850 vidimus
1141 835 1223 858 supra
1236 827 1270 850 ad
1285 831 1314 850 n⁰
1328 827 1366 850 37.
1384 826 1472 850 Primo
1485 826 1648 850 domicilium
1661 826 1795 850 habebant
1809 827 1881 858 apud
1896 827 1921 850 S.
1940 827 2102 858 Dionysium.
2115 828 2144 851 Id

263 871 335 895 clare
349 874 462 904 apparet
478 879 510 894 ex
522 870 673 894 narratione
686 870 803 894 Thomae
813 870 846 894 de
857 870 1004 899 Eccleston,
1015 870 1057 895 Dc
1066 871 1194 895 adventu
1207 871 1314 895 Minor.
1328 871 1359 895 in
1370 871 1518 902 Anqliam.
1529 871 1605 894 Circa
1619 879 1718 894 annum
1729 871 1790 894 1224
1800 871 1878 899 enim,
1890 874 2032 903 postquam
2049 873 2145 895 frati-cs

263 914 377 939 Minores
389 915 446 948 jam
463 917 590 939 venerant
609 914 636 938 in
654 914 776 946 Angliam
791 914 832 946 (10
849 914 921 946 Sept.
938 914 1018 946 1224),
1035 915 1136 946 Haymo
1154 915 1186 939 de
1201 915 1362 939 Faversham
1377 923 1437 938 cum
1454 915 1540 938 trihus
1561 915 1621 939 aliis
1640 915 1776 947 magistris
1792 924 1804 939 α
1818 916 1889 947 apud
1907 916 2033 939 Sanctum
2046 916 2144 947 Diony-

263 959 334 984 sium
349 967 361 983 a
377 963 403 984 et
417 959 523 992 quidem
539 967 551 983 α
566 959 686 983 Parisius
697 967 709 982 »
726 959 768 982 vel
783 959 872 990 potius
882 967 966 991 prope
979 959 1095 982 Parisios
1109 959 1235 984 Ordinem
1248 959 1365 988 intravit,
1382 960 1487 991 quando
1501 959 1537 983 ibi
1553 959 1697 992 Gregorius
1710 960 1743 983 de
1758 960 1867 991 Neapoli
1883 960 2003 983 minister
2019 960 2145 983 Franciae

262 1003 371 1028 exstitit.
388 1003 427 1028 Cf.
438 1004 625 1029 Monumenta
640 1002 797 1032 Francisc..
813 1006 877 1027 tom.
897 1003 916 1032 l,
938 1003 978 1027 ed.
993 1003 1108 1032 Brewer,
1125 1012 1152 1036 p.
1169 1004 1208 1033 21,
1225 1012 1275 1036 sq.,
1290 1007 1352 1027 tom.
1372 1004 1394 1032 2,
1411 1004 1452 1027 ed.
1469 1004 1592 1033 Howlett,
1609 1013 1635 1036 p.
1651 1005 1688 1027 23.
1706 1005 1771 1028 Ante
1786 1012 1884 1028 annum
1897 1005 1958 1028 1224
1973 1007 1999 1028 et
2015 1005 2080 1028 forte
2094 1005 2144 1028 sub

262 1048 386 1072 ministro
401 1048 528 1072 Franciae
542 1047 680 1080 Gregorio,
694 1047 738 1080 qui
751 1056 763 1071 a
775 1047 801 1071 in
812 1047 991 1071 Universitate
1006 1048 1124 1071 Parisius
1139 1056 1151 1071 »
1163 1048 1266 1072 celeber
1280 1051 1337 1072 erat
1352 1048 1407 1072 suis
1422 1048 1666 1080 praedicationibus
1677 1048 1704 1080 (l.
1721 1057 1754 1077 c.,
1767 1049 1786 1077 1,
1803 1049 1846 1077 23;
1861 1049 1893 1077 ll,
1908 1050 1956 1079 25),
1971 1049 2081 1072 Parisiis
2097 1057 2143 1072 seu

261 1093 352 1126 potius
364 1093 436 1125 apud
445 1093 471 1117 S.
487 1092 642 1125 Dionysium
654 1093 735 1116 frater
745 1092 871 1124 Agnellus
882 1095 939 1116 emt
949 1095 1048 1120 custos,
1062 1093 1107 1124 qui
1123 1101 1191 1116 anno
1207 1093 1266 1116 1224
1284 1092 1464 1116 fundationem
1478 1093 1504 1116 in
1517 1093 1612 1125 Anglia
1623 1093 1758 1125 incepit(1,
1772 1093 1804 1125 5).
1818 1102 1830 1116 α
1840 1093 1895 1117 Non
1911 1093 2045 1117 habebant
2057 1094 2145 1117 adhuc

261 1137 409 1162 cantariam
424 1146 447 1165 u,
462 1137 509 1161 sed
524 1137 668 1161 audiebant
682 1137 708 1160 in
723 1136 850 1169 parochia
863 1137 954 1160 divina
971 1136 1001 1168 (1,
1018 1138 1061 1166 22;
1076 1137 1109 1165 11,
1126 1138 1173 1166 24).
1192 1137 1359 1166 Hemerueus,
1374 1137 1518 1162 Sorbonae
1530 1137 1655 1168 oriqines
1665 1137 1744 1170 (nihl.
1762 1138 1879 1161 Arsenal.
1893 1138 1988 1166 Paris„
2005 1146 2054 1162 ms.
2072 1138 2143 1167 1166,

262 1181 308 1206 fol.
323 1182 356 1214 8),
371 1185 441 1205 recte
455 1181 538 1213 igitur
547 1181 667 1205 elocutus
682 1184 723 1205 est
737 1181 826 1205 dicens
838 1182 934 1205 fratres
945 1181 1058 1204 Minores
1074 1181 1191 1213 primum
1204 1181 1373 1213 sandionysii
1384 1181 1462 1205 tertio
1475 1182 1509 1205 ab
1524 1182 1589 1206 urbe
1601 1182 1690 1214 lapide
1703 1182 1858 1214 aliquandiu
1873 1182 2026 1206 substitisse
2041 1182 2143 1214 (contra

262 1225 418 1250 Bellefarest
436 1229 462 1250 et
479 1225 611 1254 Corrozet,
631 1225 677 1257 qui
696 1228 868 1249 asseruerunt
887 1225 1000 1249 Minores
1016 1225 1153 1249 habitasse
1170 1226 1196 1249 in
1212 1226 1278 1254 loco,
1295 1225 1340 1249 ubi
1355 1229 1447 1258 postea
1468 1226 1518 1250 fuit
1536 1226 1683 1258 Collegium
1701 1227 1852 1259 Navarrae).
1869 1227 1936 1250 Dum
1958 1228 2054 1250 fratres
2071 1227 2142 1258 apud

262 1271 388 1294 Sanctum
405 1269 559 1302 Dionysium
575 1269 756 1298 morabantur,
775 1273 928 1293 construere
943 1273 1087 1301 coeperunt
1104 1269 1129 1293 in
1145 1270 1202 1293 loco
1220 1270 1302 1293 Vallis
1317 1270 1416 1293 Viridis
1431 1270 1566 1301 (Valvert,
1588 1271 1719 1303 Vauvert)
1735 1279 1747 1294 «
1763 1271 1871 1294 domum
1889 1271 1995 1302 longam
2011 1274 2037 1294 ct
2051 1271 2143 1299 altam,

262 1322 330 1347 quae
343 1314 434 1338 multis
455 1314 583 1338 fratribus
603 1313 743 1337 videbatur
762 1322 821 1337 esse
835 1317 927 1337 eontra
949 1317 1047 1337 statum
1061 1314 1228 1346 paupertatis
1247 1314 1355 1338 Ordinis
1373 1325 1393 1338 ι,
1414 1315 1539 1346 Agnellus
1555 1315 1698 1346 praecipue
1718 1315 1887 1346 supplicabat
1906 1315 1931 1339 b.
1949 1315 2097 1343 Francisco,
2114 1318 2145 1338 ut

261 1366 319 1383 eam
341 1359 488 1382 destrueret
509 1354 598 1389 (Mon.
617 1357 769 1386 Francisc.‚
788 1358 808 1386 1,
829 1358 860 1381 36
872 1358 931 1390 sq.).
950 1357 1026 1386 Quod
1046 1358 1125 1382 etiam
1141 1358 1269 1387 evenisse,
1290 1361 1316 1382 et
1329 1358 1436 1390 quidem
1451 1367 1519 1382 anno
1535 1359 1605 1387 1229,
1626 1360 1707 1382 refert
1728 1359 1803 1383 testis
1822 1359 1942 1382 oculatus
1962 1359 2094 1383 Johanues
2111 1360 2145 1382 de

261 1402 406 1427 Gai-landis
421 1402 447 1426 in
463 1410 510 1426 sao
525 1402 595 1426 libro
606 1402 648 1426 De
661 1402 815 1432 triumphis
830 1402 970 1430 ecclesiae,
985 1402 1031 1425 lib.
1048 1403 1071 1430 6,
1088 1402 1182 1426 scribit
1196 1402 1266 1426 enim
1283 1410 1288 1426 ·.

779 1469 883 1492 Annum
898 1468 1036 1492 millenum
1051 1469 1156 1492 Domini
1170 1472 1275 1492 centum
1291 1469 1332 1492 bis
1347 1473 1373 1494 et
1389 1478 1473 1493 aiinos

810 1499 961 1532 vigintique
974 1508 1067 1524 novem
1081 1500 1174 1524 semita
1189 1500 1253 1524 solis
1265 1500 1329 1532 agit.

777 1561 897 1586 Parisius
911 1562 989 1598 lapsa
1004 1565 1044 1586 est
1057 1563 1170 1586 fratrum
1185 1563 1278 1586 domus
1294 1563 1348 1586 alta
1363 1563 1494 1586 Minox-um

807 1593 881 1617 Valle
895 1593 1002 1625 quidem
1014 1593 1094 1617 viridi
1109 1602 1189 1626 quam
1202 1597 1317 1618 statuere
1333 1594 1393 1618 sibi.

258 1673 306 1698 Ed.
326 1672 439 1705 Wrigffl,
455 1681 481 1705 p.
506 1674 546 1702 99,
563 1672 632 1696 Bibl.
651 1676 705 1697 nat.
722 1673 806 1697 Paris.
829 1681 908 1696 nouv.
927 1673 1028 1705 aequis.
1054 1681 1103 1697 ms.
1120 1673 1165 1697 lat.
1183 1674 1253 1702 1225,
1273 1682 1299 1706 p.
1320 1674 1357 1698 77.
1373 1673 1436 1698 Post
1453 1673 1533 1697 istum
1553 1677 1676 1697 eventum
1699 1675 1793 1697 fratres
1811 1674 1924 1697 Minores
1945 1682 2013 1697 anno
2034 1674 2094 1697 1230
2115 1682 2144 1697 se

258 1718 453 1742 transtulerunt
466 1717 500 1741 ad
513 1718 539 1743 S.
555 1717 725 1747 Germanum,
737 1717 783 1741 ubi
798 1721 983 1742 remanserunt
996 1717 1084 1750 primo
1099 1717 1206 1750 quidem
1220 1721 1249 1742 ut
1261 1718 1388 1750 hospites,
1401 1721 1493 1750 postea
1509 1726 1571 1742 vero
1583 1718 1704 1750 jecerunt
1719 1718 1888 1742 fundamenta
1900 1718 1972 1742 illius
1988 1722 2142 1747 conventus,

259 1762 305 1795 qni
320 1762 507 1794 appellabatur
530 1773 539 1783 ι
557 1762 582 1786 le
602 1762 688 1794 grand
704 1765 817 1786 convent
831 1762 877 1786 des
892 1762 1041 1786 Cordeliers
1059 1773 1079 1786 ι.
1100 1763 1205 1786 Fratres
1225 1762 1338 1786 Minores
1359 1771 1411 1786 non
1432 1766 1588 1795 receperunt
1606 1763 1759 1786 cathedram
1774 1762 1853 1786 theol.
1870 1762 1897 1786 in
1918 1762 2038 1786 Univers.
2057 1762 2141 1786 Paris.

259 1810 320 1831 ante
333 1815 376 1831 an.
393 1806 463 1835 12:31,
480 1814 550 1835 nam,
567 1809 596 1830 ut
610 1806 674 1831 dicit
688 1807 774 1838 Roger
786 1806 866 1836 Baco,
881 1806 1028 1830 Alexander
1041 1807 1074 1830 de
1089 1807 1168 1831 Hales
1180 1807 1290 1831 intravit
1305 1807 1431 1831 Ordinem
1445 1818 1453 1828 ι
1470 1810 1532 1839 post
1546 1807 1660 1831 reditum
1676 1807 1863 1831 Universitatis
1881 1817 1901 1836 ι,
1919 1807 1934 1830 i.
1952 1815 1974 1830 e.
1992 1807 2140 1832 1230-1231,

258 1854 286 1875 et
298 1851 406 1884 quidem
417 1851 473 1883 jam
489 1859 567 1875 senex
581 1853 607 1875 et
621 1851 749 1883 magister
765 1851 793 1874 in
807 1850 942 1883 theologia
957 1851 1071 1882 (Roqeri'
1085 1852 1183 1876 Bacon
1197 1858 1260 1883 opp.
1279 1852 1364 1881 ined„
1380 1852 1421 1875 ed.
1439 1852 1555 1880 Brewer,
1571 1860 1596 1884 p.
1617 1853 1676 1880 326;
1690 1852 1766 1884 juxta
1779 1852 1858 1877 Mon.
1875 1851 2029 1879 b‘rancisc„
2047 1852 2066 1880 1,
2086 1852 2142 1880 542,

259 1903 302 1920 an.
318 1896 399 1926 1228).
414 1895 453 1919 Ex
467 1895 524 1928 ejus
539 1895 663 1927 ingressu
678 1897 774 1920 fratres
789 1898 948 1927 acceperunt
962 1903 1042 1919 unam
1057 1895 1211 1920 cathedram
1226 1895 1252 1919 in
1269 1896 1456 1925 Universitate,
1473 1899 1499 1920 et
1518 1896 1568 1920 sub
1588 1896 1647 1928 ipso
1662 1896 1761 1928 incepit
1777 1898 1808 1920 fr.
1824 1896 1958 1919 Johanncs
1972 1896 2004 1919 de
2021 1896 2139 1927 Bupella.

259 1939 324 1964 Vide
338 1939 408 1964 infra
423 1943 454 1963 n⁰
467 1940 522 1968 108,
543 1948 568 1964 n.
587 1941 610 1964 4.
626 1953 658 1958 —
675 1939 794 1964 Plurima
813 1940 970 1964 documenta
986 1941 1137 1964 referuntur
1151 1941 1185 1964 ad
1200 1940 1381 1964 fundationem
1399 1941 1471 1972 apud
1487 1941 1512 1964 S.
1530 1941 1700 1969 Germanum,
1717 1941 1785 1964 inter
1799 1948 1867 1972 quae
1882 1940 1957 1969 illud,
1974 1941 2043 1972 quod
2059 1948 2141 1972 supra

258 1984 390 2014 dedimus,
405 1984 523 2016 primum
536 1985 624 2009 locum
643 1984 752 2009 obtinet.
774 1984 852 2008 Aliud
870 1984 1004 2008 invenitur
1023 1984 1050 2008 iu
1071 1985 1162 2009 eodem
1182 1985 1259 2009 Arch.
1281 1988 1334 2009 nat.
1357 1985 1442 2009 Paris.
1464 1985 1491 2009 L.
1509 1986 1564 2014 767,
1586 1986 1683 2017 layette
1701 1986 1724 2014 3,
1740 1985 1821 2009 liasse
1835 1986 1859 2014 4,
1875 1988 1932 2008 cote
1952 1985 1975 2013 1,
1991 1985 2053 2008 anni
2070 1985 2141 2013 12³0,

258 2036 349 2053 mense
367 2028 461 2053 Martio
479 2028 506 2059 (i.
526 2037 548 2053 e.
570 2029 651 2060 1231),
667 2028 694 2053 in
713 2037 765 2061 quo
785 2029 919 2053 Giraudus
935 2029 1050 2053 decanus
1072 2032 1098 2053 et
1119 2029 1265 2061 capitulum
1292 2029 1376 2053 Paris.
1400 2029 1537 2057 notificant
1557 2038 1568 2052 ιι
1589 2029 1772 2062 quittationem
1795 2038 1807 2053 »
1829 2029 1907 2061 juris,
1931 2029 2000 2061 quod
2022 2029 2142 2052 canonici

259 2073 287 2098 S.
303 2072 426 2098 Mederici
447 2073 532 2097 Paris.
554 2073 690 2098 habebant
708 2081 789 2106 super
804 2073 915 2098 fundum
937 2076 1024 2098 terrae
1047 2076 1073 2097 et
1091 2073 1208 2103 domum,
1227 2084 1236 2094 ι
1253 2074 1280 2097 in
1296 2082 1348 2106 qua
1363 2074 1441 2097 modo
1457 2077 1564 2098 manent
1583 2075 1678 2098 fratres
1697 2073 1810 2098 Minores
1826 2074 1896 2098 infra
1911 2082 2001 2097 muros
2016 2073 2100 2097 Paris.
2120 2084 2140 2096 ι.

356 2158 380 2183 1.
396 2158 465 2182 Haec
479 2161 557 2191 porta
571 2157 707 2182 nominata
722 2161 764 2182 est
777 2158 856 2182 etiam
870 2162 948 2191 porta
961 2158 1060 2182 Inferni
1076 2158 1210 2189 (d'Enfer)
1225 2161 1251 2182 et
1265 2166 1280 2182 a
1295 2166 1364 2182 saec.
1380 2159 1435 2182 XIV
1450 2162 1559 2182 exeunte
1570 2163 1652 2190 porte
1664 2158 1692 2183 S.
1709 2158 1821 2184 Michel.

262 2345 342 2385 77.
367 2355 507 2382 Girardus
522 2356 590 2382 σὶνίε
603 2356 782 2383 Parisiensia
797 2359 825 2383 et
836 2355 993 2392 laque-lina
1009 2365 1082 2382 uxor
1097 2356 1158 2392 ejus
1173 2359 1378 2391 recognoscunt
1390 2365 1422 2382 se
1437 2355 1599 2383 vendidisse
1611 2357 1705 2393 priori
1719 2359 1747 2382 et
1761 2356 1909 2382 conventui
1925 2358 1952 2383 S.
1969 2355 2142 2382 eutherinae

356 2403 446 2432 Vallis
462 2404 650 2440 Scholarium,
669 2404 812 2441 quidquid
820 2405 898 2441 juris
913 2413 1001 2442 super·
1014 2404 1097 2431 domo
1113 2408 1141 2432 et
1151 2405 1299 2442 porprisio
1317 2407 1343 2431 S.
1365 2404 1538 2432 Catherinae
1553 2404 1708 2432 habebant.

1347 2494 1426 2524 1230.
1441 2501 1532 2520 moneo
1545 2493 1683 2524 Horomlm',
1700 2493 1719 2529 [
1719 2494 1827 2521 Parisiis
1827 2493 1853 2529 J.

351 2567 533 2603 Omnibus
553 2574 745 2614 presentes
762 2567 901 2602 litteras
922 2567 1144 2614 inspecturis
1158 2594 1180 2601 ..
1203 2567 1368 2602 officialis
1384 2567 1485 2601 curie
1506 2567 1726 2602 Parisiensis
1746 2568 1898 2602 salutem
1916 2568 1953 2601 in
1970 2568 2138 2602 Domino.

261 2635 393 2669 Notum
423 2634 576 2669 facimus
609 2634 707 2681 quod
737 2634 775 2668 in
806 2641 929 2669 nostra
956 2634 1141 2681 presentia
1167 2634 1356 2668 constituti
1384 2634 1564 2668 Girardus
1593 2635 1708 2668 Acon.
1739 2634 1830 2668 civis
1858 2634 2077 2668 parisiensis
2106 2641 2142 2669 et

258 2700 450 2748 Jaquelina
483 2702 564 2747 ejus
597 2713 688 2735 uxor
722 2708 1019 2748 recognoverunt
1047 2713 1087 2735 se
1120 2701 1334 2735 vendidisse
1368 2707 1405 2735 et
1433 2701 1710 2735 concessisse..
1737 2701 1850 2747 priori
1881 2707 1917 2735 et
1944 2701 2141 2735 conventui

262 2768 392 2803 Sancte
412 2767 611 2803 Katherine
636 2769 856 2802 Parisiensis
881 2768 926 2802 de
947 2768 1077 2802 ordine
1097 2767 1213 2803 Vallis
1233 2767 1434 2802 Scolarium
1457 2767 1780 2814 pro-quadraginta
1807 2768 1912 2802 libris
1937 2768 2049 2802 Paris.
2066 2769 2139 2813 jam

262 2834 409 2877 solutis,
435 2835 530 2869 sicut
552 2835 626 2881 ipsi
651 2835 831 2870 Girardus
857 2842 893 2869 et
911 2834 1100 2881 Jaquelina
1126 2835 1287 2869 confessi
1313 2841 1399 2869 sunt
1424 2846 1544 2868 coram
1573 2834 1695 2877 nobis,
1717 2835 1979 2881 quinquaginta
2000 2834 2142 2867 solidos

258 2900 468 2944 censuales,
488 2912 583 2948 qnos
603 2901 786 2936 habebant
804 2913 916 2948 super
935 2902 1044 2935 domo
1065 2907 1102 2935 et
1118 2901 1300 2947 porprisio
1318 2902 1427 2935 Beate
1444 2900 1641 2935 Katherine
1658 2901 1834 2947 predicte,
1851 2907 1888 2935 et
1907 2901 2018 2934 eciam
2039 2900 2141 2946 quic-

261 2966 351 3013 quid
365 2967 462 3014 juri·
486 2967 526 3002 in
552 2967 647 3002 dicta
670 2968 782 3002 domo
802 2974 839 3002 et
856 2968 1041 3014 porprisio
1060 2966 1245 3002 habebant
1262 2967 1321 3002 vel
1341 2967 1476 3002 habere
1497 2973 1665 3014 poterant
1689 2979 1836 3013 quoquo
1858 2967 1979 3000 modo.
2003 2966 2141 3000 Promi-
