2580 3528
267 426 364 467 1255]
607 436 654 459 AB
688 436 794 458 Anno
828 436 905 459 xcc
939 436 1072 466 usque
1106 437 1155 459 An
1189 437 1419 459 ruinarum
1454 438 1494 460 1v
1529 438 1617 460 aas.
1654 439 1791 461 rnANc.
2074 431 2140 463 285

263 509 425 544 scolares
462 521 588 544 eorum
626 510 889 556 premissorum
929 510 1121 543 occasione
1160 510 1318 556 prolatas
1357 511 1504 556 penitus
1537 523 1762 551 revocamus,
1799 524 1870 544 non
1907 512 2137 547 obstantibus

263 576 406 610 statutis
426 576 654 622 quibuslibet
666 577 888 622 juramentO,
911 589 1016 622 pena,
1043 577 1120 611 sive
1141 576 1378 623 obligatione,
1400 577 1458 612 vel
1478 578 1753 611 confirmatione
1775 578 1936 623 qualibet
1956 578 2136 612 roboratis

261 649 322 676 aut
349 642 481 677 litteris
507 655 526 677 a
551 643 640 677 sede
665 642 863 689 apostolica
891 643 1093 689 impetratis
1120 643 1178 678 vel
1206 643 1376 677 decetero
1404 644 1655 690 impetrandis,
1682 656 1752 690 que
1778 644 1823 677 de
1848 645 2009 690 presenti
2037 645 2135 678 ordi-

260 709 406 743 natione
425 721 466 743 ac
486 709 722 755 providencie
747 716 872 743 nostre
896 716 1029 744 statuto
1054 710 1197 756 plenam
1219 717 1255 744 et
1274 722 1483 756 expressam
1503 723 1577 744 non
1597 711 1751 744 fecerint
1770 711 2004 744 mentionem.
2036 711 2133 744 Nulli

259 787 362 822 ergo,
389 781 469 818 etc„
498 782 623 810 nostre
650 775 906 819 ordinationis,
927 777 1201 811 constitutionis
1227 784 1263 811 et
1286 778 1543 820 revocationis,
1563 783 1628 812 etc.
1651 778 1688 811 Si
1709 778 1792 822 quis
1812 784 1945 818 autem,
1966 782 2029 811 etc.
2054 779 2131 811 Dat.

258 842 409 888 Neapoli
429 844 513 890 xviij
535 843 605 877 kal.
627 843 725 884 Maii,
747 842 980 888 pontificatus
1001 844 1117 878 nostri
1137 856 1232 877 anno
1253 844 1384 890 primo.

349 942 487 974 Originale
501 942 528 966 in
543 942 621 966 Arch.
642 946 696 966 nat.
712 942 796 966 Paris.
814 943 842 966 L.
859 943 913 971 249,
932 946 961 966 n⁰
975 943 1014 966 20.
1035 943 1185 974 Supersunt
1199 943 1243 966 fila
1258 942 1336 966 serie.
1352 943 1414 966 ssavi
1429 946 1455 966 et
1473 943 1549 966 rubei
1563 943 1669 967 coloris.
1689 943 1725 967 Ad
1741 951 1816 968 conv.
1833 943 1978 967 Praedicat.
1996 943 2023 967 S.
2037 942 2130 967 Jacobi

254 986 416 1019 pertinuisse
430 987 544 1012 videtur.
559 987 676 1011 Alterum
691 987 820 1019 originale
836 987 901 1011 ibid.
915 987 949 1011 M.
970 988 1039 1016 257⁰,
1056 991 1085 1011 n⁰
1100 988 1122 1015 7,
1139 987 1166 1011 in
1181 990 1253 1011 statu
1267 987 1394 1019 pessimo.
1405 1001 1437 1005 —
1447 988 1510 1019 Reg.
1527 988 1584 1012 Vat.
1601 988 1741 1012 Alexandri
1754 988 1788 1012 1v
1807 997 1850 1012 an.
1867 989 1889 1016 1,
1905 996 1946 1020 ep.
1963 989 2018 1016 272,
2035 988 2081 1012 rol.
2092 989 2132 1012 39.

255 1031 320 1056 Cod.
334 1032 394 1056 Vnt.
406 1032 470 1064 Reg.
486 1033 542 1060 406,
558 1032 603 1056 fol.
620 1032 658 1056 18.
673 1032 744 1056 Bihl.
759 1031 892 1064 Phillipps
908 1032 934 1055 in
957 1032 1138 1061 Cheltenbnm,
1160 1040 1209 1056 ms.
1225 1033 1280 1060 876,
1303 1032 1349 1056 rot.
1369 1033 1408 1056 20.
1429 1032 1572 1063 Magnum
1591 1033 1688 1058 Chare.
1705 1034 1796 1058 eccles.
1815 1033 1910 1058 Paris.
1933 1033 1959 1056 in
1979 1033 2056 1057 Arch.
2075 1036 2129 1057 nat.

254 1075 339 1100 Paris.
355 1076 405 1105 LI..
420 1075 475 1105 1⁸3,
491 1076 538 1100 rol.
549 1075 613 1100 178¹*
627 1084 633 1099 ·.
651 1085 663 1099 a
679 1076 801 1100 Laterani
815 1084 831 1099 v
846 1076 883 1101 id.
897 1076 995 1108 Aprilis
1009 1085 1077 1100 anno
1093 1076 1208 1100 secundo
1220 1084 1242 1101 a.
1256 1077 1285 1100 ln
1300 1085 1350 1100 ms.
1365 1076 1507 1108 privilegia
1521 1077 1580 1101 ord.
1590 1077 1683 1100 Minor.
1700 1077 1847 1100 continente
1862 1080 1888 1101 et
1902 1077 1935 1101 ad
1950 1077 2007 1100 ord.
2025 1078 2130 1101 Servor.

253 1120 352 1144 Mariae
365 1120 514 1152 pertinente
527 1120 626 1152 legitur
640 1120 667 1144 in
679 1121 731 1144 fine
747 1128 753 1144 ι
771 1129 783 1144 <t
799 1120 1001 1153 Transcriptum
1016 1124 1104 1144 autem
1118 1121 1269 1145 litterarum
1284 1121 1396 1145 istarum
1412 1121 1521 1145 fecimus
1537 1121 1587 1144 sub
1602 1121 1692 1153 sigillo
1707 1121 1865 1146 Parisieusis
1884 1122 1965 1150 curie,
1981 1122 2055 1145 salvo
2069 1122 2130 1154 jure

253 1164 280 1188 in
299 1164 423 1188 omnibus
439 1165 535 1194 alieno,
550 1173 619 1188 anno
634 1165 738 1189 Domini
755 1164 874 1194 MCCLV,
891 1173 980 1188 mense
994 1165 1073 1189 Junio
1090 1173 1111 1189 n.
1128 1165 1191 1189 Cod.
1212 1165 1354 1189 Rutenens.
1371 1165 1482 1190 constit.
1498 1166 1555 1189 ord.
1577 1166 1681 1194 Praed.‚
1703 1174 1729 1198 p.
1747 1167 1800 1190 237.
1822 1165 1950 1191 Vidimus
1966 1174 2007 1189 nn.
2023 1166 2084 1190 1256
2103 1166 2130 1190 in

253 1209 330 1234 Arcb.
344 1209 446 1241 depart.
463 1209 496 1233 de
510 1209 536 1232 ln
551 1209 703 1238 Gote-d’Or,
720 1209 797 1233 fonds
813 1209 1000 1238 Dominicains,
1016 1209 1097 1233 liasse
1111 1211 1166 1234 930.
1184 1210 1296 1234 Cartul.
1312 1209 1377 1234 ibid.
1392 1210 1422 1233 Π.
1442 1210 1496 1238 221,
1514 1210 1558 1233 sol.
1575 1209 1630 1234 46¹².
1647 1224 1678 1228 —
1690 1210 1814 1238 Bulaeus,
1827 1210 1873 1239 nl,
1887 1211 1942 1234 282.

346 1293 369 1317 1.
387 1294 451 1325 Reg.
467 1294 524 1317 Vnt.
541 1302 547 1317 ι
565 1302 578 1317 (ι
593 1293 693 1317 invidia
706 1303 729 1318 a.
744 1308 776 1312 —
790 1295 812 1318 2.
832 1294 896 1318 Vide
911 1302 993 1326 supra
1013 1298 1042 1317 n⁰
1057 1295 1095 1318 79.
1111 1307 1141 1311 —
1157 1295 1181 1318 3.
1195 1294 1282 1325 Supra
1302 1298 1332 1317 n⁰
1348 1294 1402 1318 219.
1416 1308 1447 1311 —
1462 1295 1484 1317 li.
1502 1294 1589 1326 Supra
1604 1299 1634 1317 n⁰
1653 1295 1706 1318 222.
1725 1308 1756 1312 -
1773 1296 1795 1318 5.
1812 1295 1874 1326 Reg.
1895 1294 1952 1318 Vnt.
1969 1302 1974 1317 :
1991 1303 2002 1317 α
2018 1297 2045 1317 et
2059 1302 2081 1317 n.
2097 1308 2127 1312 —

250 1339 274 1361 6.
297 1338 385 1370 Supra
403 1342 433 1361 n⁰
452 1338 506 1361 222,
526 1341 558 1356 ’-
577 1339 599 1362 7.
617 1338 704 1370 Supra
718 1343 748 1362 ιν)
760 1339 814 1362 223.
832 1352 864 1356 -
877 1339 900 1362 8.
918 1339 1005 1370 Supra
1020 1343 1050 1361 ¹¹⁰
1069 1339 1124 1362 200.
1140 1352 1171 1356 -
1183 1339 1207 1362 9.
1224 1338 1312 1370 Supra
1327 1342 1356 1361 n⁰
1376 1338 1430 1362 219.
1450 1352 1482 1355 —
1498 1338 1536 1362 10.
1553 1339 1617 1370 Reg.
1633 1339 1691 1362 Vat.
1709 1347 1720 1362 α
1740 1342 1766 1362 et
1781 1346 1793 1361 n
1812 1347 1842 1362 ac
1859 1347 1870 1361 α
1886 1338 2038 1362 eorumdem
2054 1338 2127 1362 ordi-

250 1389 314 1406 num
336 1389 348 1405 a
371 1381 481 1414 ponitur
494 1385 556 1414 post
580 1391 592 1405 n
613 1383 726 1406 fratrum
743 1391 766 1407 i).
786 1396 815 1400 ——
836 1383 874 1406 11.
895 1383 958 1414 Reg.
978 1383 1035 1406 Vat.
1051 1390 1056 1406 z
1077 1391 1089 1405 (ι
1104 1382 1219 1406 turbatis
1236 1390 1260 1406 n.
1276 1395 1307 1400 —-
1322 1382 1360 1406 12.
1379 1382 1442 1414 Reg.
1466 1382 1524 1408 Vat.
1539 1390 1544 1405 z
1563 1391 1574 1405 α
1590 1382 1713 1406 omnibus
1731 1391 1753 1407 υ.
1766 1383 1849 1406 -13.
1865 1383 1952 1414 Supra
1973 1387 2002 1406 n⁰
2026 1383 2081 1406 225.
2095 1396 2127 1400 -

250 1426 290 1452 14.
307 1426 394 1458 Supra
415 1430 445 1450 11⁰
462 1427 516 1450 226.
531 1440 564 1445 —
578 1427 617 1452 15.
632 1426 787 1450 Humberto.
805 1440 831 1444 -—
848 1427 888 1451 16.
904 1427 968 1458 Reg.
988 1427 1045 1450 Vat.
1067 1435 1073 1450 :
1094 1435 1106 1450 (ι
1119 1426 1254 1458 presentia
1277 1426 1427 1450 constitutis
1442 1434 1465 1450 a.
1480 1440 1508 1444 —
1520 1427 1560 1451 17.
1575 1427 1603 1450 In
1619 1427 1681 1458 Reg.
1697 1427 1755 1451 Vat.
1775 1435 1787 1450 (ι
1803 1430 1832 1450 ut
1851 1435 1862 1449 n
1875 1430 1915 1450 est
1927 1430 2019 1459 postea
2031 1435 2127 1459 super—

249 1470 387 1503 scriptum.
399 1483 432 1489 —
446 1471 484 1495 18.
502 1471 589 1503 Supra
602 1475 632 1494 n⁰
649 1471 687 1495 79.
707 1484 739 1490 -—
751 1471 789 1495 19.
807 1471 871 1503 Reg.
888 1471 945 1497 Vnt,
963 1480 975 1494 ι(
993 1471 1130 1503 magistris
1149 1471 1282 1502 theologie
1298 1479 1320 1499 ι),
1337 1470 1406 1494 sicut
1422 1473 1480 1494 erat
1499 1470 1579 1494 etiam
1592 1471 1619 1494 in
1632 1471 1765 1502 originali,
1787 1471 1833 1494 ubi
1849 1471 1960 1494 lineolae
1975 1471 2127 1503 significant

247 1514 406 1547 positionem
421 1514 563 1539 verborum
578 1518 608 1539 ut
622 1523 714 1547 supra.
728 1528 759 1533 —
775 1516 812 1539 20.
829 1515 893 1547 Reg.
907 1515 964 1550 Vnt.
978 1523 983 1539 ε
1002 1523 1014 1539 α
1030 1515 1197 1547 singularum
1215 1523 1238 1539 n.
1250 1528 1283 1532 —
1297 1515 1335 1538 21.
1355 1515 1419 1546 Reg.
1435 1515 1493 1538 Vnt.
1509 1523 1562 1539 om.

248 1707 360 1747 248.
382 1717 551 1745 Alexander
565 1719 611 1746 IV
621 1717 771 1745 Gaillelmo
785 1717 992 1745 Aurelianensi
1006 1721 1034 1745 et
1050 1717 1174 1745 Guidom'
1187 1717 1438 1745 Autissiodorensi
1452 1718 1596 1754 episcopis
1611 1717 1647 1744 de
1661 1717 1810 1754 superiore
1829 1717 1953 1754 epistola
1967 1718 2124 1753 significat.

1471 1815 1550 1844 1266,
1565 1814 1657 1847 Apriles
1672 1814 1710 1844 u,
1725 1814 1837 1847 ΙΙοαροΙῘ.

334 1897 541 1931 Alexander
561 1897 758 1944 episcopus
779 1909 910 1932 servus
930 1910 1120 1932 servorum
1142 1898 1208 1931 Dei
1229 1897 1503 1932 venerabilibus
1523 1897 1696 1931 fratribus
1720 1924 1741 1930 ..
1764 1897 2021 1930 Aurelianensi
2043 1904 2078 1930 et
2100 1923 2122 1931 ..

244 1963 543 1998 Autisiodorensi
569 1964 755 2011 episcopis
781 1964 934 1998 salutem
968 1971 1004 1998 et
1036 1964 1272 2010 apostolicam
1307 1964 1615 1998 benedictionem.
1652 1964 1948 1999 Controversiam
1985 1963 2121 1997 dudum

245 2030 341 2064 inter
361 2030 514 2065 dilectos
534 2031 631 2065 filios
651 2031 847 2077 magistros
873 2038 909 2065 et
932 2030 1093 2065 scolares
1120 2031 1350 2065 parisienses
1376 2043 1420 2064 ex
1444 2037 1544 2077 parte
1571 2043 1640 2064 una
1667 2037 1703 2064 et
1727 2031 1904 2076 quosdam
1926 2029 2125 2076 religiosos

245 2108 290 2130 ex
315 2097 426 2131 altera
457 2109 570 2144 super
599 2097 818 2144 quibusdam
850 2098 995 2132 statutis
1024 2098 1172 2132 inimico
1199 2098 1348 2132 homine
1382 2098 1702 2143 superseminante
1731 2097 1932 2138 subortam,
1962 2086 2032 2130 *nos
2060 2108 2126 2143 per

245 2163 511 2198 ordinationem
540 2164 728 2211 providam
753 2165 799 2198 de
823 2165 973 2198 fratrum
999 2171 1208 2199 nostrorum
1243 2159 1400 2199 consilio
1427 2165 1615 2210 sopientes
1641 2163 1797 2198 dilectos
1832 2163 1929 2197 filios
1962 2164 2124 2197 Bonum-

244 2229 428 2264 hominem
455 2237 492 2264 et
520 2230 667 2277 Helyam
692 2231 843 2265 Ordinis
863 2231 1135 2265 Predicatorum
1165 2231 1295 2265 fratres
1324 2231 1486 2264 Parisius
1511 2231 1549 2264 in
1575 2230 1781 2276 theologica
1812 2229 1979 2263 facultate
2010 2230 2125 2275 magi-

243 2302 354 2336 stros,
384 2294 520 2330 dudum
551 2297 744 2332 occasione
771 2297 934 2343 predicte
965 2297 1217 2332 controversie
1244 2309 1310 2344 per
1336 2298 1532 2343 magistros
1563 2297 1749 2342 theologie
1779 2308 1819 2330 ac
1849 2296 1940 2330 alios
1975 2295 2123 2329 nomine

243 2363 500 2397 Universitatis
533 2363 727 2397 scolarium
762 2364 1022 2398 Parisiensium
1057 2376 1076 2398 a
1110 2364 1368 2410 magistrorum
1408 2363 1594 2397 consortio
1629 2375 1673 2396 ex
1711 2363 1828 2408 ipsius
1864 2361 2120 2396 Universitatis

242 2428 399 2475 collegio
421 2436 622 2476 separatos,
643 2441 737 2475 quos
757 2442 775 2463 a
795 2429 914 2464 felicis
935 2430 1200 2464 recordationis
1224 2430 1438 2464 Innocentio
1467 2442 1555 2475 papa
1581 2429 1847 2475 predecessore
1874 2435 2000 2462 nostro
2022 2435 2122 2474 post-

213 2488 215 2491 Α
241 2495 387 2530 modum
423 2497 612 2531 restitutos
641 2496 687 2530 de
716 2497 830 2543 gratia
864 2496 1013 2543 speciali
1049 2497 1158 2530 iidem
1189 2496 1354 2542 magistri
1382 2502 1417 2530 et
1445 2495 1518 2537 alii,
1545 2495 1631 2529 licet
1665 2507 1777 2541 super
1810 2494 1878 2528 hoc
1914 2494 2119 2528 mandatum

239 2562 479 2608 apostolicum
506 2563 723 2610 receperint,
746 2563 942 2597 noluerunt
966 2563 1156 2597 admittere
1179 2575 1186 2596 :
1209 2563 1254 2596 ad
1274 2563 1369 2596 idem
1397 2562 1652 2608 magistrorum
1681 2561 1922 2603 consortium,
1944 2561 2119 2607 ipsosque

238 2640 278 2663 ac
297 2628 484 2664 auditores
511 2641 637 2664 eorum
665 2630 710 2664 ad
737 2630 993 2664 Universitatis
1013 2629 1211 2676 collegium
1234 2629 1462 2663 restituimus
1492 2629 1642 2662 omnino
1669 2628 1714 2662 de
1742 2635 1867 2662 nostre
1889 2627 2118 2674 plenitudine

239 2696 443 2742 potestatis,
464 2708 592 2730 omnes
613 2697 814 2730 sententias
835 2697 1048 2743 privationis
1074 2708 1140 2730 seu
1165 2696 1406 2742 separationis
1426 2707 1445 2729 a
1465 2695 1652 2730 consortio
1674 2694 1859 2729 societatis
1880 2693 1938 2728 vel
1959 2693 2117 2740 collegio

239 2762 495 2798 Universitatis
522 2770 583 2797 aut
603 2763 800 2804 similibus,
826 2763 903 2798 sive
929 2775 1041 2809 penas
1067 2762 1251 2809 quaslibet
1274 2762 1332 2797 vel
1359 2762 1627 2808 prohibitiones
1658 2762 1694 2795 in
1725 2761 1873 2796 eosdem
1902 2762 2031 2795 fratres
2058 2760 2116 2795 vel

238 2828 424 2863 auditores
444 2842 569 2864 eorum
591 2831 769 2876 premissa
796 2830 989 2864 occasione
1014 2829 1186 2877 prolatas,
1214 2829 1360 2876 penitus
1386 2828 1604 2863 revocando.
1627 2828 1813 2862 Dictorum
1836 2839 1982 2874 quoque
2003 2833 2116 2861 statu-

239 2902 356 2930 torum
381 2896 536 2942 quedam
564 2897 761 2931 resecanda
789 2898 948 2944 penitus,
970 2897 1125 2943 quedam
1145 2909 1232 2931 vero
1253 2903 1293 2931 ut
1311 2896 1496 2931 salubrius
1524 2895 1715 2942 proficiant
1734 2895 1970 2936 moderanda,
1992 2901 2027 2928 et
2047 2893 2113 2927 alia

239 2962 344 2996 etiam
365 2961 566 2998 ordinanda
592 2975 658 3010 pro
684 2964 795 2998 studii
822 2964 1040 2998 Parisiensis
1066 2963 1345 2998 conservatione
1371 2962 1611 3009 providimus,
1634 2968 1741 3008 prout
1761 2973 1804 2995 ex
1825 2961 1956 2995 litteris
1977 2959 2114 2993 nostris
