2580 3528
242 415 339 458 1263]
586 426 634 448 AB
667 426 774 448 Anno
809 425 888 449 uec
919 425 1052 455 usqua
1087 425 1136 448 An
1172 426 1402 449 PRtLtPPUM
1438 427 1478 449 1v
1512 428 1602 450 nso.
1639 429 1778 451 rnxxc.
2054 421 2120 454 425

239 499 345 534 licam
372 499 447 534 sint
473 499 602 534 merito
628 499 850 541 destinandi,
871 499 1022 533 liberam
1044 498 1111 533 tibi
1130 500 1343 534 auctoritate
1363 501 1589 546 presentium
1615 502 1852 535 concedimus
1879 502 2118 537 facultatem'.

239 567 338 611 Quas
365 573 449 613 post
473 566 765 612 quinquennium
791 566 963 600 volumus
988 578 1062 600 non
1081 565 1216 600 valere.
1248 568 1327 600 Dat.
1350 567 1446 613 apud
1467 566 1603 601 Urbem
1629 569 1799 602 Veterem
1823 581 1844 602 v
1874 569 1922 601 id.
1944 570 2119 612 Januarii,

240 632 472 679 pontificatus
492 633 610 667 nostri
630 644 725 667 anno
746 633 923 667 secundo.

333 739 470 772 originale
482 739 509 764 in
520 739 596 764 Arch.
614 743 667 764 nat.
684 740 768 764 Paris.
785 740 812 764 L.
828 741 883 769 254,
899 744 929 764 n⁰
942 741 981 764 58.
1000 740 1078 764 Bulla
1091 740 1218 772 plumbea
1235 741 1288 764 filis
1303 740 1414 764 cannah.
1431 741 1600 773 appenditur.
1618 741 1647 765 In
1663 741 1816 765 membrana
1834 750 1928 765 aversa
1941 750 1947 765 :
1966 750 1978 765 α
1994 742 2122 774 magister

239 783 396 809 Laurentius
417 792 467 816 pro
483 784 663 809 Universitote
682 784 810 809 Pari-ien.
827 793 850 814 »,
865 785 940 817 cujus
960 793 1055 808 nomen
1075 785 1162 809 adhuc
1181 785 1232 809 sub
1246 785 1375 817 Gregorio
1391 786 1420 814 X,
1442 794 1466 809 v,
1487 794 1513 817 g.
1534 785 1560 809 in
1580 786 1648 818 orig.
1669 786 1746 810 Areh.
1762 789 1815 810 nat.
1833 786 1916 810 Paris.
1932 786 1958 810 L.
1975 787 2030 815 263,
2047 791 2076 810 11⁰
2091 788 2121 812 27

238 828 295 861 (xiij
316 829 369 853 kal.
385 829 448 853 Maii
466 837 509 853 an.
526 830 565 860 2);
581 828 608 853 in
627 829 782 853 membrana
800 837 895 853 aversa
912 829 1011 862 legitur
1026 837 1032 853 z
1050 838 1062 853 α
1078 829 1206 861 magister
1227 829 1384 854 Laurentius
1403 838 1452 862 pro
1470 838 1532 862 rege
1552 830 1644 854 Franc.
1661 830 1760 854 illustri
1777 839 1798 854 n.
1814 831 1869 854 Non
1885 834 1926 854 est
1946 830 2016 854 idem
2030 839 2061 855 uc
2076 831 2122 855 illo

240 873 397 898 Laurentius
412 881 495 906 supra
508 878 539 897 n⁰
552 874 598 898 287
617 874 758 906 allegatus.
775 874 803 898 1..
819 875 865 898 254
880 878 910 898 n⁰
924 875 962 902 59,
981 874 1095 898 alterum
1108 874 1243 906 exemplar
1255 874 1384 906 epistolae
1398 883 1482 906 supra
1495 874 1581 898 editae
1598 874 1688 907 sigillo
1706 875 1836 899 munitum
1847 875 1916 908 (cum
1930 875 2022 899 eadem
2039 876 2120 908 not-u),

239 921 266 943 ot
279 917 358 943 offert
371 921 426 942 tres
442 927 454 942 α
469 926 578 943 rasuras
594 926 616 942 n.
639 919 669 942 In
684 918 804 950 margine
818 918 951 950 superiori
967 919 1066 951 legitur
1081 927 1087 942 ι
1106 927 1118 942 α
1133 918 1284 951 duplicetur
1299 928 1321 943 υ.
1338 919 1367 943 In
1383 919 1469 942 medio
1483 927 1489 943 ι
1508 928 1519 942 α
1537 927 1591 943 cor.
1611 928 1633 943 r.
1650 919 1722 943 Infra
1738 920 1862 952 leguntur
1877 919 1928 943 ista
1943 920 1995 944 duo
2015 919 2097 944 verbu
2111 929 2118 944 ε

241 970 254 987 α
268 962 387 995 predicte
402 962 453 987 tuit
466 970 490 992 ιο,
505 971 572 995 quae
587 962 614 986 in
628 962 742 995 epistola
757 963 825 987 mule
840 963 941 995 scriptu
954 966 1038 987 erant.
1055 963 1203 995 Utrumque
1218 963 1251 987 ud
1266 963 1343 987 Arch.
1360 963 1483 987 Univers.
1499 963 1658 996 pertinebat.
1675 977 1703 982 —
1719 964 1844 994 Bulaeus,
1860 965 1907 994 111,
1922 965 1978 989 3¹70.

335 1047 360 1072 1.
377 1046 442 1072 ord.
458 1047 567 1072 Cisterc.
581 1060 615 1066 —
628 1048 651 1071 2.
667 1047 707 1072 Cf.
723 1055 805 1080 supra
820 1051 850 1071 n⁰
864 1048 918 1072 215.

242 1236 356 1274 380.
383 1245 515 1273 Urbanus
531 1246 575 1272 IV
584 1244 790 1272 archidiacono
806 1245 948 1272 Meldensi
963 1245 999 1272 de
1014 1246 1166 1273 taxatione
1181 1245 1370 1283 hospitiorum
1389 1245 1501 1273 scribit.

1258 1351 1335 1381 1263.
1349 1351 1469 1378 danuam?
1479 1352 1590 1384 Usapud
1602 1351 1692 1378 Urbem
1709 1352 1833 1378 Veterem.

329 1424 503 1460 Urbanus
523 1425 721 1471 episcopus
742 1437 872 1459 servus
892 1436 1083 1459 servorum
1105 1425 1172 1458 Dei
1192 1425 1326 1459 dilecto
1346 1425 1423 1459 filio
1446 1451 1468 1459 ..
1491 1425 1746 1459 archidiacono
1767 1426 1948 1460 Meldensi
1969 1424 2122 1460 salutem

244 1497 280 1526 et
304 1491 540 1538 apostolicam
567 1491 876 1525 benedictionem.
899 1491 1140 1525 Scientiarum
1167 1492 1318 1533 fontem,
1346 1497 1411 1526 etc.
1442 1497 1482 1526 ut
1507 1503 1618 1537 supra
1646 1498 1686 1525 n⁰
1705 1493 1784 1534 379,
1810 1503 1915 1538 usque
1941 1492 2122 1538 producit.

245 1559 296 1593 Ex
326 1565 426 1605 parte
454 1557 637 1604 siquidem
662 1558 758 1592 dicte
782 1557 1040 1592 Universitatis
1064 1558 1133 1592 fuit
1157 1558 1386 1604 propositum
1417 1570 1538 1592 coram
1559 1557 1667 1592 nobis
1693 1559 1806 1604 quod,
1833 1570 1914 1592 cum
1947 1565 2126 1593 taxatores

245 1625 407 1672 deputati
427 1631 497 1659 tam
518 1636 584 1671 per
603 1625 832 1660 carissimum
854 1625 892 1658 in
910 1624 1059 1660 Christo
1079 1625 1194 1658 filium
1216 1631 1383 1659 nostrum
1404 1637 1530 1671 regem
1551 1624 1702 1659 Francie
1722 1625 1903 1659 illustrem
1929 1637 2035 1671 quam
2061 1637 2127 1672 per

245 1691 527 1727 Universitatem
553 1691 706 1726 eandem
732 1691 778 1726 ad
802 1691 995 1726 taxandum
1016 1692 1146 1726 domos
1166 1691 1299 1726 civium
1321 1691 1477 1726 civitatis
1497 1691 1752 1734 Parisiensis¹,
1774 1692 1811 1725 in
1832 1704 1925 1738 quos
1945 1691 2042 1726 idem
2063 1703 2127 1726 rex

240 1758 538 1805 jurisdictionem
558 1757 700 1793 obtinet
724 1758 974 1805 temporalem,
1002 1770 1069 1805 pro
1094 1758 1318 1793 habitatione
1345 1758 1603 1804 magistrorum
1632 1765 1668 1792 et
1694 1758 1888 1792 scolarium
1917 1758 1954 1792 in
1983 1759 2127 1793 civitate

246 1825 325 1872 ipsa
339 1825 462 1860 studio
478 1825 726 1860 insistentium
746 1825 948 1860 litterarum
969 1837 1035 1871 pro
1057 1837 1114 1867 eo,
1136 1825 1235 1872 quod
1255 1825 1310 1859 illi
1330 1837 1485 1871 quorum
1507 1831 1594 1859 sunt
1613 1825 1744 1859 domus
1765 1826 1982 1859 taxationem
2003 1837 2126 1859 earum

246 1903 394 1927 servare
425 1891 567 1935 nolunt,
602 1891 800 1939 prohibent
830 1904 876 1926 ne
907 1891 1040 1938 aliquis
1072 1904 1190 1939 usque
1215 1892 1260 1926 ad
1284 1898 1423 1926 certum
1455 1898 1599 1938 tempus
1630 1892 1761 1925 domus
1793 1892 1892 1938 ipsas
1924 1891 2126 1927 inhabitare

246 1965 444 2006 presumat,
475 1958 673 2005 prohibitio
702 1959 914 2005 hujusmodi
942 1959 1171 2001 observatur,
1201 1971 1327 1993 verum
1362 1959 1394 1993 si
1425 1959 1614 2005 contingat
1642 1965 1821 1993 taxatores
1855 1959 1899 1993 ad
1934 1959 2126 1993 taxandum

248 2025 378 2060 domos
411 2025 741 2060 ecclesiasticarum
771 2037 1010 2072 personarum
1040 2026 1197 2060 civitatis
1228 2025 1393 2072 ejusdem
1415 2037 1482 2072 pro
1507 2025 1729 2059 habitatione
1758 2025 1970 2071 hujusmodi
1995 2026 2127 2060 consti-

248 2098 344 2126 tutas
368 2091 525 2126 similem
550 2091 835 2139 prohibitionem
861 2093 956 2127 circa
977 2093 1107 2127 domos
1127 2093 1227 2139 ipsas
1254 2092 1372 2126 facere
1397 2104 1463 2138 pro
1485 2104 1542 2134 e0,
1569 2092 1666 2138 quod
1692 2092 1819 2126 eedem
1848 2104 2006 2138 persone
2035 2099 2127 2126 taxa-

249 2151 339 2193 tioni
361 2158 486 2192 talium
512 2158 643 2193 nolunt
668 2166 776 2202 stare,
799 2159 893 2194 dicta
914 2159 1112 2206 prohibitio
1132 2171 1151 2194 a
1172 2159 1342 2206 personis
1363 2159 1454 2205 ipsis
1475 2159 1623 2192 minime
1645 2158 1872 2193 observatur.
1901 2160 1976 2192 Nos
2005 2159 2127 2204 itaque

248 2224 413 2271 ejusdem
438 2225 696 2260 Universitatis
721 2225 894 2272 precibus
918 2226 1094 2268 inclinati,
1116 2226 1331 2260 discretioni
1352 2232 1412 2260 tue
1439 2238 1504 2272 per
1529 2225 1727 2271 apostolica
1754 2225 1888 2271 scripta
1914 2224 2126 2259 mandamus

249 2291 421 2338 quatinus
445 2291 477 2326 si
501 2291 713 2338 hujusmodi
733 2292 1001 2339 prohibitiones
1023 2299 1222 2327 taxatorum
1244 2293 1436 2326 domorum
1457 2292 1658 2326 eorundem
1680 2292 1827 2334 civium,
1849 2298 1888 2325 ut
1913 2292 2124 2337 predicitur,

249 2357 503 2400 observantur,
534 2358 736 2393 nominatas
764 2370 954 2405 personas,
983 2365 1023 2393 ut
1050 2358 1318 2405 prohibitiones
1348 2371 1419 2405 que
1449 2370 1515 2405 per
1544 2365 1723 2392 taxatores
1753 2358 1943 2392 domorum
1975 2370 2126 2392 suorum

251 2424 370 2459 taliter
392 2424 496 2467 fiunt,
519 2424 630 2459 simili
655 2425 763 2459 modo
789 2425 960 2460 studeant
983 2425 1180 2460 observare
1205 2425 1416 2470 (dummodo
1441 2425 1653 2470 hujusmodi
1679 2425 1878 2458 taxationes
1904 2431 1939 2458 et
1964 2424 2127 2471 prohibi-

251 2491 370 2526 tiones
395 2491 482 2526 fiant
502 2503 568 2538 per
591 2490 735 2538 aliquos
759 2492 804 2526 ad
828 2492 897 2526 hoc
920 2504 939 2526 a
962 2492 1132 2539 personis
1156 2499 1191 2526 et
1213 2491 1458 2526 Universitate
1481 2491 1674 2537 deputatos
1695 2491 1847 2533 eisdem,
1873 2491 1944 2525 nisi
1970 2503 2127 2537 persone

249 2558 329 2605 ipse
362 2557 478 2593 velint
510 2558 548 2592 in
579 2558 672 2605 ipsis
706 2558 877 2593 domibus
907 2558 1150 2606 personaliter
1181 2558 1370 2603 habitare),
1402 2558 1601 2592 monitione
1630 2558 1807 2604 premissa
1841 2570 1905 2604 per
1935 2570 2125 2592 censuram

249 2624 533 2660 ecclesiasticam
562 2625 805 2672 appellatione
832 2632 969 2660 remota
997 2625 1208 2672 compellas.
1238 2626 1317 2659 Dat.
1346 2625 1442 2671 apud
1469 2624 1605 2660 Urbem
1635 2626 1806 2660 Veterem
1832 2637 1853 2659 v
1882 2625 1931 2659 id.
1952 2625 2126 2667 Jannarii,

251 2691 483 2738 pontificatus
503 2691 620 2726 nostri
641 2704 736 2726 anno
757 2692 934 2726 secundo.

341 2780 468 2819 Bulaeus,
487 2789 534 2819 nt,
554 2790 610 2820 ³07,
624 2798 656 2815 ex
669 2790 804 2823 originali.
824 2769 855 2815 in,
871 2789 946 2823 cuju·
965 2793 1042 2823 parte
1060 2798 1155 2815 avena
1174 2789 1244 2815 sieut
1263 2789 1290 2815 in
1309 2789 1530 2823 praecedentibus
1549 2792 1607 2814 erat
1626 2789 1756 2822 scriptum
1773 2797 1779 2813 :
1797 2797 1809 2813 n
1826 2789 1953 2822 magister
1972 2789 2129 2814 Laurentius

250 2841 301 2867 pro
314 2833 493 2859 niniven-nitate
507 2834 592 2860 Parin.
608 2843 632 2860 »-

344 2917 371 2946 ¹.
386 2918 451 2956 Vide
465 2926 548 2952 snpra
565 2923 594 2944 n⁰
608 2919 647 2950 ⁸2,
663 2922 690 2944 et
703 2918 774 2944 infra
786 2924 816 2944 n⁰
829 2920 885 2945 1129.

380 3029 477 3056 ohan.
500 3030 580 3056 vnto.
598 3030 694 3057 Ρανίε.
1975 3027 2006 3053 54
