2580 3528
473 400 540 435 448
1057 405 1374 429 CHARTULARHJM
1409 404 1600 427 umvssas.
1636 403 1766 426 rmus.
2253 391 2354 434 [1266

474 484 578 518 ribus
602 495 703 525 vero,
724 481 924 528 magistris,
951 479 1156 514 scolaribus
1182 485 1218 513 et
1241 478 1426 513 universis
1450 478 1532 512 aliis
1558 477 1790 523 supradictis,
1818 484 1858 511 ut
1876 489 1896 510 a
1916 477 1978 510 tali
1998 476 2177 510 abusione
2205 475 2354 510 omnino

474 551 666 592 desistant,
687 549 900 583 auctoritate
921 554 1046 581 nostra
1070 559 1136 593 per
1162 553 1197 580 te
1223 546 1282 581 vel
1302 546 1411 579 alium
1433 545 1586 578 firmiter
1605 544 1790 586 inhibens,
1818 544 1935 590 ipsius
1956 543 2141 590 privilegii
2159 541 2220 576 vel
2238 541 2355 576 indul·

474 618 598 665 gentie
632 616 837 663 suspendas
872 616 1053 656 effectum,
1086 614 1203 647 donec
1238 613 1342 646 aliter
1376 624 1488 658 super
1521 611 1590 645 hoc
1625 611 1837 645 duxerimus
1867 611 2123 645 ordinandum.
2154 609 2355 644 citationes

474 697 577 728 νει-ο,
603 684 803 719 sententias
831 689 866 716 et
892 693 1104 728 processus,
1133 692 1227 726 quos
1254 680 1292 713 in
1319 679 1463 713 civitate
1491 690 1531 712 ac
1557 678 1696 712 diocesi
1724 678 1922 712 Parisiensi
1950 689 2016 712 seu
2049 677 2136 711 alibi
2163 676 2356 710 occasione

473 752 575 786 illius
604 750 834 797 indulgentie
865 761 930 783 seu
960 748 1145 794 privilegii
1174 753 1258 793 post
1286 753 1382 779 tuam
1412 745 1668 778 inhibitionem
1699 756 1764 790 per
1793 744 1900 778 talem
1934 744 2088 778 abusum
2121 749 2356 790 presumptos

474 818 673 860 inveneris,
703 829 796 863 quos
823 816 968 849 interim
997 826 1120 848 carere
1149 813 1297 846 omnino
1323 812 1465 846 viribus
1487 811 1720 845 decernimus
1748 818 1784 845 et
1810 811 1948 845 nullius
1975 811 2132 845 existere
2160 810 2354 852 firmitatis,

474 885 676 919 denuncies
706 878 852 929 penitus
882 894 956 915 non
983 888 1121 915 tenere.
1153 879 1452 914 Contradictores
1483 890 1548 924 per
1577 890 1769 912 censuram
1799 877 2082 912 ecclesiasticam
2112 877 2355 923 appellatione

474 951 676 998 postposita
710 949 979 995 compescendo
1013 960 1087 981 non
1121 946 1352 980 obstantibus
1387 945 1593 991 privilegiis
1628 951 1665 978 et
1692 944 1934 990 indulgentiis
1963 944 2198 990 supradictis,
2229 950 2292 978 aut
2323 943 2357 978 si

473 1019 613 1052 eisdem
642 1016 860 1057 rectoribus,
890 1015 1076 1060 magistris
1104 1021 1140 1047 et
1167 1013 1371 1047 scolaribus
1398 1012 1642 1046 communiter
1667 1011 1726 1046 vel
1754 1011 1899 1046 divisim
1924 1023 1943 1045 a
1967 1011 2056 1046 sede
2083 1010 2282 1057 apostolica
2309 1010 2358 1045 sit

474 1085 668 1126 indultum,
699 1083 797 1129 quod
825 1082 1002 1128 suspendi
1029 1081 1088 1115 vel
1115 1080 1285 1114 interdici
1315 1086 1376 1113 aut
1405 1079 1712 1113 excommunicari
1741 1091 1815 1112 non
1844 1078 1989 1124 possint
2016 1090 2082 1124 per
2111 1078 2229 1124 ipsius
2255 1077 2356 1112 sedis

473 1153 611 1186 litteras
633 1163 707 1184 non
727 1150 902 1183 facientes
923 1149 1067 1194 plenam
1089 1154 1125 1181 et
1144 1159 1353 1193 expressam
1377 1147 1422 1180 de
1443 1146 1586 1179 indulto
1607 1146 1819 1191 hujusmodi
1839 1145 2075 1179 mentionem.
2098 1146 2177 1178 Dat.
2198 1143 2356 1179 viterbii

473 1220 505 1264 vj
529 1219 598 1251 kal.
619 1217 732 1259 Junii,
754 1216 987 1262 pontificatus
1009 1215 1125 1248 nostri
1145 1227 1240 1248 anno
1262 1213 1438 1248 secundo.

568 1334 664 1359 Chare)
679 1340 821 1364 maynum
837 1332 962 1363 archiep.
978 1332 1071 1356 Paris.
1088 1331 1114 1355 in
1130 1331 1207 1355 Arch.
1224 1334 1278 1355 nat.
1292 1330 1376 1354 Pax-is.
1393 1330 1443 1354 LL.
1460 1330 1514 1359 183,
1532 1330 1577 1354 iol.
1595 1330 1665 1359 1771’,
1681 1329 1727 1353 ubi
1746 1329 1840 1353 titulus
1857 1337 1863 1353 ι
1881 1337 1893 1353 «
1909 1328 2008 1353 Littera
2024 1329 2165 1354 Clementis
2184 1335 2254 1361 pape
2275 1335 2356 1360 super

471 1379 598 1402 abusione
612 1378 816 1410 privilegiorum
832 1377 1013 1401 universitatis
1029 1376 1220 1408 magistrorum
1235 1379 1260 1400 et
1277 1375 1441 1399 scholarium
1455 1375 1539 1399 Paris.
1557 1383 1569 1398 »
1588 1375 1684 1400 Chart.
1697 1381 1834 1406 parvum,
1850 1373 1926 1403 ibid.‚
1942 1373 1991 1398 LL.
2008 1374 2063 1403 184,
2079 1374 2124 1398 fol.
2137 1375 2176 1398 10.
2186 1387 2219 1392 -
2229 1373 2355 1402 Bulaeus,

472 1425 518 1452 111,
533 1423 587 1448 372.

567 1527 588 1550 1.
608 1527 705 1552 chart.
719 1532 815 1557 mayn.
832 1532 842 1549 :
857 1533 869 1549 (ε
886 1524 1035 1548 successive
1050 1533 1072 1549 ».

472 1698 586 1735 408.
610 1707 750 1742 Magister
766 1706 937 1743 Stephanus,
950 1705 1144 1732 cancellarius
1159 1704 1346 1740 Parisiensis,
1365 1707 1461 1730 notum
1476 1703 1551 1738 facit
1564 1703 1719 1730 Iohannem
1735 1706 1871 1729 rectorem
1887 1701 2026 1729 ecclesiae
2039 1701 2074 1729 de
2087 1702 2174 1729 Benis
2187 1701 2355 1737 magistrum

561 1756 714 1783 Robertum
729 1755 765 1782 de
782 1755 911 1782 Sor-bona
925 1754 1057 1782 heredem
1072 1763 1189 1781 suorum
1206 1754 1341 1780 bonorum
1357 1753 1544 1780 immobilium
1560 1753 1731 1779 instituisse.

1633 1864 1707 1895 1288,
1722 1872 1812 1891 menso
1826 1864 1903 1894 dulia,
1918 1863 1938 1898 [
1938 1863 2044 1890 Parisiis
2044 1862 2070 1898 J.

564 1957 755 1990 Universis
782 1962 973 2002 presentes
1001 1956 1141 1989 litteras
1166 1954 1390 2000 inspecturis
1417 1953 1593 1999 magister
1621 1952 1826 1998 Stephanus
1853 1951 1898 1985 de
1924 1950 2148 1993 Aurelianis,
2178 1949 2356 1984 cancella-

475 2024 551 2057 rius
579 2023 811 2065 Parisiensis,
842 2023 994 2056 salutem
1024 2023 1060 2055 in
1089 2022 1246 2055 Domino
1274 2021 1545 2067 sempiternam.
1575 2021 1707 2053 Notum
1739 2019 1891 2053 facimus
1925 2018 2024 2064 quod
2052 2018 2090 2050 in
2119 2024 2244 2051 nostra
2272 2027 2355 2063 pre·

472 2091 588 2124 sentia
615 2097 763 2136 propter
792 2090 860 2124 hoc
890 2090 1111 2124 constitutus
1140 2089 1311 2122 dominus
1337 2088 1523 2122 Johannes
1550 2093 1670 2121 rector
1697 2086 1854 2120 ecclesie
1878 2085 1922 2119 de
1951 2085 2062 2119 Benis
2090 2085 2127 2117 in
2154 2084 2262 2130 plena
2287 2094 2356 2118 sua

475 2158 627 2191 sanitate
666 2165 700 2191 et
733 2170 884 2203 compos
922 2169 987 2191 sue
1024 2157 1158 2190 mentis
1195 2162 1304 2202 prout
1333 2155 1448 2201 prima
1477 2154 1568 2188 facie
1597 2153 1795 2200 apparebat
1828 2152 1958 2187 volens
1993 2151 2064 2186 sibi
2093 2163 2290 2197 precavere
2317 2151 2356 2185 in

474 2226 634 2258 futurum
673 2232 708 2258 et
742 2225 787 2258 de
826 2224 935 2258 bonis
964 2224 1042 2258 suis
1077 2223 1261 2265 ordinare,
1293 2221 1468 2268 quicquid
1503 2222 1548 2255 de
1582 2221 1663 2267 ipso
1699 2220 1896 2266 contigerit
1927 2219 2150 2261 humanitus,
2181 2218 2354 2252 dilectum

474 2303 580 2325 suum
602 2291 848 2325 venerabilem
870 2291 988 2325 virum
1014 2291 1230 2336 magistrum
1251 2289 1450 2323 Robertum
1477 2288 1521 2321 de
1544 2287 1725 2321 Sorbonio
1746 2286 1960 2320 canonicum
1982 2285 2096 2318 Paris.
2123 2291 2208 2330 post
2227 2284 2354 2318 deces-

475 2370 553 2391 sum
585 2359 701 2403 ipsius
728 2358 866 2391 domini
891 2357 1067 2391 Johannis
1094 2357 1267 2390 heredem
1294 2368 1400 2389 suum
1426 2362 1462 2389 et
1486 2366 1741 2401 possessorem
1767 2354 1926 2387 instituit
1949 2364 2138 2394 censuum,
2165 2352 2354 2386 vinearum

475 2432 509 2457 et
538 2425 635 2457 seodi
665 2438 745 2458 cum
777 2426 857 2469 ejus
888 2425 1132 2470 pertinentiis,
1165 2435 1235 2469 que
1266 2423 1386 2456 omnia
1421 2422 1583 2456 Parisius
1617 2421 1822 2467 acquisivit,
1859 2420 2053 2453 conferens
2083 2425 2119 2452 et
2147 2418 2354 2452 concedens

475 2492 592 2524 eidem
619 2492 792 2537 magistro
820 2493 860 2524 R.
888 2499 1057 2537 tanquam
1082 2491 1210 2524 heredi
1236 2502 1303 2524 suo
1333 2497 1368 2523 et
1392 2489 1615 2535 possessori,
1642 2494 1682 2522 ut
1706 2488 1842 2521 dictum
1868 2493 1935 2528 est,
1967 2486 2214 2532 predictorum
2239 2491 2353 2519 totum

471 2558 532 2601 jus
563 2558 660 2602 quod
690 2558 845 2591 habebat
873 2558 930 2591 vel
955 2558 1089 2591 habere
1115 2564 1256 2603 poterat
1289 2558 1327 2590 in
1357 2557 1548 2602 premissis
1583 2554 1754 2589 omnibus
1789 2553 2033 2600 qualicunque
2069 2552 2221 2593 ratione,
2253 2551 2353 2586 salvo

476 2623 546 2655 sibi
577 2625 747 2668 quamdiu
776 2625 907 2658 vixerit
931 2625 1117 2670 predictus
1143 2625 1314 2657 dominus
1338 2623 1523 2657 Johannes
1549 2623 1586 2656 in
1611 2621 1782 2656 omnibus
1808 2627 1844 2654 et
1868 2619 2026 2666 singulis
2051 2619 2242 2652 usufructu
2271 2629 2352 2651 cum

476 2691 695 2735 proprietate
722 2692 997 2735 premissorum.
1028 2691 1168 2726 Volens
1194 2691 1375 2736 siquidem
1403 2697 1439 2724 et
1465 2689 1672 2723 concedens
1698 2700 1884 2734 expresse,
1912 2687 2010 2732 quod
2036 2686 2154 2719 dictus
2180 2685 2354 2731 magister

477 2758 517 2789 R.
549 2756 656 2789 heres
686 2757 887 2799 institutus,
925 2765 965 2791 ut
1001 2759 1135 2791 dictum
1167 2765 1234 2800 est,
1272 2764 1393 2791 teneat
1427 2763 1463 2790 et
1496 2756 1683 2802 possideat
1715 2761 1800 2801 post
1832 2754 2024 2788 decessum
2061 2752 2178 2798 ipsius
2215 2751 2353 2785 domini

474 2825 505 2856 J.
538 2823 657 2856 omnia
687 2823 892 2868 supradicta
922 2831 1091 2869 tanquam
1125 2825 1233 2858 heres
1264 2824 1413 2870 pacifice
1444 2830 1480 2857 et
1509 2823 1630 2869 quiete
1660 2822 1799 2867 absque
1831 2820 2087 2854 reclamatione
2119 2831 2184 2852 seu
2215 2825 2352 2852 contra·

474 2890 635 2923 dictione
661 2889 823 2934 qualibet
846 2889 1020 2923 heredum
1049 2903 1198 2924 suorum
1225 2892 1423 2925 carnalium
1447 2903 1512 2924 seu
1537 2890 1643 2924 etiam
1667 2889 1821 2923 aliorum
1844 2898 2159 2933 quorumcunque.
2183 2887 2224 2919 In
2246 2885 2351 2930 cujus

474 2957 527 2989 rei
562 2957 771 2989 memoriam
803 2963 838 2990 et
868 2957 1115 2991 testimonium
1142 2958 1185 2991 ad
1212 2959 1425 3004 petitionem
1452 2958 1570 3003 ipsius
1595 2956 1734 2990 domini
1758 2954 1935 2989 Johannis
1960 2952 2195 2999 presentibus
2219 2951 2351 2986 litteris
