2580 3528
298 417 394 457 1229]
641 426 688 448 ΑΒ
722 426 828 448 imno
862 425 939 448 lucc
974 425 1106 454 usqua
1141 426 1190 447 Λι)
1225 426 1455 448 PulLtPPcM
1491 427 1530 448 tv
1565 428 1653 449 nso.
1691 428 1828 450 factae.
2111 421 2174 453 129

295 507 331 534 et
360 500 481 534 lunam
510 499 690 541 converti,
720 498 918 545 stellasque
944 499 1080 533 involvi
1108 495 1265 545 caligine
1290 499 1501 545 hujusmodi
1528 500 1773 542 tenebrarum,
1800 514 1839 534 ae
1861 502 1913 535 sic
1941 503 1985 535 de
2010 504 2173 548 predicto

295 579 411 613 regno
431 566 548 600 deleri
567 566 755 600 Trinitatis
775 566 971 612 vestigium
997 566 1228 612 prelibatum,
1246 567 1416 611 quoniam
1439 567 1475 599 in
1496 574 1654 600 vestram
1675 568 1912 613 ignominiam
1939 569 2172 612 redundaret,

294 634 326 668 si
346 633 478 667 diebus
498 633 631 667 vestris
650 633 747 666 idem
768 645 923 678 regnum
949 632 1161 678 hujusmodi
1186 633 1363 678 privatum
1385 633 1502 678 gloria
1524 634 1755 676 redderetur,
1785 647 1850 668 nec
1877 636 2049 680 expedire
2075 637 2173 681 quod

294 700 332 734 in
360 700 441 746 ipso
466 699 708 746 regnantibus
738 699 826 733 tanti
853 699 1005 733 honoris
1030 699 1278 732 ascriberetur
1300 700 1499 741 ammissio,
1527 712 1633 745 quam
1666 701 1744 734 suis
1771 713 1918 734 servare
1948 702 2173 747 temporibus

295 778 402 813 reges
422 766 538 800 incliti
558 778 602 800 ex
622 766 742 800 innata
763 765 834 799 sibi
854 765 1046 799 clementia
1067 766 1289 812 propensius
1310 767 1542 808 studuerunt,
1565 779 1609 800 ex
1629 767 1786 800 diversis
1812 768 1937 801 mundi
1964 769 2173 802 nationibus

293 833 331 867 in
350 833 557 879 supradicta
590 833 733 866 civitate
767 831 955 866 collectam
991 832 1262 866 multitudinem
1295 833 1339 866 ad
1373 845 1485 878 aquas
1520 834 1698 879 sapientie
1741 834 1935 868 auriendas
1975 834 2173 880 benignius

293 900 543 941 confoventes,
574 911 614 933 ac
644 899 796 945 provide
831 906 1102 945 supportantes,
1132 900 1163 932 si
1193 900 1338 945 quando
1369 899 1579 933 excedebat.
1612 901 1704 934 Sane
1734 901 1778 934 ad
1808 908 1968 934 nostram
1998 902 2174 935 noveritis

293 966 512 1000 audientiam
534 966 762 1012 pervenisse,
785 965 883 1011 quod
904 966 999 999 inter
1019 978 1085 1000 vos
1106 978 1150 999 ex
1170 973 1270 1012 parte
1292 979 1362 1000 una
1384 973 1420 1000 et
1439 966 1594 1000 dilectos
1622 967 1719 1001 filios
1740 967 1936 1013 magistros
1957 974 1991 1001 et
2012 968 2173 1001 scolares

294 1033 521 1067 Parisienses
547 1045 591 1066 ex
613 1033 725 1066 altera
745 1033 980 1066 dissensione
1007 1032 1158 1066 suborta
1181 1033 1292 1066 iidem
1317 1034 1482 1079 magistri
1503 1046 1585 1067 cum
1607 1034 1811 1067 scolaribus
1832 1035 1999 1080 dampnis
2020 1042 2055 1068 et
2079 1035 2174 1080 inju-

294 1100 360 1133 riis
392 1099 552 1133 lacessiti
582 1112 601 1133 a
630 1099 792 1133 Parisius
826 1099 1080 1133 discesserunt
1113 1100 1273 1133 studium
1307 1099 1394 1133 alibi
1429 1100 1695 1134 transferendo.
1727 1102 1802 1134 Nos
1832 1113 1921 1147 ergo
1956 1101 2174 1135 utilitatibus

296 1167 528 1212 proventuris
555 1179 599 1200 ex
616 1166 778 1212 'predicti
798 1166 960 1199 fluminis
986 1167 1030 1199 ad
1055 1166 1196 1200 alveum
1223 1167 1342 1200 reditu
1368 1167 1572 1212 aspirantes
1590 1174 1626 1200 et
1645 1167 1811 1201 volentes
1837 1168 2173 1210 incomoditatibus,

295 1245 366 1280 que
400 1239 557 1279 possunt
590 1245 634 1266 ex
663 1233 831 1266 discessu
860 1245 1063 1279 emergere,
1093 1233 1254 1275 obviare,
1282 1233 1556 1267 venerabilibus
1581 1234 1755 1267 fratribus
1785 1235 1922 1268 nostris
1950 1261 1972 1268 ..
1997 1235 2176 1269 Cenoma-

296 1300 402 1333 nensi
422 1306 458 1333 et
482 1299 789 1346 ..qSilvanectensi
815 1300 1014 1345 episcopiS,
1036 1306 1071 1333 et
1092 1300 1267 1345 magistro
1292 1301 1423 1334 Joanni
1447 1300 1704 1334 archidiacono
1730 1301 2011 1335 Cathalaunensi
2038 1303 2176 1336 nostris

295 1367 423 1400 damus
450 1366 582 1399 litteris
612 1366 649 1399 in
670 1365 861 1407 mandatis,
890 1373 928 1399 ut
954 1366 1025 1411 ipsi
1045 1366 1124 1399 vice
1145 1373 1269 1400 nostra
1289 1366 1385 1400 inter
1404 1379 1471 1400 vos
1492 1379 1532 1400 ac
1558 1367 1753 1413 magistros
1775 1374 1809 1401 et
1830 1367 1990 1401 scolares
2017 1369 2176 1414 prefatos

295 1433 529 1479 interponant
557 1432 714 1466 sollicite
742 1439 863 1478 partes
890 1444 975 1466 suas
1002 1445 1042 1466 ac
1069 1433 1282 1478 impendant
1308 1433 1595 1467 sollicitudinem
1623 1434 1836 1479 diligentem
1865 1441 1900 1468 et
1928 1447 2074 1480 operam
2101 1436 2176 1468 essi-

295 1511 430 1542 caeem,
451 1506 491 1533 ut
516 1499 700 1546 magistris
721 1506 757 1533 et
780 1499 985 1533 scolaribus
1006 1499 1198 1533 antedictis
1225 1500 1270 1533 de
1291 1500 1384 1534 datis
1406 1501 1573 1546 dampnis
1594 1507 1630 1534 et
1649 1501 1820 1546 irrogatis
1842 1501 1987 1546 injuriis
2012 1514 2176 1547 congrue

296 1566 460 1609 satisfiat,
482 1566 647 1600 restituta
668 1566 759 1612 ipsis
785 1566 892 1600 solita
912 1566 1079 1600 libertate
1100 1579 1140 1600 ac
1161 1579 1180 1600 a
1199 1566 1311 1600 clare¹
1339 1567 1515 1600 memorie
1541 1566 1605 1600 Ph.
1629 1579 1715 1613 rege
1738 1569 1958 1601 Francorum
1987 1580 2176 1611 concessa,

295 1633 458 1667 studium
477 1633 639 1667 Parisius
661 1639 864 1667 revocetur.
887 1634 1066 1677 Quocirca
1087 1633 1338 1667 excellentiam
1360 1641 1516 1668 vestram
1543 1646 1715 1680 rogamus
1736 1635 1909 1668 attentius
1931 1642 1966 1668 et
1987 1647 2177 1669 monemus

297 1712 336 1734 ac
371 1699 604 1734 exhortamur
630 1700 668 1733 in
699 1700 868 1742 Domino,
905 1700 1076 1746 quatinus
1108 1699 1347 1746 benignitatis
1385 1701 1691 1746 predecessorum
1726 1708 1931 1735 vestrorum
1966 1701 2177 1735 inherentes

297 1767 465 1813 vestigiis
490 1766 537 1800 ob
566 1766 806 1801 reverentiam
836 1767 1037 1813 apostolice
1067 1767 1167 1801 sedis
1193 1774 1229 1801 et
1256 1774 1417 1801 nostram
1443 1768 1545 1813 ipsos
1572 1767 1717 1814 plenius
1743 1768 1939 1802 admittatis
1961 1769 1997 1801 in
2027 1769 2177 1814 gratiam

298 1833 436 1880 regiam
465 1840 501 1867 et
527 1834 685 1867 savorem
714 1834 983 1879 acquiescendo
1014 1834 1162 1868 monitis
1191 1841 1226 1868 et
1255 1834 1571 1868 exhortationibus
1602 1835 1864 1880 predictorum,
1895 1847 1935 1868 ea
1964 1835 2178 1869 executione

297 1900 410 1934 celeri
436 1900 531 1934 sicut
557 1900 872 1934 decet-clementia
899 1900 1005 1934 solita
1031 1907 1269 1946 exequentes,
1298 1913 1342 1934 ne
1371 1901 1402 1934 si
1429 1913 1537 1934 secus
1563 1901 1728 1947 egeritis,
1755 1901 1853 1947 quod
1881 1914 1953 1934 non
1979 1902 2177 1943 credimus,

298 1966 511 2013 sapientiam
539 1973 575 2000 et
599 1966 874 2012 benignitatem,
902 1967 982 2001 sine
1009 1966 1144 2013 quibus
1169 1967 1229 2001 vix
1254 1967 1415 2013 potentie
1444 1968 1563 2001 unitas
1592 1975 1712 2013 potest
1742 1968 1954 2014 persistere,
1982 1969 2178 2002 videamini

298 2033 492 2079 abjecisse,
515 2046 555 2067 ac
576 2045 657 2075 nos,
679 2034 742 2079 qui
764 2045 918 2080 regnum
939 2034 1058 2080 ipsum
1080 2034 1256 2068 hactenus
1276 2034 1408 2067 celitus
1429 2034 1663 2068 benedictum
1685 2041 1723 2068 ut
1743 2035 1987 2068 dedecoretur
2006 2048 2025 2068 a
2046 2035 2179 2068 decore

299 2099 510 2146 hujusmodi
536 2112 609 2134 non
636 2112 835 2146 possumus
862 2101 1103 2146 equanimiter
1129 2101 1298 2143 tolerare,
1321 2113 1434 2147 super
1462 2101 1531 2134 hoc
1557 2101 1751 2147 providere
1779 2101 1883 2135 aliter
1903 2102 2176 2148 compellamur.

300 2167 379 2200 Dat.
401 2167 543 2200 Perusii
563 2167 596 2212 vj
619 2166 689 2200 kal.
712 2166 938 2209 Decembris,
962 2167 1194 2213 pontificatus
1216 2168 1331 2201 nostri
1353 2179 1447 2202 anno
1470 2168 1589 2201 tertio.

394 2265 457 2297 neg.
474 2265 531 2289 Vnt.
547 2265 669 2297 Gregorii
684 2265 718 2289 lx
732 2273 774 2289 an.
791 2266 814 2294 3,
831 2274 872 2298 ep.
888 2267 928 2295 95,
945 2266 990 2290 sol.
1007 2266 1077 2290 147¹».
1093 2279 1124 2284 —
1139 2266 1263 2294 Bulaeus,
1280 2266 1326 2295 111,
1344 2267 1396 2290 1³5.

394 2349 416 2373 1.
434 2349 497 2381 neg.
514 2349 571 2373 Vnt.
589 2357 601 2373 κ(
617 2349 685 2373 clere
701 2357 723 2373 ιο.

303 2461 382 2500 72.
404 2470 538 2508 Epistola
554 2472 727 2498 transmissa
742 2481 761 2498 a
777 2472 925 2507 magistris
945 2472 1094 2499 Toloeanis
1109 2472 1150 2499 ad
1165 2472 1341 2499 universalia
1357 2472 1457 2499 studia
1473 2471 1548 2498 alibi
1558 2473 1705 2508 florentia.

1428 2554 1500 2582 Circa
1515 2554 1592 2581 finem
1607 2562 1666 2581 anm
1680 2555 1759 2585 1229,
1779 2555 1893 2581 Telamo.

392 2628 583 2662 Universis
613 2628 749 2663 Christi
780 2628 952 2662 fidelibus
981 2636 1017 2663 et
1046 2629 1219 2675 precipue
1249 2629 1434 2675 magistris
1459 2635 1495 2663 et
1521 2628 1725 2663 scolaribus
1756 2628 1977 2675 ubicumque
2004 2635 2180 2663 terrarum

303 2694 537 2729 studentibus
564 2702 755 2742 presentes
783 2695 922 2730 litteras
949 2696 1171 2742 inspecturis
1199 2696 1419 2730 universitas
1449 2696 1706 2742 magistrorum
1738 2702 1773 2729 et
1800 2695 1993 2729 scolarium
2021 2695 2181 2729 Tholose

303 2761 464 2796 studium
495 2761 533 2795 in
562 2774 655 2796 nova
682 2762 802 2796 radice
831 2763 1080 2805 statuentium,
1108 2763 1181 2797 vite
1209 2762 1305 2796 bone
1334 2762 1640 2809 perseverantiam
1669 2762 1765 2796 exitu
1793 2774 1874 2796 cum
1901 2762 2018 2796 beato.
2047 2762 2182 2796 Stabile

303 2827 578 2862 fundamentum
599 2841 672 2862 non
692 2829 832 2864 invenit
860 2829 1036 2876 operatio,
1059 2842 1130 2875 que
1152 2841 1226 2863 non
1250 2836 1306 2863 est
1326 2829 1362 2863 in
1383 2829 1543 2870 Christo,
1576 2835 1699 2863 sancte
1726 2829 1849 2862 matris
1874 2829 2029 2863 ecclesie
2055 2829 2182 2863 sunda-

304 2900 440 2937 mento,
475 2894 627 2929 firmiter
660 2895 847 2930 collocata.
883 2897 958 2930 Nos
992 2897 1104 2943 igitur
1134 2896 1201 2930 hec
1235 2896 1465 2930 attendentes
1499 2908 1642 2930 summo
1682 2896 1872 2929 conamine
1908 2902 2033 2929 nostro
2063 2896 2181 2929 conati

305 2972 433 2995 sumus
453 2961 491 2995 in
510 2961 658 2996 Christo
678 2961 838 2997 Tholose
859 2963 971 2997 studii
992 2962 1237 3009 philosophici
1257 2963 1531 2997 fundamentum
1554 2961 1719 2996 durabile
1740 2962 1934 3003 collocare,
1955 2974 2066 3007 super
2084 2961 2182 3007 quod

431 3020 527 3045 Chare.
549 3020 628 3045 Untv.
643 3020 738 3046 Paris.
756 3020 778 3046 1.
2029 3019 2058 3042 17
