2580 3528
497 414 563 446 492
1070 416 1398 441 οΗΑιιΤυιΜιιυΜ
1434 414 1625 436 tNtvsns.
1663 412 1791 434 Panis.
2271 401 2368 443 [1271

499 503 582 543 post
616 495 866 529 Inventionem
902 494 995 526 beati
1031 492 1179 525 Firmini
1214 488 1416 534 martyris⁴,
1452 488 1617 532 cogitans
1653 486 1697 519 de
1728 486 1953 528 novissimis,
1986 486 2101 519 Deum
2131 485 2270 519 habens
2304 497 2369 531 pre

499 563 630 604 oculis,
651 568 903 595 testamentum
924 571 1042 592 meum
1064 557 1211 591 condidi
1232 557 1268 589 in
1290 555 1436 588 modum
1459 554 1520 599 qui
1541 553 1707 598 sequitur
1729 564 1736 585 :

590 630 629 661 In
652 628 777 673 primis
797 627 880 671 lego
903 624 1105 658 scolaribus
1127 623 1311 667 theologie
1336 620 1576 661 secularibus,
1605 626 1673 652 tam
1699 619 1736 652 in
1762 619 2018 652 communitate
2044 619 2175 653 domus
2203 619 2368 665 magistri

500 695 649 728 Roberti
680 694 723 727 dc
754 692 933 726 Sorbonio
962 703 1065 736 quam
1094 689 1174 722 aliis
1201 687 1433 721 humanitatis
1459 688 1496 730 (Ρ)
1525 685 1765 727 scolaribus¹,
1796 686 1840 718 de
1870 685 2004 731 quibus
2036 697 2122 731 spes
2152 685 2368 731 proficiendi

499 761 705 801 habebitur,
727 760 811 792 licet
831 759 867 791 in
887 758 971 791 villa
992 755 1231 796 morantibus,
1253 766 1363 787 unum
1386 765 1520 799 corpus
1540 752 1740 798 theologie,
1768 753 1804 786 in
1826 765 1897 798 quo
1919 752 2109 786 studebam
2131 760 2167 787 et
2185 752 2367 799 legebam.

502 829 590 860 Item
613 827 696 871 lego
718 825 836 858 omnia
858 823 1048 868 originalia
1069 834 1146 855 mea
1167 833 1310 854 necnon
1331 820 1470 853 tabulas
1491 819 1737 865 originalium.
1761 820 1850 853 Item
1871 819 1956 865 lego
1977 819 2031 853 eis
2052 831 2179 853 omnes
2200 819 2366 865 postillas

501 905 598 926 meas
620 891 814 936 theologie.
842 892 928 923 Item
957 901 1083 922 omnes
1111 900 1270 921 summas
1297 899 1505 920 sermonum
1535 898 1624 932 quas
1650 886 1779 919 habeo.
1807 887 1895 919 Item
1922 898 2050 920 omnes
2075 898 2234 920 summas
2260 898 2370 932 ques·-

500 960 636 992 tiouum
669 965 701 990 ct
732 957 849 989 omnia
885 957 1017 1000 scripta
1051 967 1121 1000 que
1151 954 1355 999 compilavi,
1387 960 1456 986 tam
1488 954 1533 986 de
1563 953 1820 999 questionibus
1850 965 1955 998 quam
1986 953 2031 986 de
2061 953 2308 996 sermonibus,
2335 959 2372 987 et

499 1025 658 1058 breviter
682 1035 808 1056 omncs
834 1023 948 1055 libros
974 1022 1158 1066 theologie
1187 1033 1278 1066 quos
1304 1020 1419 1054 habeo
1447 1020 1645 1066 simplices.
1673 1022 1762 1054 Item
1787 1020 1872 1066 lego
1898 1021 1952 1054 eis
1980 1032 2108 1054 omnes
2129 1020 2244 1054 libros
2265 1032 2370 1054 cano-

498 1092 600 1124 nicos
631 1098 665 1123 et
695 1102 820 1123 omnes
850 1101 1008 1122 summas
1039 1101 1127 1133 quas
1157 1088 1273 1121 habeo
1304 1100 1415 1133 super
1445 1088 1589 1121 decreta
1620 1094 1656 1121 et
1685 1087 1899 1121 decretales.
1929 1088 2023 1122 Volo
2051 1094 2169 1121 autem
2199 1087 2299 1133 quod
2323 1087 2368 1121 de

498 1157 738 1203 originalibus
767 1164 801 1190 et
825 1157 976 1189 summis
1002 1155 1062 1189 fiat
1086 1156 1188 1200 copia
1214 1155 1399 1201 magistris
1421 1155 1605 1201 theologie
1632 1155 1861 1188 secularibus
1886 1155 2070 1196 duntaxat,
2097 1155 2181 1200 quia
2201 1155 2368 1201 religiosi

498 1225 584 1258 satis
605 1224 749 1257 habent.
771 1223 863 1256 Volo
885 1229 1002 1256 autem
1025 1222 1122 1267 quod
1143 1222 1180 1254 in
1201 1222 1294 1255 dicta
1316 1222 1424 1255 domo
1451 1235 1470 1255 a
1495 1229 1731 1267 procuratore
1757 1222 1851 1256 dicte
1878 1222 2008 1256 domus
2033 1222 2198 1268 magistri
2219 1221 2369 1255 Roberti

498 1291 653 1324 fideliter
673 1290 937 1331 custodiantur,
964 1296 998 1322 et
1023 1289 1189 1334 supplico
1215 1289 1401 1335 magistris
1426 1289 1612 1335 theologie
1638 1289 1867 1323 secularibus
1893 1289 1991 1335 quod
2019 1289 2209 1335 diligentia
2230 1296 2266 1323 et
2285 1301 2369 1323 cau-

497 1358 566 1391 tela
600 1357 643 1390 ab
674 1358 726 1390 eis
761 1356 973 1390 adhibeatur
1002 1357 1039 1388 in
1068 1356 1234 1389 faciendo
1264 1356 1442 1389 custodiri
1472 1356 1587 1390 libros
1617 1356 1861 1402 supradictos,
1892 1363 1928 1390 et
1955 1356 2016 1390 fiat
2045 1356 2300 1399 inventarium,
2332 1362 2369 1390 et

497 1424 660 1469 quolibet
684 1436 778 1457 anno
804 1435 922 1456 coram
949 1423 1040 1468 ipsis
1065 1423 1240 1468 predictis
1266 1423 1479 1456 doctoribus
1499 1436 1517 1456 a
1539 1430 1774 1469 procuratore
1795 1424 1890 1457 dicte
1917 1423 2048 1457 domus
2069 1424 2159 1457 ratio
2180 1423 2366 1466 reddatur,

497 1498 532 1524 et
552 1491 648 1536 quod
670 1490 737 1523 sub
759 1490 889 1523 idonea
914 1490 1080 1523 cautione
1104 1489 1309 1523 scolaribus
1334 1497 1556 1524 mutuentur.
1587 1492 1675 1524 Item
1701 1490 1785 1536 lego
1811 1497 1881 1524 tam
1908 1491 2014 1524 dictis
2036 1490 2240 1525 scolaribus
2261 1502 2367 1537 quam

496 1558 631 1591 artistis
659 1564 738 1590 actu
764 1557 978 1602 regentibus
1006 1569 1133 1590 omnes
1160 1556 1275 1590 libros
1303 1569 1405 1590 meos
1432 1557 1678 1603 philosophie,
1707 1558 1744 1590 in
1770 1557 1895 1591 eadem
1922 1558 2029 1591 domo
2058 1558 2321 1592 custodiendos
2346 1570 2366 1591 a

497 1625 592 1657 dicto
614 1631 847 1669 procuratore
869 1631 904 1656 et
924 1623 991 1657 sub
1012 1630 1108 1657 certa
1128 1624 1295 1657 cautione
1317 1624 1455 1657 eisdem
1477 1625 1709 1667 mutuandos,
1737 1632 1773 1658 et
1796 1625 1841 1658 ad
1861 1625 2124 1658 custodiendos
2145 1625 2261 1659 libros
2281 1625 2365 1660 volo

496 1691 593 1735 quod
620 1690 775 1723 habeant
798 1691 989 1723 armarium
1017 1703 1137 1723 meum
1170 1697 1206 1724 et
1235 1698 1310 1724 tres
1341 1691 1449 1725 cistas
1476 1704 1565 1737 quas
1591 1691 1707 1725 habeo
1733 1692 1918 1725 meliores.
1945 1694 2014 1725 Pro
2040 1692 2165 1725 labore
2191 1704 2278 1726 vero
2309 1704 2367 1726 cu-

496 1757 613 1790 stodie
630 1757 712 1802 lego
730 1757 783 1790 eis
797 1757 970 1802 capellam
988 1769 1102 1790 meam
1124 1764 1159 1791 et
1178 1770 1290 1791 unum
1311 1770 1375 1804 par
1396 1758 1615 1804 simplicium
1638 1759 1936 1793 vestimentorum
1958 1759 2099 1793 scilieet
2118 1759 2365 1793 incensarium

495 1830 720 1869 argenteum,
742 1824 813 1856 duo
835 1823 1049 1856 candelabra
1070 1831 1255 1870 argentea,
1277 1825 1425 1858 calicem
1442 1832 1654 1871 argenteum
1672 1826 1770 1859 intus
1787 1833 1822 1859 et
1842 1833 1940 1859 extra
1961 1826 2184 1868 deauratum⁷
2206 1826 2366 1872 pixidem

495 1890 702 1931 eburneam,
726 1890 818 1923 duos
839 1902 969 1923 urceos
991 1897 1026 1923 et
1047 1903 1157 1923 unum
1180 1903 1242 1936 par
1258 1892 1571 1934 vestimentorum,
1594 1905 1701 1926 unam
1721 1893 1879 1926 casulam
1897 1893 1941 1926 de
1958 1905 2076 1938 panno
2098 1894 2216 1927 serico
2237 1894 2366 1928 avibus

494 1957 642 1998 intexto,
672 1969 819 2001 parvum
849 1957 995 1990 missale
1025 1964 1061 1990 et
1086 1970 1198 1990 unum
1228 1959 1379 1991 coffrum
1407 1959 1451 1992 ad
1477 1960 1717 1993 custodienda
1746 1960 1964 2005 supradicta.
1996 1960 2090 1994 Volo
2120 1968 2239 1994 autem
2267 1961 2366 2007 quod

495 2035 620 2056 omnes
650 2023 733 2056 libri
763 2024 833 2056 mei
864 2023 1047 2069 theologie
1073 2031 1109 2057 et
1136 2037 1263 2058 omnes
1291 2025 1375 2058 libri
1398 2026 1494 2070 juris
1522 2027 1687 2059 canonici
1715 2039 1807 2072 quos
1835 2027 1951 2060 habeo
1981 2027 2169 2073 depositos
2197 2028 2234 2061 in
2260 2029 2364 2062 cistis

494 2090 588 2134 apud
610 2090 725 2123 dictos
751 2090 922 2131 scolares,
950 2097 985 2123 et
1012 2103 1104 2135 quos
1129 2091 1245 2124 habeo
1271 2104 1384 2137 penes
1410 2105 1479 2134 me,
1507 2093 1699 2126 incatenati
1726 2106 1840 2139 penes
1862 2106 1925 2127 eos
1947 2102 2156 2128 remaneant
2175 2095 2213 2128 in
2234 2107 2364 2141 perpe-

494 2163 607 2198 tuum,
638 2157 836 2189 secundum
866 2157 1016 2189 sormam
1048 2157 1303 2202 supradictam.
1336 2160 1380 2191 Et
1411 2171 1538 2193 omnes
1568 2159 1652 2192 libri
1683 2160 1863 2194 medicine
1898 2173 1990 2206 quos
2024 2161 2140 2194 habeo
2175 2162 2364 2207 depositos

494 2223 587 2268 apud
614 2235 676 2256 eos
705 2223 834 2256 mixtos
861 2236 941 2256 cum
970 2223 1074 2256 libris
1102 2224 1333 2270 philosophie
1362 2232 1397 2258 et
1423 2226 1503 2259 aliis
1530 2226 1634 2260 libris
1661 2227 1877 2269 vendantur,
1905 2235 1939 2261 et
1960 2228 2045 2261 inde
2071 2228 2192 2262 debita
2216 2241 2307 2267 meaq
2331 2229 2364 2263 si

494 2302 645 2322 necesse
672 2290 792 2331 suerit,
822 2290 1042 2323 reddantur³
1049 2317 1128 2323 ......
1158 2293 1246 2324 Item
1273 2292 1380 2337 [lego]
1402 2293 1583 2339 Gregorio
1610 2295 1780 2339 scriptori
1806 2307 1886 2328 meo
1913 2295 2150 2329 Ambianensi
2178 2296 2365 2342 sexaginta

495 2356 632 2389 solidos
660 2357 851 2401 parisiens.
881 2357 1063 2402 Quicquid
1091 2365 1207 2390 autem
1236 2359 1423 2392 residuum
1451 2361 1571 2399 fuerit,
1601 2361 1683 2394 volo
1712 2362 1810 2407 quod
1838 2362 2081 2396 distribuatur
2105 2363 2142 2395 in
2170 2362 2259 2396 duas
2285 2375 2366 2408 por-

494 2423 624 2463 tiones,
660 2423 798 2455 scilicet
832 2423 927 2467 quod
958 2436 1137 2469 pauperes
1168 2425 1328 2459 scolares
1359 2427 1585 2461 Parisienses
1617 2435 1685 2461 tam
1716 2428 1878 2474 theologi
1914 2441 2019 2474 quam
2049 2430 2174 2463 artiste
2208 2429 2366 2463 habeant

494 2489 721 2521 medictatem
751 2489 1037 2522 distribuendam
1070 2503 1133 2535 per
1160 2504 1287 2525 manus
1313 2500 1546 2527 executorum
1568 2507 1745 2537 meorum,
1772 2496 1816 2528 de
1843 2508 1911 2541 qua
1937 2497 2129 2530 medietate
2154 2496 2238 2530 volo
2264 2496 2362 2542 quod

495 2555 666 2598 magister
696 2556 800 2599 Ilugo
833 2561 868 2587 et
898 2556 1070 2600 magister
1098 2558 1263 2591 Andreas
1294 2559 1338 2592 de
1370 2561 1598 2595 Feuchariis‘
1621 2562 1776 2596 habeant
1800 2563 2054 2608 unusquisque
2090 2563 2214 2596 decem
2247 2563 2359 2596 libras

495 2620 707 2664 parisiens.;
738 2620 876 2665 reliqua
905 2634 990 2654 vcro
1020 2623 1194 2657 medietas
1222 2626 1444 2671 pauperibus
1474 2629 1686 2673 parentibus
1716 2630 1807 2663 meis
1835 2629 1969 2675 quibus
1995 2630 2107 2663 nichil
2133 2629 2251 2675 legavi
2276 2629 2360 2664 volo

496 2686 592 2730 quod
628 2685 889 2718 distribuantur
923 2700 987 2732 per
1022 2702 1148 2723 manus
1183 2693 1330 2736 majoris
1366 2700 1401 2726 et
1439 2694 1671 2728 scabinorum
1706 2696 2002 2730 Abbatisville....
2041 2698 2085 2729 Et
2118 2696 2162 2729 ad
2199 2696 2360 2741 predicta

494 2751 611 2796 legata
642 2751 815 2784 solvenda
845 2753 927 2785 volo
962 2755 1059 2798 quod
1090 2757 1293 2790 vendantur
1327 2759 1456 2794 domus
1490 2774 1568 2794 mec
1598 2763 1758 2796 Parisius
1789 2769 1824 2796 et
1853 2775 1980 2796 omnes
2010 2762 2094 2796 libri
2125 2775 2217 2808 quos
2242 2762 2359 2796 habeo

495 2818 540 2850 de
569 2817 747 2850 medicina
776 2818 871 2862 apud
905 2819 1077 2862 scolares,
1113 2823 1207 2856 sicut
1238 2826 1407 2870 superius
1443 2827 1577 2861 dictum
1613 2836 1723 2863 est....
1757 2830 1814 2863 Ad
1848 2830 1967 2863 omnia
2002 2836 2120 2863 autem
2153 2829 2360 2875 supradicta

494 2883 651 2917 fideliter
680 2890 715 2916 et
739 2883 934 2929 diligenter
958 2886 1186 2932 adimplenda
1218 2897 1253 2923 et
1277 2892 1450 2926 solvenda
1476 2895 1567 2928 istos
1598 2896 1766 2941 deputavi
1795 2903 2021 2939 executores,
2052 2896 2223 2930 videlicet
2251 2896 2361 2942 magi-

495 2957 607 2984 strum
633 2950 827 2983 Robertum
859 2951 903 2983 de
935 2951 1127 2995 Sorbonio,
1158 2957 1370 2990 canonicum
1402 2961 1658 3005 Parisiensem,
1690 2964 1902 3008 magistrum
1934 2963 2162 3008 Radulphum
2193 2962 2358 3005 Lasach.,

2575 664 2580 691 ...-
2573 506 2580 658 ,ΜΛ-...μ
2573 446 2580 491 ,ὼ
2575 405 2580 435 4
2574 363 2580 395 u.
