<?xml version="1.0" encoding="UTF-8"?>
<!DOCTYPE html PUBLIC "-//W3C//DTD XHTML 1.0 Transitional//EN"
    "http://www.w3.org/TR/xhtml1/DTD/xhtml1-transitional.dtd">
<html xmlns="http://www.w3.org/1999/xhtml" xml:lang="en" lang="en">
 <head>
  <title>
</title>
<meta http-equiv="Content-Type" content="text/html;charset=utf-8" />
  <meta name='ocr-system' content='tesseract 3.04.00' />
  <meta name='ocr-capabilities' content='ocr_page ocr_carea ocr_par ocr_line ocrx_word'/>
</head>
<body>
  <div class='ocr_page' id='page_1' title='image "./chartulariumuniv01univuoft_0025.png"; bbox 0 0 2618 3640; ppageno 0'>
   <div class='ocr_carea' id='block_1_1' title="bbox 0 0 52 774">
    <p class='ocr_par' dir='ltr' id='par_1_1' title="bbox 0 0 52 774">
     <span class='ocr_line' id='line_1_1' title="bbox 0 0 52 774; baseline 0 2866"><span class='ocrx_word' id='word_1_1' title='bbox 0 0 52 774; x_wconf 95' lang='lat' dir='ltr'> </span> 
     </span>
    </p>
   </div>
   <div class='ocr_carea' id='block_1_2' title="bbox 1000 411 2104 436">
    <p class='ocr_par' dir='ltr' id='par_1_2' title="bbox 1000 411 2104 436">
     <span class='ocr_line' id='line_1_2' title="bbox 1000 411 2104 436; baseline 0.004 -4"><span class='ocrx_word' id='word_1_2' title='bbox 1000 411 1300 433; x_wconf 77' lang='lat' dir='ltr'>INTRODUCTIO.</span> <span class='ocrx_word' id='word_1_3' title='bbox 2044 415 2104 436; x_wconf 72' lang='lat' dir='ltr'>XIX</span> 
     </span>
    </p>
   </div>
   <div class='ocr_carea' id='block_1_3' title="bbox 214 485 2104 750">
    <p class='ocr_par' dir='ltr' id='par_1_3' title="bbox 214 485 2104 750">
     <span class='ocr_line' id='line_1_3' title="bbox 314 485 2102 535; baseline 0.002 -14"><span class='ocrx_word' id='word_1_4' title='bbox 314 488 408 522; x_wconf 89' lang='lat' dir='ltr'>Ante</span> <span class='ocrx_word' id='word_1_5' title='bbox 424 497 560 521; x_wconf 86' lang='lat' dir='ltr'>annum</span> <span class='ocrx_word' id='word_1_6' title='bbox 580 488 673 522; x_wconf 92' lang='grc'>1255</span> <span class='ocrx_word' id='word_1_7' title='bbox 690 485 791 521; x_wconf 89' lang='lat' dir='ltr'>nulla</span> <span class='ocrx_word' id='word_1_8' title='bbox 806 486 846 521; x_wconf 85' lang='lat' dir='ltr'>fit</span> <span class='ocrx_word' id='word_1_9' title='bbox 866 486 910 521; x_wconf 92' lang='lat' dir='ltr'>de</span> <span class='ocrx_word' id='word_1_10' title='bbox 932 485 1153 522; x_wconf 86' lang='lat' dir='ltr'>Cancellario</span> <span class='ocrx_word' id='word_1_11' title='bbox 1176 486 1212 522; x_wconf 90' lang='lat' dir='ltr'>S.</span> <span class='ocrx_word' id='word_1_12' title='bbox 1232 486 1433 522; x_wconf 84' lang='lat' dir='ltr'>Genovefae</span> <span class='ocrx_word' id='word_1_13' title='bbox 1451 488 1584 523; x_wconf 86' lang='lat' dir='ltr'>mentio</span> <span class='ocrx_word' id='word_1_14' title='bbox 1605 486 1700 535; x_wconf 79' lang='lat' dir='ltr'>(Vz‘d.</span> <span class='ocrx_word' id='word_1_15' title='bbox 1720 495 1757 523; x_wconf 80' lang='grc' dir='ltr'>11ο</span> <span class='ocrx_word' id='word_1_16' title='bbox 1780 491 1878 531; x_wconf 85' lang='grc'>260).</span> <span class='ocrx_word' id='word_1_17' title='bbox 1904 489 1958 524; x_wconf 84' lang='lat' dir='ltr'>Ab</span> <span class='ocrx_word' id='word_1_18' title='bbox 1975 489 2102 525; x_wconf 85' lang='lat' dir='ltr'>abbate</span> 
     </span>
     <span class='ocr_line' id='line_1_4' title="bbox 216 557 2104 606; baseline 0.001 -12"><span class='ocrx_word' id='word_1_19' title='bbox 216 559 253 595; x_wconf 88' lang='lat' dir='ltr'>S.</span> <span class='ocrx_word' id='word_1_20' title='bbox 272 557 474 594; x_wconf 82' lang='lat' dir='ltr'>Genovefae</span> <span class='ocrx_word' id='word_1_21' title='bbox 489 557 534 593; x_wconf 87' lang='lat' dir='ltr'>ab</span> <span class='ocrx_word' id='word_1_22' title='bbox 550 569 645 593; x_wconf 82' lang='lat' dir='ltr'>anno</span> <span class='ocrx_word' id='word_1_23' title='bbox 663 560 754 593; x_wconf 92' lang='grc'>1222</span> <span class='ocrx_word' id='word_1_24' title='bbox 771 557 971 593; x_wconf 74' lang='lat' dir='ltr'>licentiatos</span> <span class='ocrx_word' id='word_1_25' title='bbox 989 557 1206 602; x_wconf 83' lang='lat' dir='ltr'>invenimus,</span> <span class='ocrx_word' id='word_1_26' title='bbox 1226 558 1301 602; x_wconf 81' lang='lat' dir='ltr'>sed,</span> <span class='ocrx_word' id='word_1_27' title='bbox 1322 562 1506 594; x_wconf 78' lang='lat' dir='ltr'>crescente</span> <span class='ocrx_word' id='word_1_28' title='bbox 1526 559 1667 594; x_wconf 84' lang='lat' dir='ltr'>Artium</span> <span class='ocrx_word' id='word_1_29' title='bbox 1685 560 1934 606; x_wconf 77' lang='lat' dir='ltr'>magistrorum</span> <span class='ocrx_word' id='word_1_30' title='bbox 1952 573 2104 596; x_wconf 87' lang='lat' dir='ltr'>numero</span> 
     </span>
     <span class='ocr_line' id='line_1_5' title="bbox 214 629 2104 678; baseline 0.001 -13"><span class='ocrx_word' id='word_1_31' title='bbox 214 630 277 678; x_wconf 93' lang='lat' dir='ltr'>qui</span> <span class='ocrx_word' id='word_1_32' title='bbox 293 629 584 678; x_wconf 80' lang='lat' dir='ltr'>jurisdictionem</span> <span class='ocrx_word' id='word_1_33' title='bbox 605 629 735 665; x_wconf 89' lang='lat' dir='ltr'>Montis</span> <span class='ocrx_word' id='word_1_34' title='bbox 749 629 784 664; x_wconf 89' lang='lat' dir='ltr'>in</span> <span class='ocrx_word' id='word_1_35' title='bbox 803 629 879 665; x_wconf 90' lang='lat' dir='ltr'>vico</span> <span class='ocrx_word' id='word_1_36' title='bbox 896 629 1106 665; x_wconf 78' lang='lat' dir='ltr'>Gai-landiae</span> <span class='ocrx_word' id='word_1_37' title='bbox 1125 630 1323 677; x_wconf 88' lang='lat' dir='ltr'>petierunt,</span> <span class='ocrx_word' id='word_1_38' title='bbox 1346 630 1591 666; x_wconf 84' lang='lat' dir='ltr'>Cancellarius</span> <span class='ocrx_word' id='word_1_39' title='bbox 1617 630 1666 666; x_wconf 87' lang='lat' dir='ltr'>ibi</span> <span class='ocrx_word' id='word_1_40' title='bbox 1688 631 1909 667; x_wconf 88' lang='lat' dir='ltr'>necessarius</span> <span class='ocrx_word' id='word_1_41' title='bbox 1932 631 2008 667; x_wconf 86' lang='lat' dir='ltr'>suit.</span> <span class='ocrx_word' id='word_1_42' title='bbox 2031 634 2104 668; x_wconf 86' lang='lat' dir='ltr'>Hac</span> 
     </span>
     <span class='ocr_line' id='line_1_6' title="bbox 219 700 2102 750; baseline 0.001 -13"><span class='ocrx_word' id='word_1_43' title='bbox 219 701 360 750; x_wconf 85' lang='lat' dir='ltr'>origine</span> <span class='ocrx_word' id='word_1_44' title='bbox 378 700 618 737; x_wconf 84' lang='lat' dir='ltr'>Cancellariae</span> <span class='ocrx_word' id='word_1_45' title='bbox 635 701 671 736; x_wconf 88' lang='lat' dir='ltr'>S.</span> <span class='ocrx_word' id='word_1_46' title='bbox 689 700 890 736; x_wconf 88' lang='lat' dir='ltr'>Genovesae</span> <span class='ocrx_word' id='word_1_47' title='bbox 908 700 1122 748; x_wconf 74' lang='lat' dir='ltr'>explanatur</span> <span class='ocrx_word' id='word_1_48' title='bbox 1137 713 1344 737; x_wconf 73' lang='lat' dir='ltr'>cut-munus</span> <span class='ocrx_word' id='word_1_49' title='bbox 1361 702 1438 749; x_wconf 89' lang='lat' dir='ltr'>ejus</span> <span class='ocrx_word' id='word_1_50' title='bbox 1453 702 1498 737; x_wconf 84' lang='lat' dir='ltr'>ad</span> <span class='ocrx_word' id='word_1_51' title='bbox 1514 702 1663 738; x_wconf 87' lang='lat' dir='ltr'>Artistas</span> <span class='ocrx_word' id='word_1_52' title='bbox 1685 702 1862 750; x_wconf 83' lang='lat' dir='ltr'>imprimis</span> <span class='ocrx_word' id='word_1_53' title='bbox 1878 704 2102 750; x_wconf 86' lang='lat' dir='ltr'>spectaverit,</span> 
     </span>
    </p>
   </div>
   <div class='ocr_carea' id='block_1_4' title="bbox 218 772 2102 821">
    <p class='ocr_par' dir='ltr' id='par_1_4' title="bbox 218 772 2102 821">
     <span class='ocr_line' id='line_1_7' title="bbox 218 772 2102 821; baseline 0.001 -12"><span class='ocrx_word' id='word_1_54' title='bbox 218 777 257 809; x_wconf 88' lang='lat' dir='ltr'>ut</span> <span class='ocrx_word' id='word_1_55' title='bbox 274 776 395 821; x_wconf 88' lang='lat' dir='ltr'>aperte</span> <span class='ocrx_word' id='word_1_56' title='bbox 414 772 566 820; x_wconf 88' lang='lat' dir='ltr'>probant</span> <span class='ocrx_word' id='word_1_57' title='bbox 582 772 801 808; x_wconf 79' lang='lat' dir='ltr'>documenta</span> <span class='ocrx_word' id='word_1_58' title='bbox 817 784 908 819; x_wconf 89' lang='lat' dir='ltr'>quae</span> <span class='ocrx_word' id='word_1_59' title='bbox 922 773 966 808; x_wconf 91' lang='lat' dir='ltr'>de</span> <span class='ocrx_word' id='word_1_60' title='bbox 979 772 1216 817; x_wconf 84' lang='lat' dir='ltr'>Cancellario,</span> <span class='ocrx_word' id='word_1_61' title='bbox 1233 772 1471 817; x_wconf 75' lang='lat' dir='ltr'>examinibus,</span> <span class='ocrx_word' id='word_1_62' title='bbox 1490 773 1645 809; x_wconf 85' lang='lat' dir='ltr'>licentiis</span> <span class='ocrx_word' id='word_1_63' title='bbox 1664 775 1699 810; x_wconf 87' lang='lat' dir='ltr'>S.</span> <span class='ocrx_word' id='word_1_64' title='bbox 1722 774 1920 810; x_wconf 86' lang='lat' dir='ltr'>Genovefae</span> <span class='ocrx_word' id='word_1_65' title='bbox 1938 778 2102 811; x_wconf 88' lang='lat' dir='ltr'>tractant.</span> 
     </span>
    </p>
   </div>
   <div class='ocr_carea' id='block_1_5' title="bbox 191 897 2120 2310">
    <p class='ocr_par' dir='ltr' id='par_1_5' title="bbox 191 897 2120 2310">
     <span class='ocr_line' id='line_1_8' title="bbox 317 897 2108 947; baseline 0.001 -14"><span class='ocrx_word' id='word_1_66' title='bbox 317 898 381 933; x_wconf 91' lang='lat' dir='ltr'>His</span> <span class='ocrx_word' id='word_1_67' title='bbox 406 897 577 941; x_wconf 87' lang='lat' dir='ltr'>collectis,</span> <span class='ocrx_word' id='word_1_68' title='bbox 598 897 702 933; x_wconf 82' lang='lat' dir='ltr'>facile</span> <span class='ocrx_word' id='word_1_69' title='bbox 722 897 899 945; x_wconf 83' lang='lat' dir='ltr'>intelligas</span> <span class='ocrx_word' id='word_1_70' title='bbox 921 897 1179 934; x_wconf 88' lang='lat' dir='ltr'>Cancellarium</span> <span class='ocrx_word' id='word_1_71' title='bbox 1204 898 1441 934; x_wconf 85' lang='lat' dir='ltr'>Parisiensem</span> <span class='ocrx_word' id='word_1_72' title='bbox 1463 903 1623 947; x_wconf 86' lang='lat' dir='ltr'>tempore</span> <span class='ocrx_word' id='word_1_73' title='bbox 1648 899 1856 947; x_wconf 87' lang='lat' dir='ltr'>interposito</span> <span class='ocrx_word' id='word_1_74' title='bbox 1878 900 1991 936; x_wconf 85' lang='lat' dir='ltr'>multa</span> <span class='ocrx_word' id='word_1_75' title='bbox 2011 901 2108 936; x_wconf 86' lang='lat' dir='ltr'>ami-</span> 
     </span>
     <span class='ocr_line' id='line_1_9' title="bbox 219 966 2108 1018; baseline 0.001 -12"><span class='ocrx_word' id='word_1_76' title='bbox 219 970 304 1006; x_wconf 88' lang='lat' dir='ltr'>sisse</span> <span class='ocrx_word' id='word_1_77' title='bbox 323 982 331 1005; x_wconf 87' lang='lat'>:</span> <span class='ocrx_word' id='word_1_78' title='bbox 349 969 506 1017; x_wconf 91' lang='lat' dir='ltr'>primum</span> <span class='ocrx_word' id='word_1_79' title='bbox 528 969 563 1004; x_wconf 92' lang='lat' dir='ltr'>in</span> <span class='ocrx_word' id='word_1_80' title='bbox 580 969 720 1005; x_wconf 90' lang='lat' dir='ltr'>actione</span> <span class='ocrx_word' id='word_1_81' title='bbox 745 969 782 1004; x_wconf 90' lang='lat' dir='ltr'>in</span> <span class='ocrx_word' id='word_1_82' title='bbox 800 969 991 1017; x_wconf 82' lang='lat' dir='ltr'>magistros</span> <span class='ocrx_word' id='word_1_83' title='bbox 1009 973 1041 1005; x_wconf 89' lang='lat' dir='ltr'>et</span> <span class='ocrx_word' id='word_1_84' title='bbox 1058 970 1240 1006; x_wconf 77' lang='lat' dir='ltr'>scholares</span> <span class='ocrx_word' id='word_1_85' title='bbox 1258 970 1424 1015; x_wconf 85' lang='lat' dir='ltr'>exercita,</span> <span class='ocrx_word' id='word_1_86' title='bbox 1445 975 1482 1006; x_wconf 91' lang='lat' dir='ltr'>ut</span> <span class='ocrx_word' id='word_1_87' title='bbox 1499 983 1607 1018; x_wconf 89' lang='lat' dir='ltr'>supra</span> <span class='ocrx_word' id='word_1_88' title='bbox 1623 971 1961 1016; x_wconf 89' lang='lat' dir='ltr'>demonstravimus,</span> <span class='ocrx_word' id='word_1_89' title='bbox 1978 966 2108 1008; x_wconf 89' lang='lat' dir='ltr'>deinde</span> 
     </span>
     <span class='ocr_line' id='line_1_10' title="bbox 219 1040 2109 1092; baseline 0.001 -14"><span class='ocrx_word' id='word_1_90' title='bbox 219 1042 257 1078; x_wconf 89' lang='lat' dir='ltr'>in</span> <span class='ocrx_word' id='word_1_91' title='bbox 272 1041 514 1078; x_wconf 83' lang='lat' dir='ltr'>aemulatione</span> <span class='ocrx_word' id='word_1_92' title='bbox 533 1044 616 1076; x_wconf 89' lang='lat' dir='ltr'>nata</span> <span class='ocrx_word' id='word_1_93' title='bbox 630 1053 712 1077; x_wconf 89' lang='lat' dir='ltr'>cum</span> <span class='ocrx_word' id='word_1_94' title='bbox 727 1040 867 1086; x_wconf 84' lang='lat' dir='ltr'>abbate,</span> <span class='ocrx_word' id='word_1_95' title='bbox 883 1044 1007 1088; x_wconf 88' lang='lat' dir='ltr'>postea</span> <span class='ocrx_word' id='word_1_96' title='bbox 1023 1053 1104 1077; x_wconf 92' lang='lat' dir='ltr'>cum</span> <span class='ocrx_word' id='word_1_97' title='bbox 1121 1042 1343 1078; x_wconf 86' lang='lat' dir='ltr'>Cancellario</span> <span class='ocrx_word' id='word_1_98' title='bbox 1354 1043 1389 1078; x_wconf 89' lang='lat' dir='ltr'>S.</span> <span class='ocrx_word' id='word_1_99' title='bbox 1407 1043 1618 1086; x_wconf 85' lang='lat' dir='ltr'>Genovefae,</span> <span class='ocrx_word' id='word_1_100' title='bbox 1633 1043 1789 1091; x_wconf 89' lang='lat' dir='ltr'>denique</span> <span class='ocrx_word' id='word_1_101' title='bbox 1802 1048 2008 1092; x_wconf 83' lang='lat' dir='ltr'>emergente</span> <span class='ocrx_word' id='word_1_102' title='bbox 2024 1046 2109 1080; x_wconf 84' lang='lat' dir='ltr'>Rec-</span> 
     </span>
     <span class='ocr_line' id='line_1_11' title="bbox 222 1111 2106 1160; baseline 0.001 -11"><span class='ocrx_word' id='word_1_103' title='bbox 222 1113 308 1150; x_wconf 87' lang='lat' dir='ltr'>toris</span> <span class='ocrx_word' id='word_1_104' title='bbox 318 1113 546 1156; x_wconf 87' lang='lat' dir='ltr'>auctoritate,</span> <span class='ocrx_word' id='word_1_105' title='bbox 564 1116 601 1148; x_wconf 89' lang='lat' dir='ltr'>ut</span> <span class='ocrx_word' id='word_1_106' title='bbox 614 1111 712 1148; x_wconf 86' lang='lat' dir='ltr'>brevi</span> <span class='ocrx_word' id='word_1_107' title='bbox 723 1124 959 1160; x_wconf 85' lang='lat' dir='ltr'>exponemus.</span> <span class='ocrx_word' id='word_1_108' title='bbox 975 1112 1218 1149; x_wconf 88' lang='lat' dir='ltr'>Nihilominus</span> <span class='ocrx_word' id='word_1_109' title='bbox 1234 1117 1353 1150; x_wconf 89' lang='lat' dir='ltr'>tamen</span> <span class='ocrx_word' id='word_1_110' title='bbox 1371 1114 1609 1151; x_wconf 89' lang='lat' dir='ltr'>saeculoXlll</span> <span class='ocrx_word' id='word_1_111' title='bbox 1625 1115 1867 1151; x_wconf 86' lang='lat' dir='ltr'>Cancellarius</span> <span class='ocrx_word' id='word_1_112' title='bbox 1885 1115 2106 1160; x_wconf 82' lang='lat' dir='ltr'>Parisiensis,</span> 
     </span>
     <span class='ocr_line' id='line_1_12' title="bbox 222 1184 2109 1233; baseline 0.001 -12"><span class='ocrx_word' id='word_1_113' title='bbox 222 1189 261 1221; x_wconf 90' lang='lat' dir='ltr'>ut</span> <span class='ocrx_word' id='word_1_114' title='bbox 285 1196 391 1221; x_wconf 88' lang='lat' dir='ltr'>nemo</span> <span class='ocrx_word' id='word_1_115' title='bbox 414 1184 518 1228; x_wconf 88' lang='lat' dir='ltr'>alius,</span> <span class='ocrx_word' id='word_1_116' title='bbox 550 1184 585 1219; x_wconf 91' lang='lat' dir='ltr'>in</span> <span class='ocrx_word' id='word_1_117' title='bbox 620 1184 852 1220; x_wconf 82' lang='lat' dir='ltr'>Universitate</span> <span class='ocrx_word' id='word_1_118' title='bbox 880 1184 1069 1220; x_wconf 86' lang='lat' dir='ltr'>Parisiensi</span> <span class='ocrx_word' id='word_1_119' title='bbox 1091 1197 1275 1220; x_wconf 87' lang='lat' dir='ltr'>summum</span> <span class='ocrx_word' id='word_1_120' title='bbox 1303 1186 1496 1233; x_wconf 87' lang='lat' dir='ltr'>imperium</span> <span class='ocrx_word' id='word_1_121' title='bbox 1522 1186 1681 1222; x_wconf 85' lang='lat' dir='ltr'>retinuit.</span> <span class='ocrx_word' id='word_1_122' title='bbox 1706 1189 1810 1223; x_wconf 81' lang='lat' dir='ltr'>Anno</span> <span class='ocrx_word' id='word_1_123' title='bbox 1835 1190 1927 1224; x_wconf 77' lang='grc'>1234</span> <span class='ocrx_word' id='word_1_124' title='bbox 1952 1188 2109 1224; x_wconf 87' lang='lat' dir='ltr'>decanus</span> 
     </span>
     <span class='ocr_line' id='line_1_13' title="bbox 222 1255 2111 1306; baseline 0.001 -13"><span class='ocrx_word' id='word_1_125' title='bbox 222 1256 393 1293; x_wconf 86' lang='lat' dir='ltr'>ecclesiae</span> <span class='ocrx_word' id='word_1_126' title='bbox 415 1256 622 1292; x_wconf 85' lang='lat' dir='ltr'>Parisiensis</span> <span class='ocrx_word' id='word_1_127' title='bbox 644 1256 681 1291; x_wconf 94' lang='lat' dir='ltr'>in</span> <span class='ocrx_word' id='word_1_128' title='bbox 701 1255 856 1303; x_wconf 83' lang='lat' dir='ltr'>quadam</span> <span class='ocrx_word' id='word_1_129' title='bbox 878 1267 984 1292; x_wconf 84' lang='lat' dir='ltr'>causa</span> <span class='ocrx_word' id='word_1_130' title='bbox 1005 1260 1130 1292; x_wconf 87' lang='lat' dir='ltr'>contra</span> <span class='ocrx_word' id='word_1_131' title='bbox 1152 1257 1415 1293; x_wconf 87' lang='lat' dir='ltr'>Cancellarium</span> <span class='ocrx_word' id='word_1_132' title='bbox 1439 1258 1548 1293; x_wconf 84' lang='lat' dir='ltr'>Paris.</span> <span class='ocrx_word' id='word_1_133' title='bbox 1579 1258 1670 1295; x_wconf 90' lang='lat' dir='ltr'>duos</span> <span class='ocrx_word' id='word_1_134' title='bbox 1688 1258 1830 1306; x_wconf 91' lang='lat' dir='ltr'>judices</span> <span class='ocrx_word' id='word_1_135' title='bbox 1850 1274 1866 1291; x_wconf 90' lang='lat'>«</span> <span class='ocrx_word' id='word_1_136' title='bbox 1891 1259 2046 1296; x_wconf 83' lang='lat' dir='ltr'>habebat</span> <span class='ocrx_word' id='word_1_137' title='bbox 2070 1271 2111 1296; x_wconf 90' lang='lat' dir='ltr'>ea</span> 
     </span>
     <span class='ocr_line' id='line_1_14' title="bbox 224 1327 2108 1378; baseline 0.002 -15"><span class='ocrx_word' id='word_1_138' title='bbox 224 1327 358 1364; x_wconf 87' lang='lat' dir='ltr'>ratione</span> <span class='ocrx_word' id='word_1_139' title='bbox 376 1330 574 1375; x_wconf 88' lang='lat' dir='ltr'>suspectos,</span> <span class='ocrx_word' id='word_1_140' title='bbox 603 1327 701 1374; x_wconf 90' lang='lat' dir='ltr'>quod</span> <span class='ocrx_word' id='word_1_141' title='bbox 721 1339 803 1363; x_wconf 90' lang='lat' dir='ltr'>eum</span> <span class='ocrx_word' id='word_1_142' title='bbox 823 1327 1037 1363; x_wconf 79' lang='lat' dir='ltr'>parisienses</span> <span class='ocrx_word' id='word_1_143' title='bbox 1062 1328 1216 1364; x_wconf 84' lang='lat' dir='ltr'>scolares</span> <span class='ocrx_word' id='word_1_144' title='bbox 1238 1330 1446 1372; x_wconf 85' lang='lat' dir='ltr'>existerent,</span> <span class='ocrx_word' id='word_1_145' title='bbox 1474 1330 1611 1366; x_wconf 88' lang='lat' dir='ltr'>ratione</span> <span class='ocrx_word' id='word_1_146' title='bbox 1630 1330 1891 1378; x_wconf 86' lang='lat' dir='ltr'>jurisdictionis</span> <span class='ocrx_word' id='word_1_147' title='bbox 1913 1331 2108 1375; x_wconf 85' lang='lat' dir='ltr'>ordinarie,</span> 
     </span>
     <span class='ocr_line' id='line_1_15' title="bbox 223 1398 2112 1450; baseline 0.002 -15"><span class='ocrx_word' id='word_1_148' title='bbox 223 1410 331 1447; x_wconf 86' lang='lat' dir='ltr'>quam</span> <span class='ocrx_word' id='word_1_149' title='bbox 346 1398 484 1435; x_wconf 86' lang='lat' dir='ltr'>obtinet</span> <span class='ocrx_word' id='word_1_150' title='bbox 501 1398 540 1434; x_wconf 94' lang='lat' dir='ltr'>in</span> <span class='ocrx_word' id='word_1_151' title='bbox 556 1398 706 1440; x_wconf 87' lang='lat' dir='ltr'>eisdem,</span> <span class='ocrx_word' id='word_1_152' title='bbox 723 1398 873 1446; x_wconf 84' lang='lat' dir='ltr'>subjecti</span> <span class='ocrx_word' id='word_1_153' title='bbox 885 1402 987 1435; x_wconf 87' lang='lat' dir='ltr'>erant</span> <span class='ocrx_word' id='word_1_154' title='bbox 1001 1399 1224 1435; x_wconf 88' lang='lat' dir='ltr'>Cancellario</span> <span class='ocrx_word' id='word_1_155' title='bbox 1240 1404 1467 1436; x_wconf 86' lang='lat' dir='ltr'>memorato»</span> <span class='ocrx_word' id='word_1_156' title='bbox 1486 1400 1586 1448; x_wconf 77' lang='lat' dir='ltr'>(Vid.</span> <span class='ocrx_word' id='word_1_157' title='bbox 1606 1407 1643 1436; x_wconf 84' lang='lat' dir='ltr'>n⁰</span> <span class='ocrx_word' id='word_1_158' title='bbox 1661 1404 1745 1443; x_wconf 85' lang='lat'>105,</span> <span class='ocrx_word' id='word_1_159' title='bbox 1761 1414 1798 1449; x_wconf 90' lang='lat' dir='ltr'>p.</span> <span class='ocrx_word' id='word_1_160' title='bbox 1825 1403 1926 1450; x_wconf 85' lang='lat'>156).</span> <span class='ocrx_word' id='word_1_161' title='bbox 1946 1402 2112 1450; x_wconf 84' lang='lat' dir='ltr'>Magister</span> 
     </span>
     <span class='ocr_line' id='line_1_16' title="bbox 221 1469 2109 1521; baseline 0.002 -16"><span class='ocrx_word' id='word_1_162' title='bbox 221 1470 363 1506; x_wconf 86' lang='lat' dir='ltr'>Artium</span> <span class='ocrx_word' id='word_1_163' title='bbox 373 1470 555 1506; x_wconf 69' lang='lat' dir='ltr'>,Iohannes</span> <span class='ocrx_word' id='word_1_164' title='bbox 571 1470 616 1506; x_wconf 89' lang='lat' dir='ltr'>de</span> <span class='ocrx_word' id='word_1_165' title='bbox 638 1469 826 1506; x_wconf 85' lang='lat' dir='ltr'>Garlandia</span> <span class='ocrx_word' id='word_1_166' title='bbox 842 1470 935 1506; x_wconf 86' lang='lat' dir='ltr'>circa</span> <span class='ocrx_word' id='word_1_167' title='bbox 950 1470 1112 1506; x_wconf 91' lang='lat' dir='ltr'>medium</span> <span class='ocrx_word' id='word_1_168' title='bbox 1133 1471 1315 1507; x_wconf 86' lang='lat' dir='ltr'>saeculum</span> <span class='ocrx_word' id='word_1_169' title='bbox 1334 1471 1378 1507; x_wconf 89' lang='lat' dir='ltr'>de</span> <span class='ocrx_word' id='word_1_170' title='bbox 1400 1472 1624 1508; x_wconf 87' lang='lat' dir='ltr'>Cancellario</span> <span class='ocrx_word' id='word_1_171' title='bbox 1646 1472 1835 1509; x_wconf 85' lang='lat' dir='ltr'>Parisiensi</span> <span class='ocrx_word' id='word_1_172' title='bbox 1859 1473 1909 1509; x_wconf 91' lang='lat' dir='ltr'>sic</span> <span class='ocrx_word' id='word_1_173' title='bbox 1924 1473 2084 1521; x_wconf 88' lang='lat' dir='ltr'>loquitur</span> <span class='ocrx_word' id='word_1_174' title='bbox 2102 1486 2109 1510; x_wconf 92' lang='lat'><strong>:</strong></span> 
     </span>
     <span class='ocr_line' id='line_1_17' title="bbox 231 1541 2112 1592; baseline 0.002 -14"><span class='ocrx_word' id='word_1_175' title='bbox 231 1556 246 1575; x_wconf 91' lang='lat'>«</span> <span class='ocrx_word' id='word_1_176' title='bbox 267 1541 423 1578; x_wconf 85' lang='lat' dir='ltr'>Parisius</span> <span class='ocrx_word' id='word_1_177' title='bbox 447 1541 555 1578; x_wconf 87' lang='lat' dir='ltr'>studii</span> <span class='ocrx_word' id='word_1_178' title='bbox 578 1541 731 1578; x_wconf 88' lang='lat' dir='ltr'>directas</span> <span class='ocrx_word' id='word_1_179' title='bbox 757 1541 855 1578; x_wconf 89' lang='lat' dir='ltr'>ducit</span> <span class='ocrx_word' id='word_1_180' title='bbox 875 1541 1070 1578; x_wconf 83' lang='lat' dir='ltr'>habenas&#39;.</span> <span class='ocrx_word' id='word_1_181' title='bbox 1096 1558 1110 1575; x_wconf 90' lang='lat'>»</span> <span class='ocrx_word' id='word_1_182' title='bbox 1139 1543 1296 1579; x_wconf 89' lang='lat' dir='ltr'>Eandem</span> <span class='ocrx_word' id='word_1_183' title='bbox 1325 1543 1401 1580; x_wconf 85' lang='lat' dir='ltr'>fere</span> <span class='ocrx_word' id='word_1_184' title='bbox 1423 1544 1643 1580; x_wconf 88' lang='lat' dir='ltr'>locutionem</span> <span class='ocrx_word' id='word_1_185' title='bbox 1668 1544 1727 1580; x_wconf 91' lang='lat' dir='ltr'>hic</span> <span class='ocrx_word' id='word_1_186' title='bbox 1747 1548 1915 1581; x_wconf 91' lang='lat' dir='ltr'>notemus</span> <span class='ocrx_word' id='word_1_187' title='bbox 1936 1557 2043 1592; x_wconf 89' lang='lat' dir='ltr'>quam</span> <span class='ocrx_word' id='word_1_188' title='bbox 2069 1545 2112 1581; x_wconf 90' lang='lat' dir='ltr'>de</span> 
     </span>
     <span class='ocr_line' id='line_1_18' title="bbox 191 1612 2112 1664; baseline 0.002 -15"><span class='ocrx_word' id='word_1_189' title='bbox 191 1655 196 1658; x_wconf 20' lang='grc' dir='ltr'><strong><em>Δ</em></strong></span> <span class='ocrx_word' id='word_1_190' title='bbox 224 1612 437 1651; x_wconf 85' lang='lat' dir='ltr'>scholastico</span> <span class='ocrx_word' id='word_1_191' title='bbox 460 1613 712 1649; x_wconf 87' lang='lat' dir='ltr'>Aurelianensi</span> <span class='ocrx_word' id='word_1_192' title='bbox 737 1625 833 1649; x_wconf 90' lang='lat' dir='ltr'>anno</span> <span class='ocrx_word' id='word_1_193' title='bbox 860 1616 948 1651; x_wconf 89' lang='lat'>1301</span> <span class='ocrx_word' id='word_1_194' title='bbox 979 1613 1172 1651; x_wconf 86' lang='lat' dir='ltr'>adhibebat</span> <span class='ocrx_word' id='word_1_195' title='bbox 1198 1614 1362 1662; x_wconf 78' lang='lat' dir='ltr'>pontifex</span> <span class='ocrx_word' id='word_1_196' title='bbox 1389 1615 1589 1652; x_wconf 81' lang='lat' dir='ltr'>Bonifatius</span> <span class='ocrx_word' id='word_1_197' title='bbox 1611 1617 1695 1653; x_wconf 88' lang='lat' dir='ltr'>V111</span> <span class='ocrx_word' id='word_1_198' title='bbox 1724 1629 1731 1652; x_wconf 90' lang='lat'>:</span> <span class='ocrx_word' id='word_1_199' title='bbox 1757 1631 1772 1648; x_wconf 88' lang='lat'>«</span> <span class='ocrx_word' id='word_1_200' title='bbox 1795 1616 1847 1652; x_wconf 87' lang='lat' dir='ltr'>Ad</span> <span class='ocrx_word' id='word_1_201' title='bbox 1875 1628 1982 1664; x_wconf 91' lang='lat' dir='ltr'>quem</span> <span class='ocrx_word' id='word_1_202' title='bbox 2004 1617 2112 1653; x_wconf 84' lang='lat' dir='ltr'>studii</span> 
     </span>
     <span class='ocr_line' id='line_1_19' title="bbox 224 1684 2114 1735; baseline 0.002 -14"><span class='ocrx_word' id='word_1_203' title='bbox 224 1684 435 1734; x_wconf 85' lang='lat' dir='ltr'>gubernatio</span> <span class='ocrx_word' id='word_1_204' title='bbox 449 1688 483 1721; x_wconf 92' lang='lat' dir='ltr'>et</span> <span class='ocrx_word' id='word_1_205' title='bbox 499 1684 731 1734; x_wconf 85' lang='lat' dir='ltr'>dispositio...</span> <span class='ocrx_word' id='word_1_206' title='bbox 756 1685 943 1733; x_wconf 79' lang='lat' dir='ltr'>pertinet2.</span> <span class='ocrx_word' id='word_1_207' title='bbox 962 1701 976 1719; x_wconf 92' lang='lat'>»</span> <span class='ocrx_word' id='word_1_208' title='bbox 997 1686 1112 1722; x_wconf 87' lang='lat' dir='ltr'>Etiam</span> <span class='ocrx_word' id='word_1_209' title='bbox 1133 1698 1228 1723; x_wconf 86' lang='lat' dir='ltr'>anno</span> <span class='ocrx_word' id='word_1_210' title='bbox 1249 1689 1344 1723; x_wconf 84' lang='grc'>1283</span> <span class='ocrx_word' id='word_1_211' title='bbox 1356 1687 1499 1723; x_wconf 87' lang='lat' dir='ltr'>tametsi</span> <span class='ocrx_word' id='word_1_212' title='bbox 1514 1687 1711 1735; x_wconf 87' lang='lat' dir='ltr'>plurimum</span> <span class='ocrx_word' id='word_1_213' title='bbox 1727 1690 1855 1724; x_wconf 88' lang='lat' dir='ltr'>Rector</span> <span class='ocrx_word' id='word_1_214' title='bbox 1871 1688 2114 1725; x_wconf 85' lang='lat' dir='ltr'>Universitatis</span> 
     </span>
     <span class='ocr_line' id='line_1_20' title="bbox 226 1757 2115 1807; baseline 0.002 -14"><span class='ocrx_word' id='word_1_215' title='bbox 226 1760 436 1805; x_wconf 89' lang='lat' dir='ltr'>potestatem</span> <span class='ocrx_word' id='word_1_216' title='bbox 457 1768 556 1792; x_wconf 89' lang='lat' dir='ltr'>suam</span> <span class='ocrx_word' id='word_1_217' title='bbox 578 1760 739 1799; x_wconf 86' lang='lat' dir='ltr'>auxerat,</span> <span class='ocrx_word' id='word_1_218' title='bbox 757 1757 1000 1793; x_wconf 85' lang='lat' dir='ltr'>Cancellarius</span> <span class='ocrx_word' id='word_1_219' title='bbox 1016 1757 1224 1794; x_wconf 88' lang='lat' dir='ltr'>Parisiensis</span> <span class='ocrx_word' id='word_1_220' title='bbox 1241 1771 1278 1794; x_wconf 94' lang='lat' dir='ltr'>se</span> <span class='ocrx_word' id='word_1_221' title='bbox 1293 1762 1399 1807; x_wconf 86' lang='lat' dir='ltr'>caput</span> <span class='ocrx_word' id='word_1_222' title='bbox 1415 1759 1658 1796; x_wconf 85' lang='lat' dir='ltr'>Universitatis</span> <span class='ocrx_word' id='word_1_223' title='bbox 1674 1772 1753 1796; x_wconf 87' lang='grc'>0550</span> <span class='ocrx_word' id='word_1_224' title='bbox 1770 1760 2025 1803; x_wconf 82' lang='lat' dir='ltr'>contendebat,</span> <span class='ocrx_word' id='word_1_225' title='bbox 2048 1775 2062 1793; x_wconf 90' lang='lat'>«</span> <span class='ocrx_word' id='word_1_226' title='bbox 2078 1760 2115 1796; x_wconf 93' lang='lat' dir='ltr'>in</span> 
     </span>
     <span class='ocr_line' id='line_1_21' title="bbox 227 1828 2112 1882; baseline 0.002 -18"><span class='ocrx_word' id='word_1_227' title='bbox 227 1840 334 1876; x_wconf 90' lang='lat' dir='ltr'>quem</span> <span class='ocrx_word' id='word_1_228' title='bbox 355 1828 431 1876; x_wconf 89' lang='lat' dir='ltr'>ipsa</span> <span class='ocrx_word' id='word_1_229' title='bbox 455 1832 667 1877; x_wconf 89' lang='lat' dir='ltr'>potestatem</span> <span class='ocrx_word' id='word_1_230' title='bbox 690 1841 762 1865; x_wconf 90' lang='lat' dir='ltr'>non</span> <span class='ocrx_word' id='word_1_231' title='bbox 791 1829 937 1866; x_wconf 87' lang='lat' dir='ltr'>haberet</span> <span class='ocrx_word' id='word_1_232' title='bbox 957 1829 1049 1866; x_wconf 89' lang='lat' dir='ltr'>sicut</span> <span class='ocrx_word' id='word_1_233' title='bbox 1072 1842 1140 1866; x_wconf 89' lang='lat' dir='ltr'>nec</span> <span class='ocrx_word' id='word_1_234' title='bbox 1164 1830 1316 1867; x_wconf 86' lang='lat' dir='ltr'>inferior</span> <span class='ocrx_word' id='word_1_235' title='bbox 1337 1830 1373 1866; x_wconf 92' lang='lat' dir='ltr'>in</span> <span class='ocrx_word' id='word_1_236' title='bbox 1393 1831 1612 1879; x_wconf 87' lang='lat' dir='ltr'>superiorem</span> <span class='ocrx_word' id='word_1_237' title='bbox 1628 1847 1642 1865; x_wconf 84' lang='lat'>»</span> <span class='ocrx_word' id='word_1_238' title='bbox 1665 1831 1763 1875; x_wconf 66' lang='lat' dir='ltr'>(Vici.</span> <span class='ocrx_word' id='word_1_239' title='bbox 1791 1839 1829 1868; x_wconf 87' lang='lat' dir='ltr'>n⁰</span> <span class='ocrx_word' id='word_1_240' title='bbox 1846 1835 1931 1876; x_wconf 86' lang='lat'>515,</span> <span class='ocrx_word' id='word_1_241' title='bbox 1950 1845 1985 1880; x_wconf 93' lang='lat' dir='ltr'>p.</span> <span class='ocrx_word' id='word_1_242' title='bbox 2012 1833 2112 1882; x_wconf 88' lang='lat'>718).</span> 
     </span>
     <span class='ocr_line' id='line_1_22' title="bbox 228 1900 2116 1952; baseline 0.003 -16"><span class='ocrx_word' id='word_1_243' title='bbox 228 1901 440 1948; x_wconf 88' lang='lat' dir='ltr'>Quanquam</span> <span class='ocrx_word' id='word_1_244' title='bbox 461 1904 672 1948; x_wconf 87' lang='lat' dir='ltr'>procurator</span> <span class='ocrx_word' id='word_1_245' title='bbox 691 1900 906 1937; x_wconf 85' lang='lat' dir='ltr'>Artistarum</span> <span class='ocrx_word' id='word_1_246' title='bbox 930 1901 1116 1938; x_wconf 87' lang='lat' dir='ltr'>Johannes</span> <span class='ocrx_word' id='word_1_247' title='bbox 1138 1902 1182 1938; x_wconf 93' lang='lat' dir='ltr'>de</span> <span class='ocrx_word' id='word_1_248' title='bbox 1207 1902 1378 1950; x_wconf 86' lang='lat' dir='ltr'>Malignes</span> <span class='ocrx_word' id='word_1_249' title='bbox 1403 1906 1527 1939; x_wconf 88' lang='lat' dir='ltr'>contra</span> <span class='ocrx_word' id='word_1_250' title='bbox 1546 1903 1645 1939; x_wconf 90' lang='lat' dir='ltr'>nisus</span> <span class='ocrx_word' id='word_1_251' title='bbox 1665 1907 1717 1939; x_wconf 91' lang='lat' dir='ltr'>est</span> <span class='ocrx_word' id='word_1_252' title='bbox 1739 1907 1773 1939; x_wconf 87' lang='lat' dir='ltr'>et</span> <span class='ocrx_word' id='word_1_253' title='bbox 1797 1905 1983 1940; x_wconf 84' lang='lat' dir='ltr'>Rectorem</span> <span class='ocrx_word' id='word_1_254' title='bbox 2010 1908 2116 1952; x_wconf 88' lang='lat' dir='ltr'>caput</span> 
     </span>
     <span class='ocr_line' id='line_1_23' title="bbox 227 1971 2114 2022; baseline 0.003 -15"><span class='ocrx_word' id='word_1_255' title='bbox 227 1983 302 2008; x_wconf 90' lang='lat' dir='ltr'>esse</span> <span class='ocrx_word' id='word_1_256' title='bbox 311 1971 514 2017; x_wconf 83' lang='lat' dir='ltr'>declaravit,</span> <span class='ocrx_word' id='word_1_257' title='bbox 527 1984 692 2008; x_wconf 91' lang='lat' dir='ltr'>summus</span> <span class='ocrx_word' id='word_1_258' title='bbox 703 1972 876 2020; x_wconf 84' lang='lat' dir='ltr'>pontifex,</span> <span class='ocrx_word' id='word_1_259' title='bbox 887 1973 984 2021; x_wconf 85' lang='lat' dir='ltr'>apud</span> <span class='ocrx_word' id='word_1_260' title='bbox 994 1985 1099 2021; x_wconf 87' lang='lat' dir='ltr'>quem</span> <span class='ocrx_word' id='word_1_261' title='bbox 1113 1985 1156 2010; x_wconf 88' lang='lat' dir='ltr'>ea</span> <span class='ocrx_word' id='word_1_262' title='bbox 1166 1985 1274 2010; x_wconf 87' lang='lat' dir='ltr'>causa</span> <span class='ocrx_word' id='word_1_263' title='bbox 1285 1974 1478 2022; x_wconf 90' lang='lat' dir='ltr'>pendebat,</span> <span class='ocrx_word' id='word_1_264' title='bbox 1491 1975 1711 2012; x_wconf 85' lang='lat' dir='ltr'>Cancellario</span> <span class='ocrx_word' id='word_1_265' title='bbox 1724 1975 1914 2012; x_wconf 88' lang='lat' dir='ltr'>Parisiensi</span> <span class='ocrx_word' id='word_1_266' title='bbox 1928 1976 2114 2021; x_wconf 84' lang='lat' dir='ltr'>satisfecit,</span> 
     </span>
     <span class='ocr_line' id='line_1_24' title="bbox 229 2043 2117 2093; baseline 0.003 -14"><span class='ocrx_word' id='word_1_267' title='bbox 229 2047 268 2079; x_wconf 89' lang='lat' dir='ltr'>ut</span> <span class='ocrx_word' id='word_1_268' title='bbox 283 2046 380 2092; x_wconf 90' lang='lat' dir='ltr'>patet</span> <span class='ocrx_word' id='word_1_269' title='bbox 398 2056 441 2080; x_wconf 86' lang='lat' dir='ltr'>ex</span> <span class='ocrx_word' id='word_1_270' title='bbox 462 2043 620 2091; x_wconf 87' lang='lat' dir='ltr'>epistolis</span> <span class='ocrx_word' id='word_1_271' title='bbox 642 2056 696 2080; x_wconf 90' lang='lat' dir='ltr'>an.</span> <span class='ocrx_word' id='word_1_272' title='bbox 722 2047 815 2081; x_wconf 78' lang='grc'>1284</span> <span class='ocrx_word' id='word_1_273' title='bbox 840 2048 875 2081; x_wconf 89' lang='lat' dir='ltr'>et</span> <span class='ocrx_word' id='word_1_274' title='bbox 903 2048 994 2082; x_wconf 90' lang='grc'>1286</span> <span class='ocrx_word' id='word_1_275' title='bbox 1017 2045 1113 2093; x_wconf 74' lang='lat' dir='ltr'>(Vz&#39;d.</span> <span class='ocrx_word' id='word_1_276' title='bbox 1140 2046 1185 2082; x_wconf 75' lang='lat' dir='ltr'>n¹⁵</span> <span class='ocrx_word' id='word_1_277' title='bbox 1210 2049 1296 2089; x_wconf 86' lang='lat'>516,</span> <span class='ocrx_word' id='word_1_278' title='bbox 1315 2049 1407 2090; x_wconf 91' lang='grc'>528).</span> <span class='ocrx_word' id='word_1_279' title='bbox 1430 2047 1654 2084; x_wconf 85' lang='lat' dir='ltr'>Cancellario</span> <span class='ocrx_word' id='word_1_280' title='bbox 1672 2047 1862 2083; x_wconf 89' lang='lat' dir='ltr'>Parisiensi</span> <span class='ocrx_word' id='word_1_281' title='bbox 1884 2048 1953 2084; x_wconf 93' lang='lat' dir='ltr'>hoc</span> <span class='ocrx_word' id='word_1_282' title='bbox 1974 2048 2117 2085; x_wconf 86' lang='lat' dir='ltr'>saeculo</span> 
     </span>
     <span class='ocr_line' id='line_1_25' title="bbox 229 2115 2118 2165; baseline 0.003 -15"><span class='ocrx_word' id='word_1_283' title='bbox 229 2115 401 2151; x_wconf 86' lang='lat' dir='ltr'>maximas</span> <span class='ocrx_word' id='word_1_284' title='bbox 416 2119 536 2163; x_wconf 89' lang='lat' dir='ltr'>partes</span> <span class='ocrx_word' id='word_1_285' title='bbox 555 2115 592 2151; x_wconf 89' lang='grc'>111</span> <span class='ocrx_word' id='word_1_286' title='bbox 610 2116 847 2152; x_wconf 82' lang='lat' dir='ltr'>Universitate</span> <span class='ocrx_word' id='word_1_287' title='bbox 866 2116 1016 2153; x_wconf 88' lang='lat' dir='ltr'>tributas</span> <span class='ocrx_word' id='word_1_288' title='bbox 1042 2129 1122 2154; x_wconf 90' lang='lat' dir='ltr'>esse</span> <span class='ocrx_word' id='word_1_289' title='bbox 1148 2129 1190 2154; x_wconf 94' lang='grc'>00</span> <span class='ocrx_word' id='word_1_290' title='bbox 1215 2117 1311 2165; x_wconf 88' lang='lat' dir='ltr'>quod</span> <span class='ocrx_word' id='word_1_291' title='bbox 1332 2118 1577 2155; x_wconf 88' lang='lat' dir='ltr'>Cancellarius</span> <span class='ocrx_word' id='word_1_292' title='bbox 1594 2119 1769 2155; x_wconf 88' lang='lat' dir='ltr'>ecelesiae</span> <span class='ocrx_word' id='word_1_293' title='bbox 1792 2119 2002 2156; x_wconf 89' lang='lat' dir='ltr'>Parisiensis</span> <span class='ocrx_word' id='word_1_294' title='bbox 2024 2123 2118 2156; x_wconf 90' lang='lat' dir='ltr'>esset</span> 
     </span>
     <span class='ocr_line' id='line_1_26' title="bbox 231 2186 2116 2238; baseline 0.003 -16"><span class='ocrx_word' id='word_1_295' title='bbox 231 2189 338 2234; x_wconf 87' lang='lat' dir='ltr'>atque</span> <span class='ocrx_word' id='word_1_296' title='bbox 363 2186 401 2222; x_wconf 93' lang='lat' dir='ltr'>in</span> <span class='ocrx_word' id='word_1_297' title='bbox 420 2187 541 2223; x_wconf 90' lang='lat' dir='ltr'>Insula</span> <span class='ocrx_word' id='word_1_298' title='bbox 555 2187 622 2223; x_wconf 91' lang='lat' dir='ltr'>sub</span> <span class='ocrx_word' id='word_1_299' title='bbox 646 2187 987 2236; x_wconf 87' lang='lat' dir='ltr'>ejusjurisdictione</span> <span class='ocrx_word' id='word_1_300' title='bbox 1006 2188 1223 2225; x_wconf 89' lang='lat' dir='ltr'>Universitas</span> <span class='ocrx_word' id='word_1_301' title='bbox 1246 2189 1399 2226; x_wconf 88' lang='lat' dir='ltr'>formata</span> <span class='ocrx_word' id='word_1_302' title='bbox 1425 2189 1527 2232; x_wconf 89' lang='lat' dir='ltr'>foret,</span> <span class='ocrx_word' id='word_1_303' title='bbox 1555 2191 1845 2238; x_wconf 85' lang='lat' dir='ltr'>agnoscendum;</span> <span class='ocrx_word' id='word_1_304' title='bbox 1869 2190 1961 2227; x_wconf 91' lang='lat' dir='ltr'>nihil</span> <span class='ocrx_word' id='word_1_305' title='bbox 1983 2192 2116 2227; x_wconf 89' lang='lat' dir='ltr'>mirum</span> 
     </span>
     <span class='ocr_line' id='line_1_27' title="bbox 231 2257 2120 2310; baseline 0.003 -17"><span class='ocrx_word' id='word_1_306' title='bbox 231 2257 327 2304; x_wconf 89' lang='lat' dir='ltr'>quod</span> <span class='ocrx_word' id='word_1_307' title='bbox 344 2257 491 2294; x_wconf 88' lang='lat' dir='ltr'>nomina</span> <span class='ocrx_word' id='word_1_308' title='bbox 506 2258 682 2303; x_wconf 89' lang='lat' dir='ltr'>omnium,</span> <span class='ocrx_word' id='word_1_309' title='bbox 708 2259 801 2295; x_wconf 88' lang='lat' dir='ltr'>inter</span> <span class='ocrx_word' id='word_1_310' title='bbox 821 2271 910 2307; x_wconf 88' lang='lat' dir='ltr'>quos</span> <span class='ocrx_word' id='word_1_311' title='bbox 928 2260 1151 2296; x_wconf 85' lang='lat' dir='ltr'>celeberrimi</span> <span class='ocrx_word' id='word_1_312' title='bbox 1172 2265 1424 2304; x_wconf 75' lang='lat' dir='ltr'>numerantur,</span> <span class='ocrx_word' id='word_1_313' title='bbox 1446 2261 1490 2297; x_wconf 81' lang='lat' dir='ltr'>ad</span> <span class='ocrx_word' id='word_1_314' title='bbox 1508 2273 1572 2298; x_wconf 89' lang='lat' dir='ltr'>nos</span> <span class='ocrx_word' id='word_1_315' title='bbox 1592 2266 1844 2310; x_wconf 85' lang='lat' dir='ltr'>pervenerunt,</span> <span class='ocrx_word' id='word_1_316' title='bbox 1862 2275 1944 2298; x_wconf 89' lang='lat' dir='ltr'>cum</span> <span class='ocrx_word' id='word_1_317' title='bbox 1966 2263 2120 2300; x_wconf 87' lang='lat' dir='ltr'>Cancel—</span> 
     </span>
    </p>
   </div>
   <div class='ocr_carea' id='block_1_6' title="bbox 231 2328 2119 2448">
    <p class='ocr_par' dir='ltr' id='par_1_6' title="bbox 231 2328 2119 2448">
     <span class='ocr_line' id='line_1_28' title="bbox 231 2328 2119 2382; baseline 0.003 -18"><span class='ocrx_word' id='word_1_318' title='bbox 231 2328 309 2364; x_wconf 89' lang='lat' dir='ltr'>larii</span> <span class='ocrx_word' id='word_1_319' title='bbox 324 2330 360 2365; x_wconf 92' lang='lat' dir='ltr'>S.</span> <span class='ocrx_word' id='word_1_320' title='bbox 377 2329 588 2373; x_wconf 85' lang='lat' dir='ltr'>Genovefae,</span> <span class='ocrx_word' id='word_1_321' title='bbox 606 2342 759 2377; x_wconf 90' lang='lat' dir='ltr'>quorum</span> <span class='ocrx_word' id='word_1_322' title='bbox 775 2330 949 2367; x_wconf 90' lang='lat' dir='ltr'>institutio</span> <span class='ocrx_word' id='word_1_323' title='bbox 965 2332 1140 2379; x_wconf 88' lang='lat' dir='ltr'>posterior</span> <span class='ocrx_word' id='word_1_324' title='bbox 1155 2331 1232 2375; x_wconf 88' lang='lat' dir='ltr'>fuit,</span> <span class='ocrx_word' id='word_1_325' title='bbox 1247 2336 1284 2368; x_wconf 93' lang='lat' dir='ltr'>ut</span> <span class='ocrx_word' id='word_1_326' title='bbox 1299 2332 1488 2369; x_wconf 85' lang='lat' dir='ltr'>occasione</span> <span class='ocrx_word' id='word_1_327' title='bbox 1506 2337 1643 2369; x_wconf 87' lang='lat' dir='ltr'>tantum</span> <span class='ocrx_word' id='word_1_328' title='bbox 1662 2334 1756 2377; x_wconf 85' lang='lat' dir='ltr'>data,</span> <span class='ocrx_word' id='word_1_329' title='bbox 1775 2333 1829 2369; x_wconf 85' lang='lat' dir='ltr'>vix</span> <span class='ocrx_word' id='word_1_330' title='bbox 1842 2333 1911 2369; x_wconf 84' lang='lat' dir='ltr'>rari</span> <span class='ocrx_word' id='word_1_331' title='bbox 1927 2334 1963 2369; x_wconf 90' lang='lat' dir='ltr'>in</span> <span class='ocrx_word' id='word_1_332' title='bbox 1979 2334 2119 2382; x_wconf 88' lang='lat' dir='ltr'>scriptis</span> 
     </span>
     <span class='ocr_line' id='line_1_29' title="bbox 232 2399 459 2448; baseline 0 -12"><span class='ocrx_word' id='word_1_333' title='bbox 232 2399 459 2448; x_wconf 55' lang='lat' dir='ltr'>appareanffl.</span> 
     </span>
    </p>
   </div>
   <div class='ocr_carea' id='block_1_7' title="bbox 231 2508 2123 2992">
    <p class='ocr_par' dir='ltr' id='par_1_7' title="bbox 327 2508 1226 2549">
     <span class='ocr_line' id='line_1_30' title="bbox 327 2508 1226 2549; baseline 0.002 -10"><span class='ocrx_word' id='word_1_334' title='bbox 327 2515 349 2540; x_wconf 90' lang='lat'>1.</span> <span class='ocrx_word' id='word_1_335' title='bbox 367 2517 408 2540; x_wconf 80' lang='lat' dir='ltr'>De</span> <span class='ocrx_word' id='word_1_336' title='bbox 424 2508 567 2547; x_wconf 59' lang='lat' dir='ltr'>mysteriis</span> <span class='ocrx_word' id='word_1_337' title='bbox 584 2516 715 2541; x_wconf 78' lang='lat' dir='ltr'>ecclesiae</span> <span class='ocrx_word' id='word_1_338' title='bbox 729 2516 801 2547; x_wconf 89' lang='lat' dir='ltr'>(Cod.</span> <span class='ocrx_word' id='word_1_339' title='bbox 819 2516 888 2540; x_wconf 86' lang='lat' dir='ltr'>Bibl.</span> <span class='ocrx_word' id='word_1_340' title='bbox 906 2517 1051 2549; x_wconf 82' lang='lat' dir='ltr'>Brugensis</span> <span class='ocrx_word' id='word_1_341' title='bbox 1068 2517 1123 2547; x_wconf 81' lang='lat'>546,</span> <span class='ocrx_word' id='word_1_342' title='bbox 1141 2517 1158 2541; x_wconf 83' lang='lat' dir='ltr'>f.</span> <span class='ocrx_word' id='word_1_343' title='bbox 1177 2518 1226 2549; x_wconf 71' lang='lat'>51).</span> 
     </span>
    </p>

    <p class='ocr_par' dir='ltr' id='par_1_8' title="bbox 326 2560 1126 2594">
     <span class='ocr_line' id='line_1_31' title="bbox 326 2560 1126 2594; baseline 0.003 -10"><span class='ocrx_word' id='word_1_344' title='bbox 326 2560 349 2585; x_wconf 78' lang='lat'>2.</span> <span class='ocrx_word' id='word_1_345' title='bbox 369 2561 475 2592; x_wconf 75' lang='lat' dir='ltr'>Regest.</span> <span class='ocrx_word' id='word_1_346' title='bbox 495 2560 581 2585; x_wconf 75' lang='lat' dir='ltr'>Vatic.</span> <span class='ocrx_word' id='word_1_347' title='bbox 600 2560 685 2585; x_wconf 79' lang='lat' dir='ltr'>Bonis.</span> <span class='ocrx_word' id='word_1_348' title='bbox 704 2560 776 2589; x_wconf 87' lang='lat' dir='ltr'>vm,</span> <span class='ocrx_word' id='word_1_349' title='bbox 794 2569 836 2585; x_wconf 84' lang='lat' dir='ltr'>an.</span> <span class='ocrx_word' id='word_1_350' title='bbox 853 2561 876 2589; x_wconf 84' lang='lat'>7,</span> <span class='ocrx_word' id='word_1_351' title='bbox 896 2562 972 2594; x_wconf 78' lang='lat' dir='ltr'>epist.</span> <span class='ocrx_word' id='word_1_352' title='bbox 990 2562 1029 2590; x_wconf 84' lang='lat'>86,</span> <span class='ocrx_word' id='word_1_353' title='bbox 1049 2562 1071 2586; x_wconf 71' lang='lat'>[⁰</span> <span class='ocrx_word' id='word_1_354' title='bbox 1086 2562 1126 2586; x_wconf 80' lang='lat'>21.</span> 
     </span>
    </p>

    <p class='ocr_par' dir='ltr' id='par_1_9' title="bbox 231 2605 2123 2774">
     <span class='ocr_line' id='line_1_32' title="bbox 326 2605 2118 2642; baseline 0.003 -13"><span class='ocrx_word' id='word_1_355' title='bbox 326 2605 350 2629; x_wconf 91' lang='grc'>3.</span> <span class='ocrx_word' id='word_1_356' title='bbox 368 2605 466 2630; x_wconf 85' lang='lat' dir='ltr'>Seriem</span> <span class='ocrx_word' id='word_1_357' title='bbox 486 2605 705 2629; x_wconf 83' lang='lat' dir='ltr'>Cancellariorum</span> <span class='ocrx_word' id='word_1_358' title='bbox 728 2605 916 2630; x_wconf 76' lang='lat' dir='ltr'>parisiensium</span> <span class='ocrx_word' id='word_1_359' title='bbox 935 2606 1008 2630; x_wconf 88' lang='lat' dir='ltr'>illius</span> <span class='ocrx_word' id='word_1_360' title='bbox 1029 2606 1165 2638; x_wconf 78' lang='lat' dir='ltr'>temporis,</span> <span class='ocrx_word' id='word_1_361' title='bbox 1185 2614 1243 2631; x_wconf 89' lang='lat' dir='ltr'>cum</span> <span class='ocrx_word' id='word_1_362' title='bbox 1264 2607 1342 2639; x_wconf 77' lang='lat' dir='ltr'>vulgo</span> <span class='ocrx_word' id='word_1_363' title='bbox 1362 2607 1429 2632; x_wconf 77' lang='lat' dir='ltr'>male</span> <span class='ocrx_word' id='word_1_364' title='bbox 1449 2609 1510 2632; x_wconf 75' lang='lat' dir='ltr'>nota</span> <span class='ocrx_word' id='word_1_365' title='bbox 1529 2608 1571 2637; x_wconf 77' lang='lat' dir='ltr'>sit,</span> <span class='ocrx_word' id='word_1_366' title='bbox 1591 2608 1754 2633; x_wconf 85' lang='lat' dir='ltr'>describendi</span> <span class='ocrx_word' id='word_1_367' title='bbox 1771 2609 1932 2634; x_wconf 83' lang='lat' dir='ltr'>occasionem</span> <span class='ocrx_word' id='word_1_368' title='bbox 1953 2610 2118 2642; x_wconf 86' lang='lat' dir='ltr'>arripiemus,</span> 
     </span>
     <span class='ocr_line' id='line_1_33' title="bbox 231 2649 2122 2686; baseline 0.003 -13"><span class='ocrx_word' id='word_1_369' title='bbox 231 2649 339 2674; x_wconf 87' lang='lat' dir='ltr'>initium</span> <span class='ocrx_word' id='word_1_370' title='bbox 353 2649 476 2682; x_wconf 85' lang='lat' dir='ltr'>capiendo</span> <span class='ocrx_word' id='word_1_371' title='bbox 490 2649 524 2674; x_wconf 91' lang='lat' dir='ltr'>ab</span> <span class='ocrx_word' id='word_1_372' title='bbox 539 2649 583 2673; x_wconf 88' lang='lat' dir='ltr'>illo</span> <span class='ocrx_word' id='word_1_373' title='bbox 598 2649 644 2682; x_wconf 88' lang='lat' dir='ltr'>qui</span> <span class='ocrx_word' id='word_1_374' title='bbox 660 2650 761 2682; x_wconf 85' lang='lat' dir='ltr'>primus</span> <span class='ocrx_word' id='word_1_375' title='bbox 775 2650 802 2674; x_wconf 93' lang='lat' dir='ltr'>in</span> <span class='ocrx_word' id='word_1_376' title='bbox 817 2652 906 2675; x_wconf 77' lang='lat' dir='ltr'>nostro</span> <span class='ocrx_word' id='word_1_377' title='bbox 921 2651 1087 2675; x_wconf 81' lang='lat' dir='ltr'>Cbartulario</span> <span class='ocrx_word' id='word_1_378' title='bbox 1101 2651 1213 2676; x_wconf 78' lang='lat' dir='ltr'>occurrit</span> <span class='ocrx_word' id='word_1_379' title='bbox 1227 2659 1309 2683; x_wconf 83' lang='lat' dir='ltr'>usque</span> <span class='ocrx_word' id='word_1_380' title='bbox 1323 2651 1355 2676; x_wconf 90' lang='lat' dir='ltr'>ad</span> <span class='ocrx_word' id='word_1_381' title='bbox 1373 2652 1507 2676; x_wconf 80' lang='lat' dir='ltr'>ultimum.</span> <span class='ocrx_word' id='word_1_382' title='bbox 1522 2653 1613 2678; x_wconf 79' lang='lat' dir='ltr'>Manca</span> <span class='ocrx_word' id='word_1_383' title='bbox 1630 2661 1711 2685; x_wconf 86' lang='lat' dir='ltr'>neque</span> <span class='ocrx_word' id='word_1_384' title='bbox 1724 2661 1840 2678; x_wconf 86' lang='lat' dir='ltr'>errorum</span> <span class='ocrx_word' id='word_1_385' title='bbox 1855 2662 1947 2686; x_wconf 83' lang='lat' dir='ltr'>expers</span> <span class='ocrx_word' id='word_1_386' title='bbox 1961 2657 2002 2679; x_wconf 77' lang='lat' dir='ltr'>est</span> <span class='ocrx_word' id='word_1_387' title='bbox 2017 2662 2122 2679; x_wconf 85' lang='lat' dir='ltr'>nomen-</span> 
     </span>
     <span class='ocr_line' id='line_1_34' title="bbox 233 2693 2123 2731; baseline 0.003 -13"><span class='ocrx_word' id='word_1_388' title='bbox 233 2693 334 2718; x_wconf 76' lang='lat' dir='ltr'>clatura</span> <span class='ocrx_word' id='word_1_389' title='bbox 349 2693 417 2727; x_wconf 87' lang='lat' dir='ltr'>apud</span> <span class='ocrx_word' id='word_1_390' title='bbox 437 2694 628 2723; x_wconf 62' lang='grc' dir='ltr'><strong>ΗΕΜΕΒΑΕυΜ,</strong></span> <span class='ocrx_word' id='word_1_391' title='bbox 644 2695 685 2719; x_wconf 83' lang='lat' dir='ltr'>De</span> <span class='ocrx_word' id='word_1_392' title='bbox 703 2695 856 2720; x_wconf 81' lang='lat' dir='ltr'>Academia</span> <span class='ocrx_word' id='word_1_393' title='bbox 869 2695 1039 2729; x_wconf 69' lang='lat' dir='ltr'>Pari-sicusi,</span> <span class='ocrx_word' id='word_1_394' title='bbox 1056 2703 1115 2728; x_wconf 78' lang='lat' dir='ltr'>pag.</span> <span class='ocrx_word' id='word_1_395' title='bbox 1138 2696 1182 2720; x_wconf 80' lang='lat'>105</span> <span class='ocrx_word' id='word_1_396' title='bbox 1197 2703 1265 2729; x_wconf 64' lang='lat' dir='ltr'>sqq„</span> <span class='ocrx_word' id='word_1_397' title='bbox 1284 2696 1353 2721; x_wconf 77' lang='lat' dir='ltr'>sicut</span> <span class='ocrx_word' id='word_1_398' title='bbox 1368 2697 1436 2721; x_wconf 81' lang='lat' dir='ltr'>etin</span> <span class='ocrx_word' id='word_1_399' title='bbox 1456 2697 1580 2729; x_wconf 81' lang='lat' dir='ltr'>Registro</span> <span class='ocrx_word' id='word_1_400' title='bbox 1600 2700 1674 2728; x_wconf 80' lang='lat' dir='ltr'>(saec.</span> <span class='ocrx_word' id='word_1_401' title='bbox 1698 2698 1795 2730; x_wconf 84' lang='lat' dir='ltr'>XVIII)</span> <span class='ocrx_word' id='word_1_402' title='bbox 1810 2699 1892 2723; x_wconf 88' lang='lat' dir='ltr'>Arch.</span> <span class='ocrx_word' id='word_1_403' title='bbox 1912 2700 1984 2728; x_wconf 62' lang='lat' dir='ltr'>Nat„</span> <span class='ocrx_word' id='word_1_404' title='bbox 2003 2699 2045 2724; x_wconf 89' lang='lat' dir='ltr'>LL</span> <span class='ocrx_word' id='word_1_405' title='bbox 2066 2700 2123 2731; x_wconf 74' lang='lat'>189,</span> 
     </span>
     <span class='ocr_line' id='line_1_35' title="bbox 233 2738 1431 2774; baseline 0.003 -11"><span class='ocrx_word' id='word_1_406' title='bbox 233 2738 277 2763; x_wconf 79' lang='lat' dir='ltr'>fol.</span> <span class='ocrx_word' id='word_1_407' title='bbox 292 2738 331 2763; x_wconf 79' lang='lat'>23.</span> <span class='ocrx_word' id='word_1_408' title='bbox 348 2753 378 2757; x_wconf 98' lang='lat'><strong>—</strong></span> <span class='ocrx_word' id='word_1_409' title='bbox 394 2739 530 2764; x_wconf 81' lang='lat' dir='ltr'>Terminus</span> <span class='ocrx_word' id='word_1_410' title='bbox 544 2747 562 2764; x_wconf 88' lang='grc' dir='ltr'><em>α</em></span> <span class='ocrx_word' id='word_1_411' title='bbox 574 2747 630 2771; x_wconf 84' lang='lat' dir='ltr'>quo</span> <span class='ocrx_word' id='word_1_412' title='bbox 642 2741 669 2764; x_wconf 79' lang='lat' dir='ltr'>et</span> <span class='ocrx_word' id='word_1_413' title='bbox 681 2741 719 2764; x_wconf 82' lang='lat' dir='ltr'>ad</span> <span class='ocrx_word' id='word_1_414' title='bbox 730 2747 814 2771; x_wconf 79' lang='lat' dir='ltr'>quem</span> <span class='ocrx_word' id='word_1_415' title='bbox 829 2748 881 2764; x_wconf 88' lang='lat' dir='ltr'>non</span> <span class='ocrx_word' id='word_1_416' title='bbox 897 2748 999 2773; x_wconf 79' lang='lat' dir='ltr'>semper</span> <span class='ocrx_word' id='word_1_417' title='bbox 1013 2748 1059 2773; x_wconf 87' lang='lat' dir='ltr'>pro</span> <span class='ocrx_word' id='word_1_418' title='bbox 1075 2742 1146 2765; x_wconf 80' lang='lat' dir='ltr'>certo</span> <span class='ocrx_word' id='word_1_419' title='bbox 1159 2740 1267 2766; x_wconf 81' lang='lat' dir='ltr'>definire</span> <span class='ocrx_word' id='word_1_420' title='bbox 1282 2749 1431 2774; x_wconf 83' lang='lat' dir='ltr'>possumus.</span> 
     </span>
    </p>

    <p class='ocr_par' dir='ltr' id='par_1_10' title="bbox 328 2783 1154 2817">
     <span class='ocr_line' id='line_1_36' title="bbox 328 2783 1154 2817; baseline 0.004 -10"><span class='ocrx_word' id='word_1_421' title='bbox 328 2783 383 2808; x_wconf 86' lang='lat' dir='ltr'>Odo</span> <span class='ocrx_word' id='word_1_422' title='bbox 399 2783 451 2808; x_wconf 76' lang='lat' dir='ltr'>suit</span> <span class='ocrx_word' id='word_1_423' title='bbox 468 2783 560 2808; x_wconf 78' lang='lat' dir='ltr'>saltem</span> <span class='ocrx_word' id='word_1_424' title='bbox 578 2792 647 2809; x_wconf 82' lang='lat' dir='ltr'>anno</span> <span class='ocrx_word' id='word_1_425' title='bbox 665 2784 726 2809; x_wconf 69' lang='lat'>1161</span> <span class='ocrx_word' id='word_1_426' title='bbox 743 2792 829 2817; x_wconf 86' lang='lat' dir='ltr'>usque</span> <span class='ocrx_word' id='word_1_427' title='bbox 845 2784 879 2809; x_wconf 81' lang='lat' dir='ltr'>ad</span> <span class='ocrx_word' id='word_1_428' title='bbox 896 2793 994 2810; x_wconf 86' lang='lat' dir='ltr'>annum</span> <span class='ocrx_word' id='word_1_429' title='bbox 1012 2785 1065 2810; x_wconf 78' lang='lat' dir='ltr'>fere</span> <span class='ocrx_word' id='word_1_430' title='bbox 1084 2785 1154 2810; x_wconf 84' lang='lat'>1168.</span> 
     </span>
    </p>

    <p class='ocr_par' dir='ltr' id='par_1_11' title="bbox 328 2828 1088 2861">
     <span class='ocr_line' id='line_1_37' title="bbox 328 2828 1088 2861; baseline 0.003 -9"><span class='ocrx_word' id='word_1_431' title='bbox 328 2828 424 2852; x_wconf 78' lang='lat' dir='ltr'>Petrus</span> <span class='ocrx_word' id='word_1_432' title='bbox 441 2828 583 2857; x_wconf 71' lang='lat' dir='ltr'>Comestor,</span> <span class='ocrx_word' id='word_1_433' title='bbox 604 2828 664 2853; x_wconf 85' lang='grc'>1168</span> <span class='ocrx_word' id='word_1_434' title='bbox 682 2836 765 2861; x_wconf 87' lang='lat' dir='ltr'>usque</span> <span class='ocrx_word' id='word_1_435' title='bbox 781 2829 813 2853; x_wconf 85' lang='lat' dir='ltr'>ad</span> <span class='ocrx_word' id='word_1_436' title='bbox 830 2837 929 2854; x_wconf 88' lang='lat' dir='ltr'>annum</span> <span class='ocrx_word' id='word_1_437' title='bbox 947 2830 1000 2854; x_wconf 79' lang='lat' dir='ltr'>fere</span> <span class='ocrx_word' id='word_1_438' title='bbox 1020 2830 1088 2854; x_wconf 80' lang='grc'>1180.</span> 
     </span>
    </p>

    <p class='ocr_par' dir='ltr' id='par_1_12' title="bbox 329 2871 750 2904">
     <span class='ocr_line' id='line_1_38' title="bbox 329 2871 750 2904; baseline 0.005 -8"><span class='ocrx_word' id='word_1_439' title='bbox 329 2871 480 2902; x_wconf 82' lang='lat' dir='ltr'>Hilduinus,</span> <span class='ocrx_word' id='word_1_440' title='bbox 500 2873 612 2897; x_wconf 87' lang='lat'>1180.....</span> <span class='ocrx_word' id='word_1_441' title='bbox 632 2873 694 2897; x_wconf 85' lang='lat'>1193</span> <span class='ocrx_word' id='word_1_442' title='bbox 711 2874 750 2904; x_wconf 69' lang='grc' dir='ltr'>(ἳ).</span> 
     </span>
    </p>

    <p class='ocr_par' dir='ltr' id='par_1_13' title="bbox 329 2917 967 2951">
     <span class='ocr_line' id='line_1_39' title="bbox 329 2917 967 2951; baseline 0.005 -10"><span class='ocrx_word' id='word_1_443' title='bbox 329 2917 426 2942; x_wconf 75' lang='lat' dir='ltr'>Petrus</span> <span class='ocrx_word' id='word_1_444' title='bbox 441 2917 616 2947; x_wconf 79' lang='lat' dir='ltr'>Pictavensis,</span> <span class='ocrx_word' id='word_1_445' title='bbox 633 2918 702 2942; x_wconf 86' lang='lat' dir='ltr'>circa</span> <span class='ocrx_word' id='word_1_446' title='bbox 719 2918 781 2943; x_wconf 81' lang='lat'>1193</span> <span class='ocrx_word' id='word_1_447' title='bbox 798 2926 880 2951; x_wconf 82' lang='lat' dir='ltr'>usque</span> <span class='ocrx_word' id='word_1_448' title='bbox 898 2919 967 2944; x_wconf 78' lang='lat'>1205.</span> 
     </span>
    </p>

    <p class='ocr_par' dir='ltr' id='par_1_14' title="bbox 329 2961 708 2992">
     <span class='ocr_line' id='line_1_40' title="bbox 329 2961 708 2992; baseline 0.003 -6"><span class='ocrx_word' id='word_1_449' title='bbox 329 2961 482 2986; x_wconf 71' lang='lat' dir='ltr'>Bet-nardus</span> <span class='ocrx_word' id='word_1_450' title='bbox 498 2962 619 2992; x_wconf 71' lang='lat' dir='ltr'>Chabert,</span> <span class='ocrx_word' id='word_1_451' title='bbox 640 2963 708 2987; x_wconf 82' lang='lat'>1205.</span> 
     </span>
    </p>
   </div>
   <div class='ocr_carea' id='block_1_8' title="bbox 331 3005 966 3040">
    <p class='ocr_par' dir='ltr' id='par_1_15' title="bbox 331 3005 966 3040">
     <span class='ocr_line' id='line_1_41' title="bbox 331 3005 966 3040; baseline 0.005 -10"><span class='ocrx_word' id='word_1_452' title='bbox 331 3005 520 3038; x_wconf 74' lang='lat' dir='ltr'>Propositimxs,</span> <span class='ocrx_word' id='word_1_453' title='bbox 540 3007 601 3031; x_wconf 81' lang='lat'>1206</span> <span class='ocrx_word' id='word_1_454' title='bbox 618 3015 700 3040; x_wconf 81' lang='lat' dir='ltr'>usque</span> <span class='ocrx_word' id='word_1_455' title='bbox 717 3007 748 3032; x_wconf 81' lang='lat' dir='ltr'>ad</span> <span class='ocrx_word' id='word_1_456' title='bbox 766 3016 807 3032; x_wconf 79' lang='lat' dir='ltr'>an.</span> <span class='ocrx_word' id='word_1_457' title='bbox 826 3008 879 3033; x_wconf 80' lang='lat' dir='ltr'>fere</span> <span class='ocrx_word' id='word_1_458' title='bbox 896 3008 966 3033; x_wconf 79' lang='lat'>1209.</span> 
     </span>
    </p>
   </div>
   <div class='ocr_carea' id='block_1_9' title="bbox 2161 499 2358 556">
    <p class='ocr_par' dir='ltr' id='par_1_16' title="bbox 2161 499 2358 556">
     <span class='ocr_line' id='line_1_42' title="bbox 2171 499 2349 525; baseline -0.011 0"><span class='ocrx_word' id='word_1_459' title='bbox 2171 499 2349 525; x_wconf 78' lang='lat' dir='ltr'>Cancellarius</span> 
     </span>
     <span class='ocr_line' id='line_1_43' title="bbox 2161 531 2358 556; baseline -0.005 -1"><span class='ocrx_word' id='word_1_460' title='bbox 2161 532 2187 556; x_wconf 79' lang='lat' dir='ltr'>S,</span> <span class='ocrx_word' id='word_1_461' title='bbox 2204 531 2358 555; x_wconf 74' lang='lat' dir='ltr'>Genovefae.</span> 
     </span>
    </p>
   </div>
   <div class='ocr_carea' id='block_1_10' title="bbox 2165 910 2368 1060">
    <p class='ocr_par' dir='ltr' id='par_1_17' title="bbox 2165 910 2368 1060">
     <span class='ocr_line' id='line_1_44' title="bbox 2176 910 2354 935; baseline -0.011 0"><span class='ocrx_word' id='word_1_462' title='bbox 2176 912 2227 935; x_wconf 82' lang='lat' dir='ltr'>Can</span> <span class='ocrx_word' id='word_1_463' title='bbox 2231 910 2266 934; x_wconf 88' lang='lat' dir='ltr'>cel</span> <span class='ocrx_word' id='word_1_464' title='bbox 2271 910 2354 934; x_wconf 85' lang='lat' dir='ltr'>larius</span> 
     </span>
     <span class='ocr_line' id='line_1_45' title="bbox 2180 941 2368 970; baseline -0.005 -4"><span class='ocrx_word' id='word_1_465' title='bbox 2180 941 2347 970; x_wconf 81' lang='lat' dir='ltr'>Parisiensis,</span> <span class='ocrx_word' id='word_1_466' title='bbox 2365 949 2368 951; x_wconf 66' lang='grc'><strong><em>’</em></strong></span> 
     </span>
     <span class='ocr_line' id='line_1_46' title="bbox 2178 972 2354 997; baseline -0.006 0"><span class='ocrx_word' id='word_1_467' title='bbox 2178 972 2354 997; x_wconf 76' lang='lat' dir='ltr'>Cancellarius</span> 
     </span>
     <span class='ocr_line' id='line_1_47' title="bbox 2165 1004 2361 1033; baseline 0 -5"><span class='ocrx_word' id='word_1_468' title='bbox 2165 1006 2191 1029; x_wconf 81' lang='lat' dir='ltr'>S.</span> <span class='ocrx_word' id='word_1_469' title='bbox 2209 1004 2361 1033; x_wconf 81' lang='lat' dir='ltr'>Genovefae,</span> 
     </span>
     <span class='ocr_line' id='line_1_48' title="bbox 2213 1037 2315 1060; baseline -0.01 0"><span class='ocrx_word' id='word_1_470' title='bbox 2213 1037 2315 1060; x_wconf 81' lang='lat' dir='ltr'>Rector.</span> 
     </span>
    </p>
   </div>
  </div>
 </body>
</html>
