2580 3528
293 420 390 461 1230]
634 429 682 450 AB
715 428 822 450 Auno
857 427 934 450 mcc
968 426 1101 455 asom:
1136 426 1184 448 AD
1219 425 1449 447 ruimrruu
1486 425 1525 447 {v
1559 425 1648 446 nso.
1686 424 1823 446 masc.
2106 415 2168 447 133

290 502 476 543 exaudire,
497 498 826 547 cuntreputan'dus
846 501 894 534 sit
912 500 1058 534 votivus
1078 499 1321 533 exauditionis
1343 499 1507 539 effectus,
1530 498 1614 531 dum
1632 498 1689 531 vel
1711 498 1868 543 petentis
1884 505 2005 531 votum
2025 498 2166 543 impleri

290 569 470 610 differtur,
497 575 536 613 ut
561 567 791 614 oportuniori
818 567 900 600 loco
928 573 964 600 et
993 573 1156 612 tempore
1186 565 1391 611 impleatur,
1418 564 1475 598 vel
1502 564 1628 610 petitio
1653 563 1910 597 concessibilis
1936 564 2165 596 reformetur.

290 637 384 669 Ecce
418 635 599 681 siquidem
629 634 922 668 conservatorias
952 633 1017 667 tibi
1047 633 1186 666 litteras
1216 638 1434 666 renovantes
1465 638 1742 665 conservatores
1776 630 2044 670 concessimus,
2076 643 2169 675 quos

290 702 428 748 petisti,
453 708 510 736 set
538 701 780 747 adjectionem
809 713 883 734 non
912 700 1083 733 duximus
1108 699 1380 740 admittendam,
1408 710 1453 731 ne
1479 698 1515 731 in
1545 698 1695 731 alterius
1725 697 1893 742 injuriam
1924 696 1987 730 tibi
2018 697 2166 742 gratiam

289 769 477 810 facientes,
513 768 635 802 minus
664 768 697 801 ei
728 779 923 813 possemus
946 766 1045 812 pacis
1070 766 1265 799 consilium
1295 765 1463 807 suadere,
1496 765 1579 798 dum
1612 776 1679 797 nos
1709 763 1779 797 sibi
1806 764 1909 809 quasi
1939 763 2169 796 adversarios

289 841 486 881 reputaret.
509 835 626 880 Super
647 834 922 880 dispensatione
942 845 1044 874 vero,
1066 845 1171 878 quam
1194 845 1259 878 pro
1281 832 1356 865 filio
1377 832 1520 865 comitis
1542 830 1701 864 Marchie
1722 830 1928 876 postulasti,
1950 830 1994 863 ad
2016 842 2169 879 presens

289 913 364 935 non
378 901 538 935 vidimus
558 900 807 942 annuendum,
829 912 875 933 ne
896 900 981 933 dum
1003 899 1292 933 reconciliationi
1314 899 1412 945 pacis
1433 898 1648 939 intenditur,
1669 897 1815 943 gravior
1840 897 1925 930 inde
1951 896 2170 930 turbationis

288 967 456 1002 confusio
479 974 711 1013 sequeretur,
741 979 824 1000 cuin
854 966 898 1000 ad
926 978 1050 1012 pacem
1082 966 1177 999 inter
1206 972 1240 999 te
1270 978 1309 998 ac
1339 965 1568 998 carissimum
1595 965 1632 997 in
1657 964 1803 998 Christo
1829 963 1942 996 filium
1965 969 2166 996 nostrum..

289 1046 414 1081 regem
442 1034 648 1080 Anglorum
679 1033 858 1067 illustrem
890 1040 1067 1081 perpetuo
1098 1032 1324 1066 solidandam
1354 1032 1480 1065 ancxie
1509 1031 1713 1077 aspirantes
1743 1030 1855 1064 nichil
1881 1030 1925 1063 de
1952 1030 2170 1075 contingen-

289 1101 388 1135 tibus
417 1101 585 1134 omittere
616 1111 876 1146 proponamus,
908 1099 1105 1145 quominus
1134 1099 1192 1133 vel
1219 1111 1285 1145 per
1310 1098 1476 1144 copulam
1508 1097 1692 1144 parentele
1717 1097 1775 1131 vel
1800 1097 1892 1130 alios
1918 1108 2170 1142 quoscumque

289 1167 420 1201 modos
453 1160 549 1201 inter
581 1179 648 1201 vos
683 1166 994 1200 reconciliationis
1024 1166 1138 1212 gratia
1173 1165 1364 1199 solidetur.
1404 1165 1591 1199 Timentes
1629 1165 1724 1198 enim
1759 1164 1958 1197 animarum
1994 1162 2169 1208 pericula,

289 1246 533 1280 personarum,
557 1233 768 1267 discrimina
787 1239 824 1266 et
843 1245 964 1267 rerum
991 1233 1196 1278 dispendia,
1217 1245 1287 1278 que
1309 1233 1353 1266 de
1379 1244 1511 1278 guerra
1532 1231 1653 1265 solent
1679 1230 1938 1264 inevitabiliter
1964 1230 2167 1265 imminere.

288 1300 446 1334 libenter
466 1300 580 1346 quieti
603 1307 639 1333 et
659 1299 766 1333 saluti
787 1299 1016 1333 consulimus
1037 1299 1242 1344 utriusque,
1260 1311 1306 1332 ne
1321 1311 1388 1333 vos
1408 1299 1563 1332 invicem
1581 1298 1776 1338 collidatis,
1793 1298 1854 1343 qui
1872 1297 1997 1330 saltem
2015 1308 2170 1330 consan-

287 1367 477 1413 guinitatis
504 1356 673 1412 proxime
696 1366 837 1400 ratione
858 1378 924 1399 vos
952 1366 1096 1399 sincere
1122 1365 1331 1399 dilectionis
1358 1365 1549 1398 affectibus
1574 1364 1759 1398 deberetis
1783 1364 1938 1397 invicem
1959 1363 2168 1409 amplexari,

287 1440 327 1467 ut
345 1433 463 1476 multi,
481 1433 617 1479 quibus
639 1445 735 1466 nunc
756 1433 858 1478 regia
879 1432 1085 1466 sublimitas
1106 1432 1314 1474 inclinatur,
1331 1438 1553 1478 cogerentur
1573 1438 1767 1476 utrumque
1788 1430 1974 1464 humiliter
1995 1430 2167 1463 revereri.

381 1598 444 1630 neg.
461 1598 519 1623 Vat.
535 1597 658 1629 Gregorii
674 1598 709 1622 lx
723 1605 766 1621 au.
782 1598 806 1626 4,
821 1605 863 1630 ep.
881 1599 904 1626 5,
921 1597 964 1621 sol.
982 1598 1004 1621 2.

380 1683 403 1706 1.
422 1682 581 1715 Magistrum
602 1682 776 1707 Guillelmum
791 1683 823 1706 de
840 1682 1032 1711 Autissiodoro,
1048 1685 1182 1706 auctorem
1197 1682 1335 1707 Summae
1353 1682 1434 1706 theol.
1452 1682 1514 1711 (inc.
1535 1689 1540 1705 t
1559 1682 1638 1706 Fides
1654 1685 1694 1706 est
1712 1681 1874 1706 substancia
1893 1680 2010 1712 rerum),
2030 1688 2097 1712 quae
2120 1680 2171 1703 isto

285 1730 404 1759 tempore
418 1730 447 1751 ut
461 1727 535 1751 nulla
550 1727 603 1751 alia
619 1735 635 1751 a
650 1727 787 1759 magistris
802 1727 949 1759 legebatur,
966 1727 1036 1759 quod
1050 1727 1166 1759 probant
1179 1735 1259 1759 quam
1274 1726 1384 1759 plurimi
1399 1735 1463 1750 mss.
1481 1726 1507 1750 in
1522 1725 1690 1750 bibliothecis
1705 1725 1766 1749 hinc
1781 1725 1841 1749 inde
1860 1725 2017 1748 conservati.
2035 1724 2169 1749 Guillelmi

285 1771 413 1796 memoria
427 1771 454 1796 in
469 1771 649 1796 Universitate
669 1780 721 1796 non
739 1771 840 1795 interiit
858 1780 918 1806 cum
938 1771 1010 1804 ipso;
1031 1771 1118 1795 adbuc
1138 1780 1206 1796 suec.
1222 1772 1279 1795 xw
1298 1774 1459 1795 annotarunt
1472 1771 1499 1794 in
1514 1770 1670 1794 Calendnrio
1686 1770 1808 1794 Univers.
1830 1770 1863 1793 ad
1882 1770 1919 1801 iiij
1941 1778 2001 1793 non.
2018 1769 2143 1793 Novemb.
2162 1777 2167 1791 ·.

286 1825 298 1840 σι
314 1816 341 1840 in
357 1817 423 1843 festo
438 1817 623 1840 detunctorum
639 1819 702 1840 sunt
716 1816 824 1848 vigiliae
839 1816 961 1848 magistri
972 1816 1110 1840 Guillermi
1122 1816 1360 1840 Autissiodorensis
1375 1819 1401 1840 et
1415 1815 1442 1839 in
1457 1815 1573 1839 crastino
1588 1815 1670 1838 missu
1685 1823 1733 1846 per
1745 1814 1949 1839 Universitatem
1962 1822 1983 1837 u.
1997 1814 2064 1837 Bibl.
2077 1814 2167 1837 Arsen.

285 1861 369 1885 Paris.
386 1869 436 1885 ms.
453 1861 524 1890 1123,
541 1861 586 1885 tol.
604 1861 643 1885 48.
661 1860 726 1885 Vide
739 1861 850 1893 insuper
866 1861 989 1884 lisureuu
1005 1861 1031 1884 in
1047 1861 1156 1886 Notices
1171 1865 1197 1886 et
1212 1860 1333 1886 emirat'ts
1347 1862 1394 1885 des
1409 1867 1484 1889 mss„
1500 1860 1587 1889 XXXI,
1604 1861 1626 1889 2,
1642 1868 1668 1891 p.
1685 1860 1731 1883 288
1746 1867 1804 1891 sqq.

285 2031 365 2070 75.
391 2041 542 2077 Gregorius
566 2042 612 2068 IX
621 2041 771 2077 magistris
787 2045 815 2068 et
834 2041 1017 2068 scholaribus
1040 2042 1167 2068 Parisiis
1189 2045 1218 2068 et
1235 2041 1399 2077 Ande-garis
1420 2041 1661 2068 commorantibus
1684 2040 1813 2075 mandat,
1836 2043 1867 2066 ut
1887 2048 1941 2076 pro
1964 2039 2169 2074 reformatione

373 2089 466 2117 studii
483 2091 662 2117 parisiensis
682 2099 773 2127 usque
792 2090 833 2116 ad
850 2092 957 2126 festum
971 2091 1186 2128 Assumptionis
1206 2090 1231 2117 b.
1259 2091 1382 2126 Virginis
1401 2090 1517 2126 aliquos
1537 2090 1649 2116 nomine
1674 2090 1872 2116 Universitatis
1891 2088 1933 2115 ad
1952 2089 2061 2115 curiam
2077 2088 2167 2114 desti-

377 2142 453 2175 nent,
472 2138 589 2166 etiamsi
605 2139 745 2175 magister
761 2138 929 2167 Guillelmus
938 2140 1003 2176 jam
1018 2139 1060 2166 ibi
1073 2140 1129 2175 sit,·
1144 2140 1263 2176 insuper
1277 2139 1454 2176 transcripta
1470 2139 1593 2165 omnium
1604 2138 1819 2175 privilegiorum
1833 2138 1956 2164 mittant.

1525 2224 1603 2254 1230,
1620 2223 1683 2250 Hali
1695 2223 1734 2253 10,
1752 2222 1879 2249 Laterani.

374 2297 563 2344 Magistris
583 2304 619 2331 et
639 2297 845 2332 scolaribus
864 2298 1026 2332 Parisius
1047 2305 1083 2332 et
1101 2298 1327 2344 Andegavis'
1351 2297 1673 2332 commorantibus
1692 2297 1870 2330 Fluminis
1890 2297 2047 2341 impetus
2069 2295 2166 2328 Pari-

284 2363 445 2398 siensem
475 2364 613 2398 dudum
643 2364 823 2399 letificans
851 2365 1032 2399 civitatem
1061 2377 1173 2399 venas
1202 2377 1375 2411 aquarum
1405 2365 1604 2399 viventium
1630 2364 1675 2398 ad
1700 2364 1864 2397 diversas
1885 2369 1921 2396 et
1944 2362 2165 2408 longinquas

284 2431 411 2465 mundi
442 2431 616 2477 regiones
646 2431 787 2474 effudit,
813 2443 884 2478 que
912 2431 997 2465 dum
1018 2431 1132 2466 valles
1162 2431 1402 2466 influentibus
1432 2431 1561 2465 rivulis
1590 2430 1803 2476 irrigabant,
1830 2430 1961 2463 ssorere
1987 2428 2166 2462 faciebant

283 2497 484 2544 amigdalas
509 2504 546 2532 et
565 2497 660 2531 ficus
686 2498 890 2544 producere
910 2510 1065 2544 grossos
1086 2510 1194 2540 suos3
1221 2498 1331 2544 hujus
1354 2509 1509 2543 namque
1535 2497 1772 2530 inundatione
1793 2496 1954 2530 {luminis
1974 2495 2165 2529 fecundata

282 2564 446 2598 Parisius
466 2576 530 2610 par
551 2565 649 2611 Syon
670 2564 862 2598 videbatur
882 2565 1022 2606 ess'ecta,
1044 2571 1080 2598 et
1100 2571 1267 2611 tanquam
1287 2564 1489 2599 Jerusalem
1519 2563 1650 2597 similis
1678 2563 1750 2597 dici
1772 2569 1911 2609 poterat
1937 2561 2026 2596 urbs
2047 2561 2163 2603 beata,

283 2630 367 2677 quia
401 2630 652 2677 speculatores
685 2632 766 2677 ejus
799 2631 836 2665 in
871 2631 1019 2678 specula
1049 2632 1195 2666 Domini
1227 2631 1416 2665 constituti
1447 2631 1546 2677 pacis
1571 2630 1695 2664 videre
1717 2636 1882 2676 poterant
1907 2635 1942 2663 et
1967 2629 2163 2662 ostendere

281 2696 475 2732 visionem.
510 2697 607 2742 Quid
642 2710 773 2744 nempe
807 2698 953 2741 mirum,
987 2698 1018 2732 si
1053 2698 1216 2732 fluminis
1249 2698 1461 2744 hujusmodi
1495 2704 1640 2731 torrens
1674 2696 1887 2737 excreverit,
1923 2707 2004 2729 cum
2044 2707 2162 2740 neque

282 2762 434 2797 dubium
464 2775 548 2798 esse
579 2764 698 2810 possit
726 2765 807 2810 ejus
835 2777 1025 2799 emanasse
1052 2765 1233 2812 originem
1263 2765 1308 2798 de
1336 2763 1499 2798 sontibus
1529 2763 1738 2805 Salvatoris,
1766 2762 1819 2796 illi
1845 2762 2006 2808 quidem,
2032 2762 2093 2807 qui
2120 2773 2163 2795 ex

281 2829 364 2876 ipso
383 2836 546 2864 torrente
570 2843 682 2877 aquas
708 2831 745 2865 in
771 2831 906 2878 gaudio
933 2831 1123 2866 auriebant
1147 2832 1315 2865 sitientes
1337 2843 1466 2865 vocare
1488 2837 1654 2877 poterant
1673 2830 1716 2864 ad
1737 2829 1951 2870 bibendum,
1973 2835 2163 2874 sperantes

282 2896 423 2942 utique,
449 2897 548 2943 quod
568 2898 695 2943 quiex
716 2898 771 2932 eis
798 2898 980 2941 biberent,
1007 2898 1164 2945 amplius
1189 2910 1263 2932 non
1289 2898 1444 2932 sitirent.
1474 2897 1566 2942 Quia
1590 2909 1677 2931 vero
1702 2896 1848 2930 humani
1874 2895 2023 2942 generis
2044 2894 2160 2927 hostis

282 2963 454 3009 antiquus
487 2970 524 2998 et
549 2964 650 3010 pacis
679 2965 872 3000 insidiator
903 2965 1072 3000 diabolus
1101 2972 1198 2999 tante
1225 2965 1408 2999 felicitatis
1435 2970 1669 3011 augmentum
1705 2975 1821 3009 nuper
1855 2962 2049 2996 calliditate
2081 2972 2157 3000 sua,
