<?xml version="1.0" encoding="UTF-8"?>
<!DOCTYPE html PUBLIC "-//W3C//DTD XHTML 1.0 Transitional//EN"
    "http://www.w3.org/TR/xhtml1/DTD/xhtml1-transitional.dtd">
<html xmlns="http://www.w3.org/1999/xhtml" xml:lang="en" lang="en">
 <head>
  <title>
</title>
<meta http-equiv="Content-Type" content="text/html;charset=utf-8" />
  <meta name='ocr-system' content='tesseract 3.04.00' />
  <meta name='ocr-capabilities' content='ocr_page ocr_carea ocr_par ocr_line ocrx_word'/>
</head>
<body>
  <div class='ocr_page' id='page_1' title='image "./chartulariumuniv01univuoft_0643.png"; bbox 0 0 2580 3528; ppageno 0'>
   <div class='ocr_carea' id='block_1_1' title="bbox 0 0 235 3528">
    <p class='ocr_par' dir='ltr' id='par_1_1' title="bbox 0 0 235 3528">
     <span class='ocr_line' id='line_1_1' title="bbox 0 0 235 3528; baseline 0 0"><span class='ocrx_word' id='word_1_1' title='bbox 0 0 235 3528; x_wconf 95' lang='lat' dir='ltr'><strong> </strong></span> 
     </span>
    </p>
   </div>
   <div class='ocr_carea' id='block_1_2' title="bbox 271 413 2143 454">
    <p class='ocr_par' dir='ltr' id='par_1_2' title="bbox 271 413 2143 454">
     <span class='ocr_line' id='line_1_2' title="bbox 271 413 2143 454; baseline 0.002 -8"><span class='ocrx_word' id='word_1_2' title='bbox 271 413 369 454; x_wconf 84' lang='lat'><strong>1284]</strong></span> <span class='ocrx_word' id='word_1_3' title='bbox 613 422 661 445; x_wconf 73' lang='lat' dir='ltr'><strong>AB</strong></span> <span class='ocrx_word' id='word_1_4' title='bbox 694 422 801 444; x_wconf 72' lang='grc' dir='ltr'><strong>ΑΝΝο</strong></span> <span class='ocrx_word' id='word_1_5' title='bbox 834 422 913 445; x_wconf 72' lang='lat' dir='ltr'><strong>nce</strong></span> <span class='ocrx_word' id='word_1_6' title='bbox 947 422 1080 451; x_wconf 68' lang='lat' dir='ltr'><strong>usque</strong></span> <span class='ocrx_word' id='word_1_7' title='bbox 1114 423 1163 444; x_wconf 76' lang='grc' dir='ltr'><strong>Αι)</strong></span> <span class='ocrx_word' id='word_1_8' title='bbox 1198 422 1429 445; x_wconf 60' lang='lat' dir='ltr'><strong>putuerunt</strong></span> <span class='ocrx_word' id='word_1_9' title='bbox 1464 424 1504 445; x_wconf 80' lang='lat' dir='ltr'><strong>iv</strong></span> <span class='ocrx_word' id='word_1_10' title='bbox 1538 424 1627 446; x_wconf 72' lang='lat' dir='ltr'><strong>aas.</strong></span> <span class='ocrx_word' id='word_1_11' title='bbox 1663 425 1802 448; x_wconf 72' lang='lat' dir='ltr'>FRANC.</span> <span class='ocrx_word' id='word_1_12' title='bbox 2078 417 2143 450; x_wconf 87' lang='lat'><strong>601</strong></span> 
     </span>
    </p>
   </div>
   <div class='ocr_carea' id='block_1_3' title="bbox 255 495 2150 1942">
    <p class='ocr_par' dir='ltr' id='par_1_3' title="bbox 255 495 2150 1942">
     <span class='ocr_line' id='line_1_3' title="bbox 268 495 2143 542; baseline 0.002 -12"><span class='ocrx_word' id='word_1_13' title='bbox 268 496 348 531; x_wconf 88' lang='lat' dir='ltr'><strong>fieri</strong></span> <span class='ocrx_word' id='word_1_14' title='bbox 383 495 565 542; x_wconf 81' lang='lat' dir='ltr'><strong>contingit</strong></span> <span class='ocrx_word' id='word_1_15' title='bbox 599 495 797 538; x_wconf 82' lang='lat' dir='ltr'><strong>interdum,</strong></span> <span class='ocrx_word' id='word_1_16' title='bbox 835 495 1003 530; x_wconf 91' lang='lat' dir='ltr'><strong>nonnulli</strong></span> <span class='ocrx_word' id='word_1_17' title='bbox 1039 508 1083 529; x_wconf 89' lang='lat' dir='ltr'><strong>ex</strong></span> <span class='ocrx_word' id='word_1_18' title='bbox 1117 495 1224 530; x_wconf 90' lang='lat' dir='ltr'><strong>vobis</strong></span> <span class='ocrx_word' id='word_1_19' title='bbox 1261 496 1494 530; x_wconf 78' lang='lat' dir='ltr'><strong>contribuere</strong></span> <span class='ocrx_word' id='word_1_20' title='bbox 1532 509 1597 542; x_wconf 88' lang='lat' dir='ltr'><strong>pro</strong></span> <span class='ocrx_word' id='word_1_21' title='bbox 1635 509 1699 531; x_wconf 87' lang='lat' dir='ltr'><strong>sua</strong></span> <span class='ocrx_word' id='word_1_22' title='bbox 1738 498 1923 532; x_wconf 87' lang='lat' dir='ltr'><strong>voluntate</strong></span> <span class='ocrx_word' id='word_1_23' title='bbox 1963 506 2143 542; x_wconf 85' lang='lat' dir='ltr'><strong>recusant,</strong></span> 
     </span>
     <span class='ocr_line' id='line_1_4' title="bbox 267 562 2146 612; baseline 0.002 -16"><span class='ocrx_word' id='word_1_24' title='bbox 267 569 418 609; x_wconf 88' lang='lat' dir='ltr'><strong>propter</strong></span> <span class='ocrx_word' id='word_1_25' title='bbox 446 562 545 608; x_wconf 90' lang='lat' dir='ltr'><strong>quod</strong></span> <span class='ocrx_word' id='word_1_26' title='bbox 574 562 670 596; x_wconf 88' lang='lat' dir='ltr'><strong>inter</strong></span> <span class='ocrx_word' id='word_1_27' title='bbox 698 574 765 596; x_wconf 90' lang='lat' dir='ltr'><strong>vos</strong></span> <span class='ocrx_word' id='word_1_28' title='bbox 794 563 942 596; x_wconf 87' lang='lat' dir='ltr'><strong>materia</strong></span> <span class='ocrx_word' id='word_1_29' title='bbox 972 562 1214 596; x_wconf 72' lang='lat' dir='ltr'><strong>dissentionis</strong></span> <span class='ocrx_word' id='word_1_30' title='bbox 1239 569 1275 596; x_wconf 86' lang='lat' dir='ltr'><strong>et</strong></span> <span class='ocrx_word' id='word_1_31' title='bbox 1298 563 1459 597; x_wconf 83' lang='lat' dir='ltr'><strong>scandali</strong></span> <span class='ocrx_word' id='word_1_32' title='bbox 1485 563 1652 598; x_wconf 90' lang='lat' dir='ltr'><strong>crebrius</strong></span> <span class='ocrx_word' id='word_1_33' title='bbox 1678 565 1886 598; x_wconf 87' lang='lat' dir='ltr'><strong>suscitatur.</strong></span> <span class='ocrx_word' id='word_1_34' title='bbox 1913 566 2004 608; x_wconf 88' lang='lat' dir='ltr'>Quia</span> <span class='ocrx_word' id='word_1_35' title='bbox 2034 567 2146 612; x_wconf 83' lang='lat' dir='ltr'><strong>igitur</strong></span> 
     </span>
     <span class='ocr_line' id='line_1_5' title="bbox 267 628 2147 676; baseline 0.002 -14"><span class='ocrx_word' id='word_1_36' title='bbox 267 629 306 663; x_wconf 89' lang='lat' dir='ltr'><strong>in</strong></span> <span class='ocrx_word' id='word_1_37' title='bbox 342 629 515 675; x_wconf 82' lang='lat' dir='ltr'><strong>expensis</strong></span> <span class='ocrx_word' id='word_1_38' title='bbox 550 628 762 674; x_wconf 88' lang='lat' dir='ltr'><strong>hujusmodi</strong></span> <span class='ocrx_word' id='word_1_39' title='bbox 798 629 937 676; x_wconf 86' lang='lat' dir='ltr'><strong>singuli</strong></span> <span class='ocrx_word' id='word_1_40' title='bbox 973 636 1134 663; x_wconf 89' lang='lat' dir='ltr'><strong>vestrum</strong></span> <span class='ocrx_word' id='word_1_41' title='bbox 1170 629 1406 663; x_wconf 79' lang='lat' dir='ltr'><strong>contribuere</strong></span> <span class='ocrx_word' id='word_1_42' title='bbox 1435 630 1577 675; x_wconf 87' lang='lat' dir='ltr'><strong>justitia</strong></span> <span class='ocrx_word' id='word_1_43' title='bbox 1611 630 1780 676; x_wconf 81' lang='lat' dir='ltr'><strong>exigente</strong></span> <span class='ocrx_word' id='word_1_44' title='bbox 1818 638 2001 674; x_wconf 87' lang='lat' dir='ltr'><strong>tenentur,</strong></span> <span class='ocrx_word' id='word_1_45' title='bbox 2032 639 2067 666; x_wconf 87' lang='lat' dir='ltr'><strong>et</strong></span> <span class='ocrx_word' id='word_1_46' title='bbox 2102 633 2147 666; x_wconf 85' lang='lat' dir='ltr'><strong>ad</strong></span> 
     </span>
     <span class='ocr_line' id='line_1_6' title="bbox 267 695 2147 744; baseline 0.001 -14"><span class='ocrx_word' id='word_1_47' title='bbox 267 702 425 730; x_wconf 87' lang='lat' dir='ltr'><strong>vestram</strong></span> <span class='ocrx_word' id='word_1_48' title='bbox 450 702 616 742; x_wconf 83' lang='lat' dir='ltr'><strong>spectare</strong></span> <span class='ocrx_word' id='word_1_49' title='bbox 641 695 846 730; x_wconf 81' lang='lat' dir='ltr'><strong>dinoscitur</strong></span> <span class='ocrx_word' id='word_1_50' title='bbox 867 695 1108 738; x_wconf 83' lang='lat' dir='ltr'><strong>honestatem,</strong></span> <span class='ocrx_word' id='word_1_51' title='bbox 1134 703 1174 730; x_wconf 95' lang='lat' dir='ltr'><strong>ut</strong></span> <span class='ocrx_word' id='word_1_52' title='bbox 1199 708 1311 742; x_wconf 91' lang='lat' dir='ltr'><strong>super</strong></span> <span class='ocrx_word' id='word_1_53' title='bbox 1335 695 1404 730; x_wconf 89' lang='lat' dir='ltr'><strong>hoc</strong></span> <span class='ocrx_word' id='word_1_54' title='bbox 1429 709 1504 730; x_wconf 93' lang='lat' dir='ltr'><strong>non</strong></span> <span class='ocrx_word' id='word_1_55' title='bbox 1528 697 1717 743; x_wconf 83' lang='lat' dir='ltr'><strong>ingeratur</strong></span> <span class='ocrx_word' id='word_1_56' title='bbox 1739 710 1758 730; x_wconf 91' lang='lat' dir='ltr'><strong>a</strong></span> <span class='ocrx_word' id='word_1_57' title='bbox 1780 697 1886 731; x_wconf 92' lang='lat' dir='ltr'><strong>vobis</strong></span> <span class='ocrx_word' id='word_1_58' title='bbox 1910 698 2029 744; x_wconf 87' lang='lat' dir='ltr'><strong>aliqua</strong></span> <span class='ocrx_word' id='word_1_59' title='bbox 2054 699 2147 732; x_wconf 84' lang='lat' dir='ltr'><strong>diffi-</strong></span> 
     </span>
     <span class='ocr_line' id='line_1_7' title="bbox 255 762 2147 811; baseline 0.001 -15"><span class='ocrx_word' id='word_1_60' title='bbox 255 762 397 804; x_wconf 74' lang='lat' dir='ltr'><strong>cultas,</strong></span> <span class='ocrx_word' id='word_1_61' title='bbox 429 762 703 797; x_wconf 88' lang='lat' dir='ltr'><strong>universitatem</strong></span> <span class='ocrx_word' id='word_1_62' title='bbox 732 769 890 797; x_wconf 85' lang='lat' dir='ltr'><strong>vestram</strong></span> <span class='ocrx_word' id='word_1_63' title='bbox 917 775 1090 809; x_wconf 85' lang='lat' dir='ltr'><strong>rogamus</strong></span> <span class='ocrx_word' id='word_1_64' title='bbox 1120 769 1156 796; x_wconf 90' lang='lat' dir='ltr'><strong>et</strong></span> <span class='ocrx_word' id='word_1_65' title='bbox 1183 762 1371 797; x_wconf 82' lang='lat' dir='ltr'><strong>hortamur</strong></span> <span class='ocrx_word' id='word_1_66' title='bbox 1399 770 1533 797; x_wconf 85' lang='lat' dir='ltr'><strong>attente</strong></span> <span class='ocrx_word' id='word_1_67' title='bbox 1564 775 1630 810; x_wconf 88' lang='lat' dir='ltr'><strong>per</strong></span> <span class='ocrx_word' id='word_1_68' title='bbox 1654 764 1853 810; x_wconf 86' lang='lat' dir='ltr'><strong>apostolica</strong></span> <span class='ocrx_word' id='word_1_69' title='bbox 1878 764 1983 798; x_wconf 89' lang='lat' dir='ltr'><strong>vobis</strong></span> <span class='ocrx_word' id='word_1_70' title='bbox 2013 766 2147 811; x_wconf 81' lang='lat' dir='ltr'><strong>scripta</strong></span> 
     </span>
     <span class='ocr_line' id='line_1_8' title="bbox 269 829 2145 876; baseline 0.001 -13"><span class='ocrx_word' id='word_1_71' title='bbox 269 829 482 863; x_wconf 81' lang='lat' dir='ltr'><strong>mandantes</strong></span> <span class='ocrx_word' id='word_1_72' title='bbox 505 829 677 875; x_wconf 83' lang='lat' dir='ltr'><strong>quatinus</strong></span> <span class='ocrx_word' id='word_1_73' title='bbox 697 829 836 875; x_wconf 83' lang='lat' dir='ltr'><strong>singuli</strong></span> <span class='ocrx_word' id='word_1_74' title='bbox 855 835 1031 872; x_wconf 72' lang='lat' dir='ltr'><strong>vestrum,</strong></span> <span class='ocrx_word' id='word_1_75' title='bbox 1058 829 1121 875; x_wconf 93' lang='lat' dir='ltr'><strong>qui</strong></span> <span class='ocrx_word' id='word_1_76' title='bbox 1145 829 1239 863; x_wconf 89' lang='lat' dir='ltr'><strong>duos</strong></span> <span class='ocrx_word' id='word_1_77' title='bbox 1265 829 1405 864; x_wconf 91' lang='lat' dir='ltr'><strong>solidos</strong></span> <span class='ocrx_word' id='word_1_78' title='bbox 1431 830 1625 876; x_wconf 87' lang='lat' dir='ltr'><strong>parisiens.</strong></span> <span class='ocrx_word' id='word_1_79' title='bbox 1653 830 1690 864; x_wconf 93' lang='lat' dir='ltr'><strong>in</strong></span> <span class='ocrx_word' id='word_1_80' title='bbox 1715 831 1900 864; x_wconf 89' lang='lat' dir='ltr'><strong>communi</strong></span> <span class='ocrx_word' id='word_1_81' title='bbox 1924 830 2035 865; x_wconf 88' lang='lat' dir='ltr'><strong>bursa</strong></span> <span class='ocrx_word' id='word_1_82' title='bbox 2064 844 2145 865; x_wconf 79' lang='lat' dir='ltr'><strong>cuni</strong></span> 
     </span>
     <span class='ocr_line' id='line_1_9' title="bbox 269 895 2148 944; baseline 0.001 -14"><span class='ocrx_word' id='word_1_83' title='bbox 269 895 382 930; x_wconf 88' lang='lat' dir='ltr'><strong>sociis</strong></span> <span class='ocrx_word' id='word_1_84' title='bbox 406 896 444 930; x_wconf 91' lang='lat' dir='ltr'><strong>in</strong></span> <span class='ocrx_word' id='word_1_85' title='bbox 468 895 670 930; x_wconf 85' lang='lat' dir='ltr'><strong>ebdomada</strong></span> <span class='ocrx_word' id='word_1_86' title='bbox 695 896 844 942; x_wconf 80' lang='lat' dir='ltr'><strong>ponitis,</strong></span> <span class='ocrx_word' id='word_1_87' title='bbox 871 908 983 942; x_wconf 91' lang='lat' dir='ltr'><strong>super</strong></span> <span class='ocrx_word' id='word_1_88' title='bbox 1007 895 1278 930; x_wconf 88' lang='lat' dir='ltr'><strong>contributione</strong></span> <span class='ocrx_word' id='word_1_89' title='bbox 1300 896 1512 942; x_wconf 89' lang='lat' dir='ltr'><strong>hujusmodi</strong></span> <span class='ocrx_word' id='word_1_90' title='bbox 1532 897 1696 931; x_wconf 83' lang='lat' dir='ltr'><strong>facienda</strong></span> <span class='ocrx_word' id='word_1_91' title='bbox 1721 898 1774 932; x_wconf 90' lang='lat' dir='ltr'><strong>sic</strong></span> <span class='ocrx_word' id='word_1_92' title='bbox 1799 904 1966 944; x_wconf 88' lang='lat' dir='ltr'><strong>prompte</strong></span> <span class='ocrx_word' id='word_1_93' title='bbox 1991 910 2030 932; x_wconf 89' lang='lat' dir='ltr'><strong>ac</strong></span> <span class='ocrx_word' id='word_1_94' title='bbox 2056 898 2148 932; x_wconf 87' lang='lat' dir='ltr'><strong>libc-</strong></span> 
     </span>
     <span class='ocr_line' id='line_1_10' title="bbox 256 962 2147 1011; baseline 0.002 -15"><span class='ocrx_word' id='word_1_95' title='bbox 256 962 394 997; x_wconf 66' lang='lat' dir='ltr'><strong>.raliter</strong></span> <span class='ocrx_word' id='word_1_96' title='bbox 431 975 497 997; x_wconf 90' lang='lat' dir='ltr'><strong>vos</strong></span> <span class='ocrx_word' id='word_1_97' title='bbox 535 963 672 1009; x_wconf 88' lang='lat' dir='ltr'><strong>geratis</strong></span> <span class='ocrx_word' id='word_1_98' title='bbox 710 969 750 997; x_wconf 91' lang='lat' dir='ltr'><strong>ut</strong></span> <span class='ocrx_word' id='word_1_99' title='bbox 787 963 1028 997; x_wconf 88' lang='lat' dir='ltr'><strong>dissentionis</strong></span> <span class='ocrx_word' id='word_1_100' title='bbox 1066 963 1229 1009; x_wconf 87' lang='lat' dir='ltr'><strong>predicte</strong></span> <span class='ocrx_word' id='word_1_101' title='bbox 1265 964 1425 1006; x_wconf 84' lang='lat' dir='ltr'><strong>materia,</strong></span> <span class='ocrx_word' id='word_1_102' title='bbox 1462 975 1532 1009; x_wconf 93' lang='lat' dir='ltr'><strong>que</strong></span> <span class='ocrx_word' id='word_1_103' title='bbox 1567 971 1694 1010; x_wconf 89' lang='lat' dir='ltr'><strong>posset</strong></span> <span class='ocrx_word' id='word_1_104' title='bbox 1726 977 1800 998; x_wconf 90' lang='lat' dir='ltr'><strong>non</strong></span> <span class='ocrx_word' id='word_1_105' title='bbox 1837 965 1931 999; x_wconf 90' lang='lat' dir='ltr'><strong>levia</strong></span> <span class='ocrx_word' id='word_1_106' title='bbox 1969 977 2147 1011; x_wconf 87' lang='lat' dir='ltr'><strong>generare</strong></span> 
     </span>
     <span class='ocr_line' id='line_1_11' title="bbox 270 1029 2146 1075; baseline 0.001 -12"><span class='ocrx_word' id='word_1_107' title='bbox 270 1029 444 1075; x_wconf 81' lang='lat' dir='ltr'><strong>pericula,</strong></span> <span class='ocrx_word' id='word_1_108' title='bbox 467 1029 615 1064; x_wconf 90' lang='lat' dir='ltr'><strong>tollatur</strong></span> <span class='ocrx_word' id='word_1_109' title='bbox 636 1029 785 1063; x_wconf 91' lang='lat' dir='ltr'><strong>omnino</strong></span> <span class='ocrx_word' id='word_1_110' title='bbox 809 1041 950 1075; x_wconf 88' lang='lat' dir='ltr'><strong>vosque</strong></span> <span class='ocrx_word' id='word_1_111' title='bbox 975 1029 1130 1075; x_wconf 88' lang='lat' dir='ltr'><strong>proinde</strong></span> <span class='ocrx_word' id='word_1_112' title='bbox 1155 1030 1306 1075; x_wconf 88' lang='lat' dir='ltr'><strong>possitis</strong></span> <span class='ocrx_word' id='word_1_113' title='bbox 1331 1042 1405 1063; x_wconf 90' lang='lat' dir='ltr'><strong>non</strong></span> <span class='ocrx_word' id='word_1_114' title='bbox 1426 1030 1607 1064; x_wconf 89' lang='lat' dir='ltr'><strong>immerito</strong></span> <span class='ocrx_word' id='word_1_115' title='bbox 1627 1031 1887 1065; x_wconf 88' lang='lat' dir='ltr'><strong>commendari.</strong></span> <span class='ocrx_word' id='word_1_116' title='bbox 1914 1033 1988 1065; x_wconf 87' lang='lat' dir='ltr'><strong>Nos</strong></span> <span class='ocrx_word' id='word_1_117' title='bbox 2013 1038 2146 1074; x_wconf 85' lang='lat' dir='ltr'><strong>autem,</strong></span> 
     </span>
     <span class='ocr_line' id='line_1_12' title="bbox 270 1096 2146 1143; baseline 0.001 -13"><span class='ocrx_word' id='word_1_118' title='bbox 270 1096 333 1142; x_wconf 93' lang='lat' dir='ltr'><strong>qui</strong></span> <span class='ocrx_word' id='word_1_119' title='bbox 362 1103 512 1142; x_wconf 88' lang='lat' dir='ltr'><strong>paterne</strong></span> <span class='ocrx_word' id='word_1_120' title='bbox 541 1096 803 1130; x_wconf 89' lang='lat' dir='ltr'><strong>sollicitudinis</strong></span> <span class='ocrx_word' id='word_1_121' title='bbox 832 1097 954 1130; x_wconf 91' lang='lat' dir='ltr'><strong>studio</strong></span> <span class='ocrx_word' id='word_1_122' title='bbox 979 1096 1024 1130; x_wconf 89' lang='lat' dir='ltr'><strong>ad</strong></span> <span class='ocrx_word' id='word_1_123' title='bbox 1053 1097 1171 1142; x_wconf 84' lang='lat' dir='ltr'><strong>ipsius</strong></span> <span class='ocrx_word' id='word_1_124' title='bbox 1196 1097 1453 1131; x_wconf 88' lang='lat' dir='ltr'><strong>Universitatis</strong></span> <span class='ocrx_word' id='word_1_125' title='bbox 1478 1103 1609 1131; x_wconf 87' lang='lat' dir='ltr'><strong>statum</strong></span> <span class='ocrx_word' id='word_1_126' title='bbox 1640 1097 1829 1143; x_wconf 84' lang='lat' dir='ltr'><strong>pacificum</strong></span> <span class='ocrx_word' id='word_1_127' title='bbox 1859 1098 2083 1132; x_wconf 87' lang='lat' dir='ltr'><strong>intendimus</strong></span> <span class='ocrx_word' id='word_1_128' title='bbox 2107 1111 2146 1132; x_wconf 84' lang='lat' dir='ltr'><strong>ac.</strong></span> 
     </span>
     <span class='ocr_line' id='line_1_13' title="bbox 270 1162 2148 1209; baseline 0.002 -13"><span class='ocrx_word' id='word_1_129' title='bbox 270 1162 520 1208; x_wconf 79' lang='lat' dir='ltr'><strong>tranquillum,</strong></span> <span class='ocrx_word' id='word_1_130' title='bbox 549 1162 716 1197; x_wconf 86' lang='lat' dir='ltr'><strong>volentes</strong></span> <span class='ocrx_word' id='word_1_131' title='bbox 740 1162 952 1208; x_wconf 88' lang='lat' dir='ltr'><strong>hujusmodi</strong></span> <span class='ocrx_word' id='word_1_132' title='bbox 977 1163 1183 1209; x_wconf 86' lang='lat' dir='ltr'><strong>dispendiis</strong></span> <span class='ocrx_word' id='word_1_133' title='bbox 1208 1163 1370 1205; x_wconf 86' lang='lat' dir='ltr'><strong>obviare,</strong></span> <span class='ocrx_word' id='word_1_134' title='bbox 1397 1163 1541 1197; x_wconf 87' lang='lat' dir='ltr'><strong>dilectis</strong></span> <span class='ocrx_word' id='word_1_135' title='bbox 1566 1163 1652 1198; x_wconf 85' lang='lat' dir='ltr'><strong>filiis</strong></span> <span class='ocrx_word' id='word_1_136' title='bbox 1680 1190 1702 1197; x_wconf 88' lang='lat'><strong>..</strong></span> <span class='ocrx_word' id='word_1_137' title='bbox 1724 1164 1864 1198; x_wconf 88' lang='lat' dir='ltr'><strong>abhati¹</strong></span> <span class='ocrx_word' id='word_1_138' title='bbox 1896 1171 1932 1198; x_wconf 94' lang='lat' dir='ltr'><strong>et</strong></span> <span class='ocrx_word' id='word_1_139' title='bbox 1959 1191 1980 1198; x_wconf 92' lang='lat'><strong>..</strong></span> <span class='ocrx_word' id='word_1_140' title='bbox 2005 1165 2148 1199; x_wconf 86' lang='lat' dir='ltr'><strong>cancel-</strong></span> 
     </span>
     <span class='ocr_line' id='line_1_14' title="bbox 270 1229 2148 1277; baseline 0.001 -14"><span class='ocrx_word' id='word_1_141' title='bbox 270 1229 382 1263; x_wconf 84' lang='lat' dir='ltr'><strong>lario’</strong></span> <span class='ocrx_word' id='word_1_142' title='bbox 407 1229 620 1264; x_wconf 89' lang='lat' dir='ltr'><strong>monasterii</strong></span> <span class='ocrx_word' id='word_1_143' title='bbox 643 1230 772 1264; x_wconf 85' lang='lat' dir='ltr'><strong>Sancte</strong></span> <span class='ocrx_word' id='word_1_144' title='bbox 797 1230 985 1263; x_wconf 86' lang='lat' dir='ltr'><strong>Genovese</strong></span> <span class='ocrx_word' id='word_1_145' title='bbox 1011 1230 1229 1264; x_wconf 87' lang='lat' dir='ltr'><strong>Parisiensis</strong></span> <span class='ocrx_word' id='word_1_146' title='bbox 1253 1230 1298 1263; x_wconf 89' lang='lat' dir='ltr'><strong>ad</strong></span> <span class='ocrx_word' id='word_1_147' title='bbox 1324 1231 1518 1264; x_wconf 86' lang='lat' dir='ltr'><strong>Romanam</strong></span> <span class='ocrx_word' id='word_1_148' title='bbox 1545 1230 1736 1264; x_wconf 82' lang='lat' dir='ltr'><strong>ecclesiam</strong></span> <span class='ocrx_word' id='word_1_149' title='bbox 1762 1231 1863 1265; x_wconf 92' lang='lat' dir='ltr'><strong>nullo</strong></span> <span class='ocrx_word' id='word_1_150' title='bbox 1890 1231 2010 1265; x_wconf 87' lang='lat' dir='ltr'><strong>medio</strong></span> <span class='ocrx_word' id='word_1_151' title='bbox 2037 1232 2148 1277; x_wconf 87' lang='lat' dir='ltr'><strong>perti-</strong></span> 
     </span>
     <span class='ocr_line' id='line_1_15' title="bbox 270 1295 2148 1343; baseline 0.001 -13"><span class='ocrx_word' id='word_1_152' title='bbox 270 1296 392 1330; x_wconf 90' lang='lat' dir='ltr'><strong>nentis</strong></span> <span class='ocrx_word' id='word_1_153' title='bbox 417 1295 568 1330; x_wconf 85' lang='lat' dir='ltr'><strong>Ordinis</strong></span> <span class='ocrx_word' id='word_1_154' title='bbox 593 1296 708 1330; x_wconf 87' lang='lat' dir='ltr'><strong>sancti</strong></span> <span class='ocrx_word' id='word_1_155' title='bbox 733 1297 931 1342; x_wconf 88' lang='lat' dir='ltr'><strong>Augustini</strong></span> <span class='ocrx_word' id='word_1_156' title='bbox 957 1308 1022 1342; x_wconf 90' lang='lat' dir='ltr'><strong>per</strong></span> <span class='ocrx_word' id='word_1_157' title='bbox 1046 1296 1135 1330; x_wconf 86' lang='lat' dir='ltr'><strong>alias</strong></span> <span class='ocrx_word' id='word_1_158' title='bbox 1159 1303 1304 1330; x_wconf 85' lang='lat' dir='ltr'><strong>nostras</strong></span> <span class='ocrx_word' id='word_1_159' title='bbox 1330 1297 1557 1343; x_wconf 86' lang='lat' dir='ltr'><strong>injungimus</strong></span> <span class='ocrx_word' id='word_1_160' title='bbox 1582 1297 1741 1331; x_wconf 79' lang='lat' dir='ltr'><strong>litteras⁸</strong></span> <span class='ocrx_word' id='word_1_161' title='bbox 1767 1305 1806 1332; x_wconf 93' lang='lat' dir='ltr'><strong>ut</strong></span> <span class='ocrx_word' id='word_1_162' title='bbox 1830 1310 1958 1332; x_wconf 88' lang='lat' dir='ltr'><strong>omnes</strong></span> <span class='ocrx_word' id='word_1_163' title='bbox 1989 1298 2079 1332; x_wconf 90' lang='lat' dir='ltr'><strong>tales</strong></span> <span class='ocrx_word' id='word_1_164' title='bbox 2104 1311 2148 1332; x_wconf 86' lang='lat' dir='ltr'><strong>ex</strong></span> 
     </span>
     <span class='ocr_line' id='line_1_16' title="bbox 269 1348 2147 1410; baseline 0.002 -14"><span class='ocrx_word' id='word_1_165' title='bbox 269 1362 376 1397; x_wconf 87' lang='lat' dir='ltr'><strong>vobis</strong></span> <span class='ocrx_word' id='word_1_166' title='bbox 396 1362 441 1396; x_wconf 86' lang='lat' dir='ltr'><strong>ad</strong></span> <span class='ocrx_word' id='word_1_167' title='bbox 461 1363 498 1396; x_wconf 86' lang='lat' dir='ltr'><strong>id</strong></span> <span class='ocrx_word' id='word_1_168' title='bbox 518 1363 720 1396; x_wconf 87' lang='lat' dir='ltr'><strong>monitione</strong></span> <span class='ocrx_word' id='word_1_169' title='bbox 741 1363 918 1408; x_wconf 87' lang='lat' dir='ltr'><strong>premissa</strong></span> <span class='ocrx_word' id='word_1_170' title='bbox 939 1363 1150 1396; x_wconf 87' lang='lat' dir='ltr'><strong>auctoritate</strong></span> <span class='ocrx_word' id='word_1_171' title='bbox 1171 1370 1295 1396; x_wconf 87' lang='lat' dir='ltr'><strong>nostra</strong></span> <span class='ocrx_word' id='word_1_172' title='bbox 1312 1375 1377 1409; x_wconf 89' lang='lat' dir='ltr'><strong>per</strong></span> <span class='ocrx_word' id='word_1_173' title='bbox 1397 1348 1588 1397; x_wconf 62' lang='lat' dir='ltr'><strong>censuram</strong></span> <span class='ocrx_word' id='word_1_174' title='bbox 1605 1364 1887 1398; x_wconf 82' lang='lat' dir='ltr'><strong>ecclesiasticam</strong></span> <span class='ocrx_word' id='word_1_175' title='bbox 1904 1365 2147 1410; x_wconf 84' lang='lat' dir='ltr'><strong>appellatione</strong></span> 
     </span>
     <span class='ocr_line' id='line_1_17' title="bbox 271 1429 2145 1481; baseline 0.001 -17"><span class='ocrx_word' id='word_1_176' title='bbox 271 1436 408 1464; x_wconf 85' lang='lat' dir='ltr'><strong>remota</strong></span> <span class='ocrx_word' id='word_1_177' title='bbox 427 1429 660 1481; x_wconf 76' lang='lat' dir='ltr'><strong>compellant.</strong></span> <span class='ocrx_word' id='word_1_178' title='bbox 678 1430 759 1463; x_wconf 90' lang='lat' dir='ltr'><strong>Non</strong></span> <span class='ocrx_word' id='word_1_179' title='bbox 775 1429 943 1464; x_wconf 88' lang='lat' dir='ltr'><strong>obstante</strong></span> <span class='ocrx_word' id='word_1_180' title='bbox 959 1429 992 1463; x_wconf 93' lang='lat' dir='ltr'><strong>si</strong></span> <span class='ocrx_word' id='word_1_181' title='bbox 1007 1429 1192 1475; x_wconf 87' lang='lat' dir='ltr'><strong>aliquibus</strong></span> <span class='ocrx_word' id='word_1_182' title='bbox 1208 1442 1227 1463; x_wconf 89' lang='lat' dir='ltr'><strong>a</strong></span> <span class='ocrx_word' id='word_1_183' title='bbox 1248 1430 1336 1463; x_wconf 91' lang='lat' dir='ltr'><strong>sede</strong></span> <span class='ocrx_word' id='word_1_184' title='bbox 1355 1429 1555 1475; x_wconf 87' lang='lat' dir='ltr'><strong>apostolica</strong></span> <span class='ocrx_word' id='word_1_185' title='bbox 1576 1431 1624 1464; x_wconf 88' lang='lat' dir='ltr'><strong>sit</strong></span> <span class='ocrx_word' id='word_1_186' title='bbox 1642 1430 1823 1464; x_wconf 90' lang='lat' dir='ltr'><strong>indultum</strong></span> <span class='ocrx_word' id='word_1_187' title='bbox 1845 1432 1942 1477; x_wconf 88' lang='lat' dir='ltr'><strong>quod</strong></span> <span class='ocrx_word' id='word_1_188' title='bbox 1963 1432 2145 1474; x_wconf 85' lang='lat' dir='ltr'><strong>interdici,</strong></span> 
     </span>
     <span class='ocr_line' id='line_1_18' title="bbox 271 1495 2150 1543; baseline 0.001 -13"><span class='ocrx_word' id='word_1_189' title='bbox 271 1496 449 1542; x_wconf 84' lang='lat' dir='ltr'><strong>suspendi</strong></span> <span class='ocrx_word' id='word_1_190' title='bbox 474 1495 533 1530; x_wconf 86' lang='lat' dir='ltr'><strong>vel</strong></span> <span class='ocrx_word' id='word_1_191' title='bbox 558 1496 864 1530; x_wconf 88' lang='lat' dir='ltr'><strong>excommunicari</strong></span> <span class='ocrx_word' id='word_1_192' title='bbox 890 1508 964 1530; x_wconf 92' lang='lat' dir='ltr'><strong>non</strong></span> <span class='ocrx_word' id='word_1_193' title='bbox 989 1496 1134 1542; x_wconf 90' lang='lat' dir='ltr'><strong>possint</strong></span> <span class='ocrx_word' id='word_1_194' title='bbox 1153 1507 1219 1542; x_wconf 89' lang='lat' dir='ltr'><strong>per</strong></span> <span class='ocrx_word' id='word_1_195' title='bbox 1238 1495 1377 1530; x_wconf 87' lang='lat' dir='ltr'><strong>litteras</strong></span> <span class='ocrx_word' id='word_1_196' title='bbox 1399 1496 1493 1530; x_wconf 91' lang='lat' dir='ltr'><strong>dicte</strong></span> <span class='ocrx_word' id='word_1_197' title='bbox 1519 1496 1620 1530; x_wconf 89' lang='lat' dir='ltr'><strong>sedis</strong></span> <span class='ocrx_word' id='word_1_198' title='bbox 1645 1509 1719 1530; x_wconf 93' lang='lat' dir='ltr'><strong>non</strong></span> <span class='ocrx_word' id='word_1_199' title='bbox 1744 1498 1919 1531; x_wconf 83' lang='lat' dir='ltr'><strong>facientes</strong></span> <span class='ocrx_word' id='word_1_200' title='bbox 1945 1498 2087 1543; x_wconf 85' lang='lat' dir='ltr'><strong>plenam</strong></span> <span class='ocrx_word' id='word_1_201' title='bbox 2104 1504 2150 1531; x_wconf 83' lang='lat' dir='ltr'><strong>et</strong></span> 
     </span>
     <span class='ocr_line' id='line_1_19' title="bbox 261 1562 2149 1609; baseline 0.001 -13"><span class='ocrx_word' id='word_1_202' title='bbox 261 1574 484 1609; x_wconf 80' lang='lat' dir='ltr'><strong>expressam</strong></span> <span class='ocrx_word' id='word_1_203' title='bbox 514 1562 559 1596; x_wconf 91' lang='lat' dir='ltr'><strong>de</strong></span> <span class='ocrx_word' id='word_1_204' title='bbox 589 1563 732 1597; x_wconf 91' lang='lat' dir='ltr'><strong>indulto</strong></span> <span class='ocrx_word' id='word_1_205' title='bbox 752 1562 964 1608; x_wconf 87' lang='lat' dir='ltr'><strong>hujusmodi</strong></span> <span class='ocrx_word' id='word_1_206' title='bbox 985 1563 1220 1597; x_wconf 89' lang='lat' dir='ltr'><strong>mentionem.</strong></span> <span class='ocrx_word' id='word_1_207' title='bbox 1242 1563 1414 1597; x_wconf 86' lang='lat' dir='ltr'><strong>Ceterum</strong></span> <span class='ocrx_word' id='word_1_208' title='bbox 1444 1562 1536 1596; x_wconf 89' lang='lat' dir='ltr'><strong>illud</strong></span> <span class='ocrx_word' id='word_1_209' title='bbox 1566 1563 1665 1609; x_wconf 93' lang='lat' dir='ltr'><strong>quod</strong></span> <span class='ocrx_word' id='word_1_210' title='bbox 1700 1575 1743 1597; x_wconf 89' lang='lat' dir='ltr'><strong>ex</strong></span> <span class='ocrx_word' id='word_1_211' title='bbox 1773 1563 1983 1609; x_wconf 87' lang='lat' dir='ltr'><strong>hujusmodi</strong></span> <span class='ocrx_word' id='word_1_212' title='bbox 2013 1565 2149 1598; x_wconf 90' lang='lat' dir='ltr'><strong>contri-</strong></span> 
     </span>
     <span class='ocr_line' id='line_1_20' title="bbox 270 1628 2147 1676; baseline 0.001 -13"><span class='ocrx_word' id='word_1_213' title='bbox 270 1628 422 1664; x_wconf 88' lang='lat' dir='ltr'><strong>butione</strong></span> <span class='ocrx_word' id='word_1_214' title='bbox 443 1629 648 1676; x_wconf 75' lang='lat' dir='ltr'><strong>proveniet,</strong></span> <span class='ocrx_word' id='word_1_215' title='bbox 669 1641 734 1675; x_wconf 89' lang='lat' dir='ltr'><strong>per</strong></span> <span class='ocrx_word' id='word_1_216' title='bbox 754 1629 920 1663; x_wconf 86' lang='lat' dir='ltr'><strong>abbatem</strong></span> <span class='ocrx_word' id='word_1_217' title='bbox 941 1636 977 1663; x_wconf 91' lang='lat' dir='ltr'><strong>et</strong></span> <span class='ocrx_word' id='word_1_218' title='bbox 1002 1629 1259 1663; x_wconf 83' lang='lat' dir='ltr'><strong>cancellarium</strong></span> <span class='ocrx_word' id='word_1_219' title='bbox 1286 1629 1517 1675; x_wconf 84' lang='lat' dir='ltr'><strong>supradictos</strong></span> <span class='ocrx_word' id='word_1_220' title='bbox 1545 1629 1671 1676; x_wconf 88' lang='lat' dir='ltr'><strong>colligi</strong></span> <span class='ocrx_word' id='word_1_221' title='bbox 1695 1630 1865 1664; x_wconf 88' lang='lat' dir='ltr'><strong>volumus</strong></span> <span class='ocrx_word' id='word_1_222' title='bbox 1894 1637 1930 1664; x_wconf 90' lang='lat' dir='ltr'><strong>et</strong></span> <span class='ocrx_word' id='word_1_223' title='bbox 1955 1630 2147 1664; x_wconf 85' lang='lat' dir='ltr'><strong>collectum</strong></span> 
     </span>
     <span class='ocr_line' id='line_1_21' title="bbox 276 1695 2148 1743; baseline 0.001 -13"><span class='ocrx_word' id='word_1_224' title='bbox 276 1722 299 1730; x_wconf 90' lang='lat'><strong>..</strong></span> <span class='ocrx_word' id='word_1_225' title='bbox 330 1696 465 1730; x_wconf 87' lang='lat' dir='ltr'><strong>rectori</strong></span> <span class='ocrx_word' id='word_1_226' title='bbox 495 1696 767 1739; x_wconf 87' lang='lat' dir='ltr'><strong>Universitatis,</strong></span> <span class='ocrx_word' id='word_1_227' title='bbox 797 1696 946 1730; x_wconf 88' lang='lat' dir='ltr'><strong>decanis</strong></span> <span class='ocrx_word' id='word_1_228' title='bbox 974 1696 1182 1730; x_wconf 80' lang='lat' dir='ltr'><strong>facultatum</strong></span> <span class='ocrx_word' id='word_1_229' title='bbox 1213 1703 1248 1730; x_wconf 88' lang='lat' dir='ltr'><strong>et</strong></span> <span class='ocrx_word' id='word_1_230' title='bbox 1273 1695 1575 1742; x_wconf 88' lang='lat' dir='ltr'><strong>procuratoribus</strong></span> <span class='ocrx_word' id='word_1_231' title='bbox 1604 1703 1761 1742; x_wconf 90' lang='lat' dir='ltr'><strong>quatuor</strong></span> <span class='ocrx_word' id='word_1_232' title='bbox 1790 1697 1976 1731; x_wconf 84' lang='lat' dir='ltr'><strong>nationum</strong></span> <span class='ocrx_word' id='word_1_233' title='bbox 2005 1697 2148 1743; x_wconf 88' lang='lat' dir='ltr'><strong>integre</strong></span> 
     </span>
     <span class='ocr_line' id='line_1_22' title="bbox 272 1762 2148 1810; baseline 0.001 -14"><span class='ocrx_word' id='word_1_234' title='bbox 272 1763 416 1797; x_wconf 86' lang='lat' dir='ltr'><strong>restitui</strong></span> <span class='ocrx_word' id='word_1_235' title='bbox 449 1774 515 1809; x_wconf 91' lang='lat' dir='ltr'><strong>per</strong></span> <span class='ocrx_word' id='word_1_236' title='bbox 540 1762 691 1797; x_wconf 88' lang='lat' dir='ltr'><strong>eosdem</strong></span> <span class='ocrx_word' id='word_1_237' title='bbox 719 1763 756 1796; x_wconf 91' lang='lat' dir='ltr'><strong>in</strong></span> <span class='ocrx_word' id='word_1_238' title='bbox 782 1762 901 1808; x_wconf 90' lang='lat' dir='ltr'><strong>ipsius</strong></span> <span class='ocrx_word' id='word_1_239' title='bbox 928 1763 1186 1797; x_wconf 88' lang='lat' dir='ltr'><strong>Universitatis</strong></span> <span class='ocrx_word' id='word_1_240' title='bbox 1210 1774 1305 1805; x_wconf 83' lang='lat' dir='ltr'><strong>arca,</strong></span> <span class='ocrx_word' id='word_1_241' title='bbox 1329 1775 1394 1809; x_wconf 92' lang='lat' dir='ltr'><strong>per</strong></span> <span class='ocrx_word' id='word_1_242' title='bbox 1421 1769 1613 1805; x_wconf 77' lang='lat' dir='ltr'><strong>rectorem,</strong></span> <span class='ocrx_word' id='word_1_243' title='bbox 1639 1763 1797 1797; x_wconf 90' lang='lat' dir='ltr'><strong>decanos</strong></span> <span class='ocrx_word' id='word_1_244' title='bbox 1827 1770 1863 1798; x_wconf 87' lang='lat' dir='ltr'><strong>et</strong></span> <span class='ocrx_word' id='word_1_245' title='bbox 1891 1771 2148 1810; x_wconf 84' lang='lat' dir='ltr'><strong>procuratores</strong></span> 
     </span>
     <span class='ocr_line' id='line_1_23' title="bbox 273 1829 2150 1875; baseline 0.001 -12"><span class='ocrx_word' id='word_1_246' title='bbox 273 1829 457 1875; x_wconf 86' lang='lat' dir='ltr'><strong>predictos</strong></span> <span class='ocrx_word' id='word_1_247' title='bbox 492 1829 651 1863; x_wconf 86' lang='lat' dir='ltr'><strong>fideliter</strong></span> <span class='ocrx_word' id='word_1_248' title='bbox 688 1829 947 1875; x_wconf 88' lang='lat' dir='ltr'><strong>deponendum</strong></span> <span class='ocrx_word' id='word_1_249' title='bbox 985 1836 1021 1863; x_wconf 91' lang='lat' dir='ltr'><strong>et</strong></span> <span class='ocrx_word' id='word_1_250' title='bbox 1055 1829 1342 1863; x_wconf 87' lang='lat' dir='ltr'><strong>convertendum</strong></span> <span class='ocrx_word' id='word_1_251' title='bbox 1377 1841 1442 1875; x_wconf 87' lang='lat' dir='ltr'><strong>per</strong></span> <span class='ocrx_word' id='word_1_252' title='bbox 1475 1829 1576 1875; x_wconf 87' lang='lat' dir='ltr'><strong>ipsos</strong></span> <span class='ocrx_word' id='word_1_253' title='bbox 1610 1829 1647 1862; x_wconf 90' lang='lat' dir='ltr'><strong>in</strong></span> <span class='ocrx_word' id='word_1_254' title='bbox 1681 1829 1901 1864; x_wconf 88' lang='lat' dir='ltr'><strong>solutionem</strong></span> <span class='ocrx_word' id='word_1_255' title='bbox 1938 1830 2150 1875; x_wconf 88' lang='lat' dir='ltr'><strong>hujusmodi</strong></span> 
     </span>
     <span class='ocr_line' id='line_1_24' title="bbox 272 1895 2011 1942; baseline 0.001 -12"><span class='ocrx_word' id='word_1_256' title='bbox 272 1907 527 1942; x_wconf 85' lang='lat' dir='ltr'><strong>expensarum.</strong></span> <span class='ocrx_word' id='word_1_257' title='bbox 550 1897 629 1930; x_wconf 90' lang='lat' dir='ltr'><strong>Dat.</strong></span> <span class='ocrx_word' id='word_1_258' title='bbox 652 1895 748 1942; x_wconf 88' lang='lat' dir='ltr'><strong>apud</strong></span> <span class='ocrx_word' id='word_1_259' title='bbox 769 1895 905 1930; x_wconf 89' lang='lat' dir='ltr'><strong>Urbem</strong></span> <span class='ocrx_word' id='word_1_260' title='bbox 926 1897 1097 1930; x_wconf 89' lang='lat' dir='ltr'><strong>Veterem</strong></span> <span class='ocrx_word' id='word_1_261' title='bbox 1119 1908 1205 1930; x_wconf 90' lang='lat' dir='ltr'><strong>non.</strong></span> <span class='ocrx_word' id='word_1_262' title='bbox 1228 1896 1361 1938; x_wconf 83' lang='lat' dir='ltr'><strong>Martii,</strong></span> <span class='ocrx_word' id='word_1_263' title='bbox 1383 1895 1617 1942; x_wconf 83' lang='lat' dir='ltr'><strong>pontificatus</strong></span> <span class='ocrx_word' id='word_1_264' title='bbox 1639 1896 1755 1930; x_wconf 86' lang='lat' dir='ltr'><strong>nostri</strong></span> <span class='ocrx_word' id='word_1_265' title='bbox 1776 1908 1870 1930; x_wconf 89' lang='lat' dir='ltr'><strong>anno</strong></span> <span class='ocrx_word' id='word_1_266' title='bbox 1892 1897 2011 1931; x_wconf 88' lang='lat' dir='ltr'><strong>tertio.</strong></span> 
     </span>
    </p>
   </div>
   <div class='ocr_carea' id='block_1_4' title="bbox 271 1993 2151 2071">
    <p class='ocr_par' dir='ltr' id='par_1_4' title="bbox 271 1993 2151 2071">
     <span class='ocr_line' id='line_1_25' title="bbox 365 1993 2151 2026; baseline 0.001 -8"><span class='ocrx_word' id='word_1_267' title='bbox 365 1993 501 2026; x_wconf 73' lang='lat' dir='ltr'><strong>Originale</strong></span> <span class='ocrx_word' id='word_1_268' title='bbox 526 1993 553 2018; x_wconf 87' lang='lat' dir='ltr'><strong>in</strong></span> <span class='ocrx_word' id='word_1_269' title='bbox 574 1994 651 2018; x_wconf 77' lang='lat' dir='ltr'><strong>Arch.</strong></span> <span class='ocrx_word' id='word_1_270' title='bbox 678 1996 732 2018; x_wconf 84' lang='lat' dir='ltr'><strong>nat.</strong></span> <span class='ocrx_word' id='word_1_271' title='bbox 757 1993 841 2018; x_wconf 79' lang='lat' dir='ltr'><strong>Paris.</strong></span> <span class='ocrx_word' id='word_1_272' title='bbox 860 1994 888 2018; x_wconf 82' lang='lat'><strong>1..</strong></span> <span class='ocrx_word' id='word_1_273' title='bbox 909 1995 964 2022; x_wconf 79' lang='lat'><strong>270,</strong></span> <span class='ocrx_word' id='word_1_274' title='bbox 985 1998 1015 2018; x_wconf 79' lang='lat' dir='ltr'><strong>n⁰</strong></span> <span class='ocrx_word' id='word_1_275' title='bbox 1033 1994 1071 2018; x_wconf 78' lang='lat'><strong>21.</strong></span> <span class='ocrx_word' id='word_1_276' title='bbox 1089 1993 1226 2026; x_wconf 78' lang='lat' dir='ltr'><strong>Appendet</strong></span> <span class='ocrx_word' id='word_1_277' title='bbox 1243 1993 1363 2025; x_wconf 78' lang='lat' dir='ltr'><strong>sigillum</strong></span> <span class='ocrx_word' id='word_1_278' title='bbox 1387 1993 1550 2025; x_wconf 81' lang='lat' dir='ltr'><strong>plumbeum.</strong></span> <span class='ocrx_word' id='word_1_279' title='bbox 1575 1993 1726 2018; x_wconf 80' lang='lat' dir='ltr'><strong>Pertinebut</strong></span> <span class='ocrx_word' id='word_1_280' title='bbox 1749 1994 1813 2018; x_wconf 89' lang='lat' dir='ltr'><strong>olim</strong></span> <span class='ocrx_word' id='word_1_281' title='bbox 1834 1995 1867 2019; x_wconf 87' lang='lat' dir='ltr'><strong>ad</strong></span> <span class='ocrx_word' id='word_1_282' title='bbox 1883 1995 1959 2019; x_wconf 76' lang='lat' dir='ltr'><strong>Arch.</strong></span> <span class='ocrx_word' id='word_1_283' title='bbox 1976 1995 2099 2020; x_wconf 77' lang='lat' dir='ltr'><strong>Univers.</strong></span> <span class='ocrx_word' id='word_1_284' title='bbox 2119 2009 2151 2015; x_wconf 92' lang='lat'>-</span> 
     </span>
     <span class='ocr_line' id='line_1_26' title="bbox 271 2037 1594 2071; baseline -0.001 -9"><span class='ocrx_word' id='word_1_285' title='bbox 271 2038 463 2071; x_wconf 71' lang='lat' dir='ltr'><strong>Apographum</strong></span> <span class='ocrx_word' id='word_1_286' title='bbox 477 2038 540 2062; x_wconf 76' lang='lat' dir='ltr'><strong>anni</strong></span> <span class='ocrx_word' id='word_1_287' title='bbox 555 2038 616 2062; x_wconf 80' lang='lat'><strong>1³18</strong></span> <span class='ocrx_word' id='word_1_288' title='bbox 631 2038 658 2062; x_wconf 84' lang='lat' dir='ltr'><strong>in</strong></span> <span class='ocrx_word' id='word_1_289' title='bbox 672 2038 749 2062; x_wconf 73' lang='lat' dir='ltr'><strong>Arch.</strong></span> <span class='ocrx_word' id='word_1_290' title='bbox 766 2038 888 2063; x_wconf 70' lang='lat' dir='ltr'><strong>Univers,</strong></span> <span class='ocrx_word' id='word_1_291' title='bbox 903 2038 987 2062; x_wconf 76' lang='lat' dir='ltr'><strong>Paris.</strong></span> <span class='ocrx_word' id='word_1_292' title='bbox 1004 2038 1080 2062; x_wconf 80' lang='lat' dir='ltr'><strong>theca</strong></span> <span class='ocrx_word' id='word_1_293' title='bbox 1095 2038 1137 2062; x_wconf 82' lang='lat' dir='ltr'><strong>tv.</strong></span> <span class='ocrx_word' id='word_1_294' title='bbox 1153 2039 1181 2062; x_wconf 82' lang='grc' dir='ltr'><strong>Α.</strong></span> <span class='ocrx_word' id='word_1_295' title='bbox 1199 2038 1237 2062; x_wconf 86' lang='grc'><strong>18.</strong></span> <span class='ocrx_word' id='word_1_296' title='bbox 1253 2046 1277 2062; x_wconf 82' lang='lat' dir='ltr'><strong>a.</strong></span> <span class='ocrx_word' id='word_1_297' title='bbox 1293 2051 1325 2056; x_wconf 93' lang='lat'>-</span> <span class='ocrx_word' id='word_1_298' title='bbox 1339 2037 1463 2067; x_wconf 75' lang='lat' dir='ltr'><strong>Bulaeus,</strong></span> <span class='ocrx_word' id='word_1_299' title='bbox 1479 2038 1525 2067; x_wconf 80' lang='grc' dir='ltr'><strong>ΠΙ,</strong></span> <span class='ocrx_word' id='word_1_300' title='bbox 1539 2039 1594 2062; x_wconf 77' lang='lat'><strong>463.</strong></span> 
     </span>
    </p>
   </div>
   <div class='ocr_carea' id='block_1_5' title="bbox 367 2121 2149 2154">
    <p class='ocr_par' dir='ltr' id='par_1_5' title="bbox 367 2121 2149 2154">
     <span class='ocr_line' id='line_1_27' title="bbox 367 2121 2149 2154; baseline 0.001 -8"><span class='ocrx_word' id='word_1_301' title='bbox 367 2121 390 2146; x_wconf 87' lang='grc'><strong>1.</strong></span> <span class='ocrx_word' id='word_1_302' title='bbox 406 2121 552 2154; x_wconf 75' lang='lat' dir='ltr'><strong>Arnulpbo.</strong></span> <span class='ocrx_word' id='word_1_303' title='bbox 567 2135 600 2141; x_wconf 90' lang='lat'><em>-</em></span> <span class='ocrx_word' id='word_1_304' title='bbox 618 2123 642 2147; x_wconf 83' lang='lat'><strong>2.</strong></span> <span class='ocrx_word' id='word_1_305' title='bbox 662 2123 692 2146; x_wconf 80' lang='lat' dir='ltr'><strong>In</strong></span> <span class='ocrx_word' id='word_1_306' title='bbox 711 2122 807 2146; x_wconf 73' lang='lat' dir='ltr'><strong>litteris</strong></span> <span class='ocrx_word' id='word_1_307' title='bbox 826 2122 933 2146; x_wconf 67' lang='lat' dir='ltr'><strong>nai-tini</strong></span> <span class='ocrx_word' id='word_1_308' title='bbox 952 2122 995 2151; x_wconf 82' lang='lat' dir='ltr'><strong>tv,</strong></span> <span class='ocrx_word' id='word_1_309' title='bbox 1015 2121 1052 2146; x_wconf 88' lang='lat' dir='ltr'><strong>id.</strong></span> <span class='ocrx_word' id='word_1_310' title='bbox 1072 2121 1161 2146; x_wconf 72' lang='lat' dir='ltr'><strong>Martii</strong></span> <span class='ocrx_word' id='word_1_311' title='bbox 1180 2130 1223 2147; x_wconf 79' lang='lat' dir='ltr'><strong>an.</strong></span> <span class='ocrx_word' id='word_1_312' title='bbox 1244 2122 1256 2146; x_wconf 91' lang='lat'>1</span> <span class='ocrx_word' id='word_1_313' title='bbox 1283 2122 1363 2153; x_wconf 80' lang='lat'><strong>(1282,</strong></span> <span class='ocrx_word' id='word_1_314' title='bbox 1388 2122 1476 2146; x_wconf 69' lang='lat' dir='ltr'><strong>Martii</strong></span> <span class='ocrx_word' id='word_1_315' title='bbox 1500 2122 1549 2153; x_wconf 81' lang='lat'><strong>15),</strong></span> <span class='ocrx_word' id='word_1_316' title='bbox 1576 2122 1728 2146; x_wconf 79' lang='lat' dir='ltr'><strong>nominatur</strong></span> <span class='ocrx_word' id='word_1_317' title='bbox 1752 2124 1785 2148; x_wconf 74' lang='lat' dir='ltr'><strong>fr.</strong></span> <span class='ocrx_word' id='word_1_318' title='bbox 1808 2123 1954 2147; x_wconf 65' lang='lat' dir='ltr'><strong>Gauri-idus</strong></span> <span class='ocrx_word' id='word_1_319' title='bbox 1975 2124 2149 2148; x_wconf 79' lang='lat' dir='ltr'><strong>cancellarius</strong></span> 
     </span>
    </p>
   </div>
   <div class='ocr_carea' id='block_1_6' title="bbox 273 2166 2151 2236">
    <p class='ocr_par' dir='ltr' id='par_1_6' title="bbox 273 2166 2151 2236">
     <span class='ocr_line' id='line_1_28' title="bbox 273 2166 2151 2201; baseline 0.002 -11"><span class='ocrx_word' id='word_1_320' title='bbox 273 2166 300 2190; x_wconf 83' lang='lat' dir='ltr'><strong>S.</strong></span> <span class='ocrx_word' id='word_1_321' title='bbox 315 2166 463 2191; x_wconf 64' lang='lat' dir='ltr'><strong>annovera</strong></span> <span class='ocrx_word' id='word_1_322' title='bbox 477 2167 550 2199; x_wconf 56' lang='lat' dir='ltr'><strong>(ang.</strong></span> <span class='ocrx_word' id='word_1_323' title='bbox 566 2167 624 2192; x_wconf 69' lang='lat' dir='ltr'><strong>vn.</strong></span> <span class='ocrx_word' id='word_1_324' title='bbox 638 2166 744 2191; x_wconf 64' lang='lat' dir='ltr'><strong>Martini</strong></span> <span class='ocrx_word' id='word_1_325' title='bbox 759 2167 802 2196; x_wconf 83' lang='lat' dir='ltr'><strong>tv,</strong></span> <span class='ocrx_word' id='word_1_326' title='bbox 817 2170 846 2191; x_wconf 65' lang='grc' dir='ltr'><strong>η’)</strong></span> <span class='ocrx_word' id='word_1_327' title='bbox 859 2167 900 2196; x_wconf 76' lang='lat'><strong>41,</strong></span> <span class='ocrx_word' id='word_1_328' title='bbox 915 2175 958 2191; x_wconf 78' lang='lat' dir='ltr'><strong>an.</strong></span> <span class='ocrx_word' id='word_1_329' title='bbox 975 2167 998 2196; x_wconf 82' lang='lat'><strong>1,</strong></span> <span class='ocrx_word' id='word_1_330' title='bbox 1013 2175 1055 2199; x_wconf 82' lang='lat' dir='ltr'><strong>ep.</strong></span> <span class='ocrx_word' id='word_1_331' title='bbox 1073 2167 1128 2197; x_wconf 82' lang='lat'><strong>127,</strong></span> <span class='ocrx_word' id='word_1_332' title='bbox 1146 2166 1191 2191; x_wconf 84' lang='lat' dir='ltr'><strong>t&#39;ol.</strong></span> <span class='ocrx_word' id='word_1_333' title='bbox 1207 2167 1256 2198; x_wconf 84' lang='grc'><strong>39),</strong></span> <span class='ocrx_word' id='word_1_334' title='bbox 1270 2166 1316 2199; x_wconf 87' lang='lat' dir='ltr'><strong>qui</strong></span> <span class='ocrx_word' id='word_1_335' title='bbox 1331 2166 1511 2191; x_wconf 75' lang='lat' dir='ltr'><strong>verisimiliter</strong></span> <span class='ocrx_word' id='word_1_336' title='bbox 1523 2166 1609 2191; x_wconf 79' lang='lat' dir='ltr'><strong>adhuc</strong></span> <span class='ocrx_word' id='word_1_337' title='bbox 1624 2175 1667 2191; x_wconf 80' lang='lat' dir='ltr'><strong>an.</strong></span> <span class='ocrx_word' id='word_1_338' title='bbox 1684 2167 1744 2191; x_wconf 79' lang='lat'><strong>1284</strong></span> <span class='ocrx_word' id='word_1_339' title='bbox 1761 2167 1849 2191; x_wconf 77' lang='lat' dir='ltr'><strong>officio</strong></span> <span class='ocrx_word' id='word_1_340' title='bbox 1864 2168 2037 2192; x_wconf 75' lang='lat' dir='ltr'><strong>cancellariae</strong></span> <span class='ocrx_word' id='word_1_341' title='bbox 2055 2170 2151 2201; x_wconf 74' lang='lat' dir='ltr'><strong>funge-</strong></span> 
     </span>
     <span class='ocr_line' id='line_1_29' title="bbox 274 2210 640 2236; baseline 0.003 -1"><span class='ocrx_word' id='word_1_342' title='bbox 274 2210 363 2236; x_wconf 68' lang='lat' dir='ltr'><strong>batur.</strong></span> <span class='ocrx_word' id='word_1_343' title='bbox 376 2223 410 2230; x_wconf 88' lang='lat'><em>-</em></span> <span class='ocrx_word' id='word_1_344' title='bbox 423 2211 446 2235; x_wconf 78' lang='grc'><strong>3.</strong></span> <span class='ocrx_word' id='word_1_345' title='bbox 462 2210 527 2235; x_wconf 73' lang='lat' dir='ltr'><strong>Vide</strong></span> <span class='ocrx_word' id='word_1_346' title='bbox 541 2215 572 2235; x_wconf 72' lang='grc' dir='ltr'><strong>η·</strong></span> <span class='ocrx_word' id='word_1_347' title='bbox 585 2211 640 2236; x_wconf 78' lang='lat'><strong>51³.</strong></span> 
     </span>
    </p>
   </div>
   <div class='ocr_carea' id='block_1_7' title="bbox 275 2376 1727 2424">
    <p class='ocr_par' dir='ltr' id='par_1_7' title="bbox 275 2376 1727 2424">
     <span class='ocr_line' id='line_1_30' title="bbox 275 2376 1727 2424; baseline -0.001 -9"><span class='ocrx_word' id='word_1_348' title='bbox 275 2376 388 2415; x_wconf 81' lang='lat'><strong>513.</strong></span> <span class='ocrx_word' id='word_1_349' title='bbox 411 2386 556 2413; x_wconf 70' lang='lat' dir='ltr'><strong>Martinus</strong></span> <span class='ocrx_word' id='word_1_350' title='bbox 567 2394 650 2424; x_wconf 81' lang='lat' dir='ltr'><strong>papa</strong></span> <span class='ocrx_word' id='word_1_351' title='bbox 665 2387 682 2413; x_wconf 94' lang='lat'><em>1</em></span> <span class='ocrx_word' id='word_1_352' title='bbox 686 2387 711 2414; x_wconf 77' lang='lat' dir='ltr'><em>V</em></span> <span class='ocrx_word' id='word_1_353' title='bbox 718 2386 822 2413; x_wconf 77' lang='lat' dir='ltr'><strong>abbati</strong></span> <span class='ocrx_word' id='word_1_354' title='bbox 835 2390 863 2414; x_wconf 74' lang='lat' dir='ltr'><strong>et</strong></span> <span class='ocrx_word' id='word_1_355' title='bbox 877 2386 1053 2414; x_wconf 80' lang='lat' dir='ltr'><strong>cancellario</strong></span> <span class='ocrx_word' id='word_1_356' title='bbox 1070 2388 1196 2413; x_wconf 77' lang='lat' dir='ltr'><strong>Sanctae</strong></span> <span class='ocrx_word' id='word_1_357' title='bbox 1213 2387 1372 2422; x_wconf 75' lang='lat' dir='ltr'><strong>Genovesao</strong></span> <span class='ocrx_word' id='word_1_358' title='bbox 1386 2386 1423 2413; x_wconf 77' lang='lat' dir='ltr'><strong>de</strong></span> <span class='ocrx_word' id='word_1_359' title='bbox 1437 2386 1535 2413; x_wconf 81' lang='lat' dir='ltr'><strong>eodem</strong></span> <span class='ocrx_word' id='word_1_360' title='bbox 1550 2390 1727 2422; x_wconf 72' lang='lat' dir='ltr'><strong>argumento.</strong></span> 
     </span>
    </p>
   </div>
   <div class='ocr_carea' id='block_1_8' title="bbox 1322 2483 1863 2517">
    <p class='ocr_par' dir='ltr' id='par_1_8' title="bbox 1322 2483 1863 2517">
     <span class='ocr_line' id='line_1_31' title="bbox 1322 2483 1863 2517; baseline 0 -6"><span class='ocrx_word' id='word_1_361' title='bbox 1322 2484 1402 2515; x_wconf 75' lang='lat'><em>1284,</em></span> <span class='ocrx_word' id='word_1_362' title='bbox 1415 2484 1503 2511; x_wconf 67' lang='lat' dir='ltr'><strong>Hae-tl}</strong></span> <span class='ocrx_word' id='word_1_363' title='bbox 1516 2484 1537 2515; x_wconf 87' lang='lat'><strong>7.</strong></span> <span class='ocrx_word' id='word_1_364' title='bbox 1553 2485 1623 2517; x_wconf 77' lang='lat' dir='ltr'><strong>apud</strong></span> <span class='ocrx_word' id='word_1_365' title='bbox 1634 2483 1723 2511; x_wconf 73' lang='lat' dir='ltr'><strong>orbem</strong></span> <span class='ocrx_word' id='word_1_366' title='bbox 1739 2485 1863 2512; x_wconf 67' lang='lat' dir='ltr'><strong>veroum.</strong></span> 
     </span>
    </p>
   </div>
   <div class='ocr_carea' id='block_1_9' title="bbox 275 2562 2153 2948">
    <p class='ocr_par' dir='ltr' id='par_1_9' title="bbox 275 2562 2153 2948">
     <span class='ocr_line' id='line_1_32' title="bbox 365 2562 2151 2614; baseline 0.001 -12"><span class='ocrx_word' id='word_1_367' title='bbox 365 2567 564 2602; x_wconf 73' lang='lat' dir='ltr'><strong>Martinus·</strong></span> <span class='ocrx_word' id='word_1_368' title='bbox 586 2567 784 2614; x_wconf 86' lang='lat' dir='ltr'><strong>episcopus</strong></span> <span class='ocrx_word' id='word_1_369' title='bbox 808 2579 938 2602; x_wconf 82' lang='lat' dir='ltr'><strong>servus</strong></span> <span class='ocrx_word' id='word_1_370' title='bbox 967 2562 1156 2602; x_wconf 76' lang='lat' dir='ltr'><strong>servorum</strong></span> <span class='ocrx_word' id='word_1_371' title='bbox 1179 2567 1246 2601; x_wconf 91' lang='lat' dir='ltr'><strong>Dei</strong></span> <span class='ocrx_word' id='word_1_372' title='bbox 1276 2567 1421 2602; x_wconf 89' lang='lat' dir='ltr'><strong>dilectis</strong></span> <span class='ocrx_word' id='word_1_373' title='bbox 1448 2567 1534 2602; x_wconf 82' lang='lat' dir='ltr'><strong>filiis</strong></span> <span class='ocrx_word' id='word_1_374' title='bbox 1563 2566 1684 2602; x_wconf 86' lang='lat' dir='ltr'><strong>abbati</strong></span> <span class='ocrx_word' id='word_1_375' title='bbox 1709 2574 1745 2602; x_wconf 89' lang='lat' dir='ltr'><strong>et</strong></span> <span class='ocrx_word' id='word_1_376' title='bbox 1769 2568 1985 2603; x_wconf 87' lang='lat' dir='ltr'><strong>cancellario</strong></span> <span class='ocrx_word' id='word_1_377' title='bbox 2006 2581 2151 2603; x_wconf 87' lang='lat' dir='ltr'><strong>monas-</strong></span> 
     </span>
     <span class='ocr_line' id='line_1_33' title="bbox 277 2633 2151 2680; baseline 0.002 -13"><span class='ocrx_word' id='word_1_378' title='bbox 277 2633 359 2667; x_wconf 85' lang='lat' dir='ltr'><strong>terii</strong></span> <span class='ocrx_word' id='word_1_379' title='bbox 380 2634 509 2668; x_wconf 87' lang='lat' dir='ltr'><strong>Sancte</strong></span> <span class='ocrx_word' id='word_1_380' title='bbox 525 2634 713 2669; x_wconf 78' lang='lat' dir='ltr'><strong>Genovese</strong></span> <span class='ocrx_word' id='word_1_381' title='bbox 729 2634 844 2668; x_wconf 87' lang='lat' dir='ltr'><strong>Paris.</strong></span> <span class='ocrx_word' id='word_1_382' title='bbox 863 2633 907 2668; x_wconf 85' lang='lat' dir='ltr'><strong>ad</strong></span> <span class='ocrx_word' id='word_1_383' title='bbox 929 2635 1124 2668; x_wconf 83' lang='lat' dir='ltr'><strong>Romanam</strong></span> <span class='ocrx_word' id='word_1_384' title='bbox 1145 2633 1338 2667; x_wconf 85' lang='lat' dir='ltr'><strong>ecclesiam</strong></span> <span class='ocrx_word' id='word_1_385' title='bbox 1358 2633 1460 2667; x_wconf 89' lang='lat' dir='ltr'><strong>nullo</strong></span> <span class='ocrx_word' id='word_1_386' title='bbox 1482 2634 1602 2668; x_wconf 84' lang='lat' dir='ltr'><strong>medio</strong></span> <span class='ocrx_word' id='word_1_387' title='bbox 1627 2634 1845 2680; x_wconf 87' lang='lat' dir='ltr'><strong>pertinentis</strong></span> <span class='ocrx_word' id='word_1_388' title='bbox 1865 2635 2016 2670; x_wconf 88' lang='lat' dir='ltr'><strong>Ordinis</strong></span> <span class='ocrx_word' id='word_1_389' title='bbox 2036 2636 2151 2670; x_wconf 86' lang='lat' dir='ltr'><strong>sancti</strong></span> 
     </span>
     <span class='ocr_line' id='line_1_34' title="bbox 275 2699 2153 2748; baseline 0.001 -13"><span class='ocrx_word' id='word_1_390' title='bbox 275 2699 475 2747; x_wconf 81' lang='lat' dir='ltr'><strong>Augustini</strong></span> <span class='ocrx_word' id='word_1_391' title='bbox 499 2700 652 2735; x_wconf 85' lang='lat' dir='ltr'><strong>salutem</strong></span> <span class='ocrx_word' id='word_1_392' title='bbox 678 2707 715 2735; x_wconf 90' lang='lat' dir='ltr'><strong>et</strong></span> <span class='ocrx_word' id='word_1_393' title='bbox 738 2700 973 2747; x_wconf 84' lang='lat' dir='ltr'><strong>apostolicam</strong></span> <span class='ocrx_word' id='word_1_394' title='bbox 998 2700 1306 2735; x_wconf 87' lang='lat' dir='ltr'><strong>benedictionem.</strong></span> <span class='ocrx_word' id='word_1_395' title='bbox 1328 2700 1385 2734; x_wconf 85' lang='lat' dir='ltr'><strong>Ad</strong></span> <span class='ocrx_word' id='word_1_396' title='bbox 1405 2707 1537 2735; x_wconf 86' lang='lat' dir='ltr'><strong>statum</strong></span> <span class='ocrx_word' id='word_1_397' title='bbox 1558 2700 1808 2735; x_wconf 86' lang='lat' dir='ltr'><strong>universitatis</strong></span> <span class='ocrx_word' id='word_1_398' title='bbox 1835 2702 2090 2748; x_wconf 81' lang='lat' dir='ltr'><strong>magistrorum</strong></span> <span class='ocrx_word' id='word_1_399' title='bbox 2117 2709 2153 2737; x_wconf 85' lang='lat' dir='ltr'><strong>et</strong></span> 
     </span>
     <span class='ocr_line' id='line_1_35' title="bbox 276 2766 2151 2816; baseline 0.001 -14"><span class='ocrx_word' id='word_1_400' title='bbox 276 2766 471 2801; x_wconf 77' lang='lat' dir='ltr'><strong>scolarium</strong></span> <span class='ocrx_word' id='word_1_401' title='bbox 491 2768 605 2802; x_wconf 83' lang='lat' dir='ltr'><strong>Paris.</strong></span> <span class='ocrx_word' id='word_1_402' title='bbox 623 2767 812 2814; x_wconf 85' lang='lat' dir='ltr'><strong>pacificum</strong></span> <span class='ocrx_word' id='word_1_403' title='bbox 833 2767 1122 2802; x_wconf 86' lang='lat' dir='ltr'><strong>conservandum</strong></span> <span class='ocrx_word' id='word_1_404' title='bbox 1145 2767 1231 2801; x_wconf 91' lang='lat' dir='ltr'><strong>dicti</strong></span> <span class='ocrx_word' id='word_1_405' title='bbox 1253 2767 1416 2814; x_wconf 83' lang='lat' dir='ltr'><strong>magistri</strong></span> <span class='ocrx_word' id='word_1_406' title='bbox 1436 2773 1473 2801; x_wconf 86' lang='lat' dir='ltr'><strong>et</strong></span> <span class='ocrx_word' id='word_1_407' title='bbox 1492 2767 1654 2802; x_wconf 85' lang='lat' dir='ltr'><strong>scolares</strong></span> <span class='ocrx_word' id='word_1_408' title='bbox 1673 2779 1779 2814; x_wconf 86' lang='lat' dir='ltr'><strong>opem</strong></span> <span class='ocrx_word' id='word_1_409' title='bbox 1795 2768 1931 2803; x_wconf 88' lang='lat' dir='ltr'><strong>debent</strong></span> <span class='ocrx_word' id='word_1_410' title='bbox 1950 2775 1987 2803; x_wconf 88' lang='lat' dir='ltr'><strong>et</strong></span> <span class='ocrx_word' id='word_1_411' title='bbox 2005 2781 2151 2816; x_wconf 88' lang='lat' dir='ltr'><strong>operam</strong></span> 
     </span>
     <span class='ocr_line' id='line_1_36' title="bbox 276 2832 2151 2882; baseline 0.001 -14"><span class='ocrx_word' id='word_1_412' title='bbox 276 2832 515 2879; x_wconf 78' lang='lat' dir='ltr'><strong>vigilantibus</strong></span> <span class='ocrx_word' id='word_1_413' title='bbox 543 2834 677 2869; x_wconf 87' lang='lat' dir='ltr'><strong>studiis</strong></span> <span class='ocrx_word' id='word_1_414' title='bbox 702 2834 899 2881; x_wconf 82' lang='lat' dir='ltr'><strong>impertiri;</strong></span> <span class='ocrx_word' id='word_1_415' title='bbox 926 2840 1012 2868; x_wconf 91' lang='lat' dir='ltr'><strong>tunc</strong></span> <span class='ocrx_word' id='word_1_416' title='bbox 1043 2833 1140 2868; x_wconf 84' lang='lat' dir='ltr'><strong>enim</strong></span> <span class='ocrx_word' id='word_1_417' title='bbox 1173 2833 1405 2868; x_wconf 87' lang='lat' dir='ltr'><strong>laudabiliter</strong></span> <span class='ocrx_word' id='word_1_418' title='bbox 1431 2833 1614 2868; x_wconf 87' lang='lat' dir='ltr'><strong>studendo</strong></span> <span class='ocrx_word' id='word_1_419' title='bbox 1642 2834 1839 2880; x_wconf 83' lang='lat' dir='ltr'><strong>proficiunt</strong></span> <span class='ocrx_word' id='word_1_420' title='bbox 1864 2842 1901 2869; x_wconf 92' lang='lat' dir='ltr'><strong>et</strong></span> <span class='ocrx_word' id='word_1_421' title='bbox 1926 2835 2151 2882; x_wconf 83' lang='lat' dir='ltr'><strong>proficiendo</strong></span> 
     </span>
     <span class='ocr_line' id='line_1_37' title="bbox 277 2899 2152 2948; baseline 0.001 -14"><span class='ocrx_word' id='word_1_422' title='bbox 277 2899 439 2943; x_wconf 71' lang='lat' dir='ltr'><strong>student,</strong></span> <span class='ocrx_word' id='word_1_423' title='bbox 460 2912 542 2935; x_wconf 89' lang='lat' dir='ltr'><strong>cum</strong></span> <span class='ocrx_word' id='word_1_424' title='bbox 567 2901 663 2935; x_wconf 92' lang='lat' dir='ltr'><strong>inter</strong></span> <span class='ocrx_word' id='word_1_425' title='bbox 686 2913 751 2935; x_wconf 86' lang='lat' dir='ltr'><strong>eos</strong></span> <span class='ocrx_word' id='word_1_426' title='bbox 776 2901 932 2936; x_wconf 86' lang='lat' dir='ltr'><strong>invicem</strong></span> <span class='ocrx_word' id='word_1_427' title='bbox 957 2900 1181 2935; x_wconf 82' lang='lat' dir='ltr'><strong>voluntatum</strong></span> <span class='ocrx_word' id='word_1_428' title='bbox 1203 2900 1303 2947; x_wconf 83' lang='lat' dir='ltr'><strong>viget</strong></span> <span class='ocrx_word' id='word_1_429' title='bbox 1326 2899 1548 2946; x_wconf 84' lang='lat' dir='ltr'><strong>idemptitas,</strong></span> <span class='ocrx_word' id='word_1_430' title='bbox 1570 2907 1699 2947; x_wconf 83' lang='lat' dir='ltr'><strong>regnat</strong></span> <span class='ocrx_word' id='word_1_431' title='bbox 1723 2913 1791 2947; x_wconf 86' lang='lat' dir='ltr'><strong>pax</strong></span> <span class='ocrx_word' id='word_1_432' title='bbox 1817 2901 1971 2944; x_wconf 76' lang='lat' dir='ltr'><strong>stabitis,</strong></span> <span class='ocrx_word' id='word_1_433' title='bbox 1995 2902 2152 2948; x_wconf 79' lang='lat' dir='ltr'><strong>perfecta</strong></span> 
     </span>
    </p>
   </div>
   <div class='ocr_carea' id='block_1_10' title="bbox 278 2966 2151 3051">
    <p class='ocr_par' dir='ltr' id='par_1_10' title="bbox 278 2966 2151 3051">
     <span class='ocr_line' id='line_1_38' title="bbox 278 2966 2151 3014; baseline 0.002 -14"><span class='ocrx_word' id='word_1_434' title='bbox 278 2966 408 3001; x_wconf 82' lang='lat' dir='ltr'><strong>caritas</strong></span> <span class='ocrx_word' id='word_1_435' title='bbox 440 2970 662 3013; x_wconf 70' lang='lat' dir='ltr'><strong>perseverat.</strong></span> <span class='ocrx_word' id='word_1_436' title='bbox 693 2968 786 3003; x_wconf 78' lang='lat' dir='ltr'><strong>Sane</strong></span> <span class='ocrx_word' id='word_1_437' title='bbox 816 2967 1011 3002; x_wconf 86' lang='lat' dir='ltr'><strong>didicimus</strong></span> <span class='ocrx_word' id='word_1_438' title='bbox 1041 2967 1139 3014; x_wconf 88' lang='lat' dir='ltr'><strong>quod</strong></span> <span class='ocrx_word' id='word_1_439' title='bbox 1167 2967 1204 3001; x_wconf 90' lang='lat' dir='ltr'><strong>in</strong></span> <span class='ocrx_word' id='word_1_440' title='bbox 1230 2966 1403 3014; x_wconf 81' lang='lat' dir='ltr'><strong>expensis</strong></span> <span class='ocrx_word' id='word_1_441' title='bbox 1432 2966 1654 3002; x_wconf 85' lang='lat' dir='ltr'><strong>necessariis</strong></span> <span class='ocrx_word' id='word_1_442' title='bbox 1681 2979 1771 3014; x_wconf 89' lang='lat' dir='ltr'><strong>quas</strong></span> <span class='ocrx_word' id='word_1_443' title='bbox 1801 2980 1866 3014; x_wconf 92' lang='lat' dir='ltr'><strong>pro</strong></span> <span class='ocrx_word' id='word_1_444' title='bbox 1895 2968 2151 3003; x_wconf 83' lang='lat' dir='ltr'><strong>Universitatis</strong></span> 
     </span>
     <span class='ocr_line' id='line_1_39' title="bbox 404 3025 2028 3051; baseline 0.003 -1"><span class='ocrx_word' id='word_1_445' title='bbox 404 3025 498 3050; x_wconf 71' lang='lat' dir='ltr'><strong>Chart-</strong></span> <span class='ocrx_word' id='word_1_446' title='bbox 521 3025 600 3051; x_wconf 63' lang='lat' dir='ltr'><strong>Unlr·</strong></span> <span class='ocrx_word' id='word_1_447' title='bbox 617 3026 711 3051; x_wconf 64' lang='lat' dir='ltr'><strong>Paris.</strong></span> <span class='ocrx_word' id='word_1_448' title='bbox 728 3026 748 3051; x_wconf 78' lang='grc' dir='ltr'><strong>Ι.</strong></span> <span class='ocrx_word' id='word_1_449' title='bbox 1997 3026 2028 3050; x_wconf 71' lang='lat'><strong>7⁶</strong></span> 
     </span>
    </p>
   </div>
  </div>
 </body>
</html>
