2580 3528
444 360 489 393 94
1028 371 1351 395 CHARTULAMUM
1385 373 1577 395 uuivsns.
1615 373 1744 395 rmus.
2061 395 2063 397 ,
2225 364 2325 406 [1219

445 452 692 495 contulerunt,
715 453 836 487 divina
857 454 972 487 officia
994 454 1201 488 celebretis.
1225 456 1303 488 Dat.
1325 456 1481 490 Viterbii
1502 456 1571 490 kal.
1595 456 1822 499 Decembris,
1840 456 2071 502 pontificatus
2092 457 2209 490 nostri
2229 469 2324 491 anno

445 526 586 565 quarto.

538 618 674 650 Originule
695 619 721 642 in
742 619 817 642 Arcb.
840 623 892 642 nat.
910 619 994 643 Paris.
1011 620 1039 643 L.
1056 621 1110 648 240,
1132 624 1160 643 n⁰
1175 621 1213 644 59.
1231 620 1380 652 Supersunt
1399 621 1444 644 fila
1463 621 1575 644 cannah.
1591 635 1622 638 —
1642 622 1746 645 Fratres
1766 609 1964 646 Praedicatores
1980 622 2010 645 12
2025 621 2188 653 Septembris
2204 629 2245 645 un.
2263 621 2324 645 1217

443 663 560 688 Parisios
583 667 712 687 venerunt
735 667 760 687 et
778 663 865 695 primo
887 672 899 688 <‹
918 664 1026 687 domum
1047 664 1123 696 juxta
1146 665 1278 696 hospitale
1298 665 1326 688 B.
1343 665 1442 689 Mariae
1466 665 1578 697 virginis
1603 669 1663 689 ante
1688 667 1757 690 sores
1781 666 1939 690 Parisiensis
1962 666 2081 698 episcopi
2101 674 2113 690 »
2134 666 2324 690 conduxerunt.

444 717 456 732 t(
472 709 544 732 Anno
574 708 676 733 Domini
705 708 822 740 Mccxviij
851 709 914 732 data
938 712 978 732 est
1002 709 1130 733 fratribus
1154 710 1247 733 domus
1273 710 1298 733 S.
1322 710 1424 738 Jucobi,
1450 710 1571 741 quamvis
1597 711 1713 734 nondum
1737 711 1866 740 absolute,
1891 719 1908 735 a
1930 711 2059 743 magistro
2082 711 2201 735 Johanne
2225 711 2324 734 decano

443 753 469 776 S.
486 753 605 781 Quintini
620 757 645 776 et
659 753 693 776 ab
709 753 887 777 Universitate
902 753 1046 777 parisiensi
1066 754 1099 777 ad
1115 754 1269 777 instantiam
1284 754 1384 778 domini
1402 763 1488 786 papae
1508 754 1625 783 Honorii,
1646 763 1726 786 quam
1745 755 1911 779 intraverunt
1929 756 1962 779 ad
1982 755 2155 779 habitandum
2174 759 2266 779 octavo
2286 755 2321 779 id.

442 798 554 830 Augusti
570 806 591 821 1).
608 798 751 825 Jordanus,
767 798 850 822 Liber
865 798 1006 829 principii
1027 798 1093 822 Ord.
1109 799 1162 822 FF.
1177 799 1282 823 Praed.
1297 799 1324 822 in
1338 800 1399 824 AA.
1416 799 1467 823 SS.
1485 800 1551 831 Aug.
1568 800 1588 828 1,
1605 801 1659 828 545,
1675 804 1704 822 n⁰
1717 801 1756 823 40.
1775 800 1901 824 Absolute
1915 803 2072 832 receperunt
2085 801 2173 824 locum
2188 800 2214 823 S.
2230 799 2324 824 Jacobi

442 851 509 866 anno
526 843 595 866 1221.
612 843 650 866 Cf.
668 843 824 865 documenta
840 842 908 865 infra
924 842 957 865 n³⁹
971 843 1001 866 42
1021 846 1046 866 et
1060 844 1091 866 43
1111 843 1189 866 edita.
1208 844 1242 867 Ut
1263 852 1274 866 t(
1290 844 1317 866 in
1337 852 1414 867 sacra
1433 844 1532 875 pagina
1552 844 1687 867 studentes
1707 844 1779 876 apud
1794 844 1913 868 Parisius
1929 853 1940 868 »
1954 845 2010 876 jam
2029 845 2198 868 nominantur
2218 844 2244 868 in
2264 845 2321 868 doc.

441 888 510 911 infra
532 892 562 910 n⁰
580 888 611 910 36
632 887 723 910 relato.
748 887 864 910 Primum
887 895 948 910 vero
974 887 1127 910 cathedram
1149 888 1175 911 in
1196 888 1346 919 theologica
1368 889 1492 912 facultate
1514 892 1671 920 receperunt
1694 897 1736 914 an.
1762 889 1824 912 1229
1846 892 1908 920 post
1927 889 1957 913 15
1976 889 2047 917 Maii,
2064 889 2164 921 fuitque
2187 889 2322 913 Rolandus

442 932 544 964 primus
568 932 696 963 magister
719 934 745 955 et
767 931 870 962 primus
896 932 1088 955 Sententiarius
1113 941 1144 956 ex
1167 933 1224 956 ord.
1242 933 1344 961 Praed„
1370 933 1445 964 cujus
1468 936 1572 956 exstant
1597 933 1760 960 Quesciones
1781 940 1867 964 super
1888 938 2016 964 quatuor
2037 934 2083 959 tib.
2107 934 2185 958 Sent.
2210 934 2323 957 multum

441 980 562 1000 extensae
581 977 608 1000 in
628 976 696 1001 Bibl.
719 977 859 1005 Mazarine,
884 983 914 1002 n⁰
932 977 987 1001 439.
1012 978 1159 1000 Secundam
1181 978 1335 1001 cathedram
1357 978 1537 1009 acquisierunt
1557 981 1619 1009 post
1641 978 1670 1001 13
1693 978 1775 1009 April.
1799 978 1868 1002 1231.
1892 979 1997 1002 Fratres
2018 979 2216 1003 praedicatores
2242 978 2323 1011 primi

442 1027 502 1047 ante
517 1032 607 1047 omnes
624 1024 764 1055 religiosos
780 1024 806 1046 in
822 1023 1000 1047 Universitntc
1015 1022 1158 1046 Parisiensi
1174 1022 1335 1053 theologiam
1351 1023 1504 1046 docuerunt.

443 1207 520 1244 35.
544 1217 689 1243 Honorius
706 1218 751 1241 III
767 1215 913 1252 praecipit
931 1215 1080 1252 prioribus
1104 1217 1130 1241 S.
1148 1215 1278 1250 Dionysii
1294 1219 1322 1241 et
1337 1216 1364 1241 S.
1386 1215 1519 1241 Germani
1540 1215 1576 1242 de
1597 1216 1695 1241 Pratis
1716 1215 1934 1242 Parisiensibus
1955 1225 1990 1242 ac
2012 1217 2188 1244 cancellario
2210 1217 2322 1244 Medio-

530 1266 644 1292 lanensi
666 1265 792 1291 Parisiis
814 1265 1009 1299 commoranti,
1035 1269 1065 1290 ut
1087 1264 1225 1291 novellam
1245 1264 1458 1300 plantationem
1485 1266 1611 1299 fratrum
1633 1265 1871 1291 Praedicatorum
1893 1265 2019 1292 Parisiis
2041 1270 2141 1292 contra
2163 1266 2323 1303 capitulum

529 1315 697 1341 Parisiense
712 1318 740 1340 et
755 1314 831 1340 alios
844 1317 1007 1351 protegant.

1626 1373 1697 1402 1219,
1712 1372 1859 1399 Decembris
1875 1373 1907 1404 11,
1924 1373 2034 1400 riterbii.

531 1462 716 1494 Honorius
748 1461 944 1506 episcopus
977 1472 1106 1494 servus
1134 1472 1323 1493 servorum
1346 1460 1412 1493 Dei
1433 1460 1578 1493 dilectis
1599 1460 1684 1493 filiis
1710 1487 1730 1493 ..
1766 1461 1885 1494 Sancti
1906 1461 2064 1495 Dionisii
2087 1468 2123 1495 et
2153 1488 2173 1495 ..
2201 1462 2322 1496 Sancti

442 1529 614 1563 Germani
643 1529 688 1561 de
718 1528 834 1561 Pratis
860 1527 1045 1573 prioribus
1075 1527 1294 1560 Parisiensis
1324 1527 1497 1568 diocesis,
1527 1534 1563 1560 et
1585 1554 1605 1559 ..
1629 1527 1846 1561 cancellario
1868 1528 2134 1562 Mediolanensi
2160 1529 2321 1562 Parisius

441 1596 678 1629 commoranti
701 1595 852 1628 salutem
875 1601 911 1627 et
933 1594 1169 1640 apostolicam
1191 1594 1497 1627 benedictionem.
1526 1595 1616 1628 Cum
1639 1594 1782 1627 dilectis
1807 1594 1892 1628 filiis
1914 1621 1934 1627 ..
1960 1595 2074 1640 priori
2095 1602 2131 1628 et
2149 1595 2322 1629 fratribus

441 1663 582 1696 ordinis
617 1662 888 1695 Predicatorum
924 1661 1136 1694 duxerimus
1175 1661 1442 1706 indulgendum
1478 1668 1517 1694 ut
1549 1661 1586 1694 in
1620 1661 1773 1706 quadam
1813 1661 1967 1695 ecclesia
1997 1662 2034 1694 in
2068 1661 2164 1695 beati
2197 1662 2322 1696 Jacobi

441 1730 580 1762 honore
615 1735 823 1762 constructa
858 1740 962 1773 quam
1000 1728 1135 1761 habent
1167 1728 1329 1761 Parisius
1364 1727 1471 1761 liceat
1503 1729 1557 1761 eis
1588 1728 1704 1761 officia
1734 1728 1920 1762 celebrare
1955 1729 2089 1770 divina,
2124 1729 2320 1774 capitulum

442 1797 660 1837 Parisiense,
683 1796 778 1829 sicut
803 1796 1024 1840 accepimus,
1054 1795 1251 1840 quominus
1276 1795 1313 1827 id
1337 1795 1469 1828 saciant
1497 1795 1675 1840 impedire
1706 1796 1962 1841 praesu1nunt¹.
1992 1796 2097 1829 Unde
2118 1808 2200 1829 cum
2220 1796 2322 1842 ipsos

442 1877 514 1897 non
542 1864 669 1897 deceat
698 1863 855 1908 priorem
885 1869 920 1895 et
943 1863 1075 1895 -sratres
1099 1874 1211 1907 super
1237 1862 1306 1895 hoc
1334 1863 1527 1907 presertim
1553 1869 1677 1896 contra
1703 1863 1803 1896 sedis
1828 1863 2028 1908 apostolice
2056 1863 2321 1909 indulgentiam

441 1931 632 1976 impedire,
655 1930 789 1975 quibus
812 1929 932 1974 potius
954 1929 1132 1962 deberent
1151 1929 1364 1974 impendere
1386 1929 1592 1962 subsidium
1614 1936 1650 1962 ct
1667 1930 1840 1971 savorem,
1860 1941 1941 1963 cum
1962 1941 2035 1963 non
2055 1941 2162 1963 causa
2182 1936 2322 1976 tempo-

441 1998 527 2031 ralis
556 1998 666 2038 lucri,
694 2004 750 2030 set
775 2009 839 2041 pro
868 1997 981 2029 divini
1012 1996 1171 2029 nominis
1198 1996 1298 2029 cultu
1326 1996 1539 2029 desiderent
1567 1997 1604 2029 in
1633 1996 1770 2041 capella
1797 1995 1984 2029 celebrare
2014 1996 2187 2042 predicta,
2219 1997 2321 2042 ipsos

442 2065 626 2111 rogandos
652 2065 822 2097 duximus
852 2064 1085 2097 attentius-et
1109 2064 1327 2105 monendos,
1354 2063 1491 2096 nostris
1520 2064 1647 2096 dantes
1671 2063 1742 2096 sibi
1765 2063 1896 2096 litteris
1921 2063 1958 2097 in
1979 2063 2170 2105 mandatis,
2193 2070 2233 2097 ut
2245 2065 2320 2109 jam

440 2132 558 2165 dictos
579 2132 738 2176 priorem
761 2137 796 2164 et
815 2131 945 2164 fratres
966 2131 1003 2163 in
1028 2130 1182 2163 ecclesia
1204 2130 1294 2175 ipsa,
1322 2130 1358 2163 in
1380 2142 1449 2175 qua
1471 2130 1633 2163 nondum
1659 2130 1776 2163 extitit
1800 2129 2018 2175 quibusdam
2039 2130 2321 2175 prohibentibus

439 2198 676 2239 celebratum,
697 2199 798 2243 juxta
824 2197 895 2230 sibi
920 2209 1132 2230 concessam
1159 2197 1424 2242 indulgentiam
1448 2196 1563 2230 libere
1584 2196 1770 2230 celebrare
1792 2197 2013 2242 permittant,
2034 2196 2123 2230 alias
2143 2196 2320 2231 habentes

439 2278 503 2299 eos
524 2265 643 2299 taliter
663 2264 950 2305 commendatos,
978 2264 1076 2309 quod
1097 2276 1222 2297 eorum
1245 2264 1388 2297 novella
1410 2264 1596 2309 plantatio,
1619 2276 1689 2309 que
1713 2270 1881 2309 speratur
1904 2264 2061 2297 fructum
2082 2263 2320 2309 multiplicem

437 2333 601 2374 allatura,
623 2344 705 2365 rore
732 2344 797 2365 sue
824 2331 1065 2364 beneficentie
1092 2331 1239 2376 irrigata
1264 2331 1372 2364 citius
1397 2331 1589 2373 coalescat,
1618 2331 1728 2376 idque
1754 2331 1846 2376 ipsis
1868 2331 1913 2364 ad
1941 2330 2126 2364 cumulum
2156 2330 2322 2376 proficiat

439 2401 672 2445 premiorum.
702 2399 881 2442 Quocirca
908 2398 1122 2431 discretioni
1147 2405 1268 2432 vestre
1294 2410 1359 2443 per
1384 2398 1582 2444 apostolica
1609 2398 1742 2443 scripta
1763 2398 1990 2440 mandamus,
2012 2398 2183 2443 quatinus
2209 2409 2320 2443 super

436 2467 507 2500 hiis
537 2474 572 2499 et
600 2466 862 2511 indempnitate
897 2466 1014 2510 ipsius
1047 2465 1195 2511 capituli
1227 2471 1263 2498 et
1295 2465 1675 2510 circumadjacentium
1706 2465 1943 2499 ecclesiarum
1978 2465 2200 2511 provideatis
2234 2476 2319 2510 pru-

438 2534 579 2574 denter,
611 2534 706 2566 sicut
734 2533 900 2566 videritis
931 2532 1116 2577 expedire,
1152 2533 1326 2566 facientes
1357 2533 1456 2577 quod
1483 2532 1682 2566 statueritis
1716 2544 1780 2578 per
1811 2544 2001 2565 censuram
2035 2531 2318 2565 ecclesiasticam

438 2600 588 2633 firmiter
617 2599 816 2632 observari.
845 2599 953 2642 Quod
979 2599 1010 2632 si
1037 2612 1111 2632 non
1137 2611 1264 2632 omnes
1289 2599 1361 2633 hiis
1382 2599 1608 2645 exequendis
1633 2599 1826 2644 potueritis
1847 2599 2040 2640 interesse,
2063 2598 2135 2631 duo
2155 2604 2317 2632 vestrum

438 2679 477 2700 ea
499 2666 760 2700 nichilominus
781 2672 1018 2711 exequantur.
1038 2667 1115 2699 Dat.
1134 2666 1290 2700 Vitcrbii
1307 2667 1343 2711 iij
1364 2666 1413 2699 id.
1433 2666 1659 2708 Decembris,
1678 2665 1910 2711 pontificatus
1930 2665 2047 2698 nostri
2063 2677 2158 2698 anno
2175 2671 2315 2710 quarto.

532 2765 668 2797 Originale
683 2765 710 2787 in
727 2764 803 2788 Arch.
821 2767 874 2787 nnt.
892 2764 975 2787 Paris.
994 2764 1020 2787 L.
1038 2765 1092 2792 240,
1109 2768 1138 2787 n⁰
1152 2765 1190 2787 60.
1209 2764 1357 2796 Supersunt
1372 2765 1417 2787 fila
1431 2764 1542 2787 cannah.

528 2851 550 2874 1.
567 2850 685 2874 Ecclesia
701 2850 727 2873 S.
744 2849 837 2873 Jacobi
857 2852 914 2873 erat.
929 2852 1081 2873 constructa
1102 2849 1129 2872 in
1148 2849 1281 2872 territorio
1301 2848 1443 2880 parochiae
1464 2848 1554 2872 Sancti
1574 2848 1716 2877 Benedicti,
1739 2856 1805 2880 quae
1825 2856 1878 2872 una
1897 2856 1928 2872 ex
1947 2851 2060 2880 quatuor
2079 2847 2186 2871 filiabus
2206 2847 2317 2879 capituli

435 2895 592 2919 Parisiensis
603 2894 742 2918 dicebatur
756 2897 782 2918 et
796 2894 830 2918 ab
845 2894 904 2926 ipso
915 2894 1032 2925 capitulo
1048 2893 1221 2925 dependebat.
1234 2893 1398 2925 Proindeque
1413 2893 1561 2925 capitulum
1571 2893 1720 2916 Purisiense
1736 2893 1895 2917 defendebat
1905 2892 1967 2924 jura
1981 2892 2123 2924 parochiae
2132 2892 2158 2915 S.
2169 2891 2312 2921 Benedicti,

433 2948 499 2972 quae
514 2948 543 2964 se
558 2940 659 2964 laesam
673 2940 793 2971 putabat,
811 2939 833 2963 si
850 2940 944 2963 fratres
961 2938 1159 2962 Praedicatores
1174 2938 1201 2961 in
1217 2938 1327 2970 propria
1342 2938 1452 2962 ecclesia
1467 2938 1640 2962 celebrarent.
