2580 3528
471 403 537 436 216
1050 413 1372 435 CHARTULAMUM
1406 414 1596 435 uuivsns.
1634 413 1761 435 rmus.
1912 434 1914 436 ,
1993 429 1996 431 .
2248 404 2347 445 [1249

472 493 512 519 ut
531 493 603 519 rata
630 486 703 519 sint
730 486 1011 531 imperpetuum,
1041 493 1195 532 quatuor
1222 487 1388 520 nationes
1414 487 1619 520 artistarum
1648 494 1839 532 presentes
1867 487 2005 521 litteras
2032 494 2186 532 quatuor
2213 487 2348 533 sigillis

472 554 658 586 nationum
680 553 957 586 roboraverunt.
982 555 1109 586 Datum
1131 566 1226 587 anno
1248 554 1393 586 Domini
1414 555 1465 587 Μ’ι
1479 554 1555 587 CC⁰
1565 555 1640 587 XL⁰
1660 566 1770 594 nono,
1793 566 1918 588 mense
1939 554 2122 588 Octobris.

566 651 629 675 cod.
646 652 703 675 Vnt.
721 652 784 683 neg.
800 653 855 680 1106,
873 652 917 675 sol.
935 652 957 680 1,
974 655 999 675 et
1019 651 1114 675 iterum
1134 652 1179 675 sed
1202 652 1228 674 in
1250 652 1301 675 sine
1322 660 1382 675 cum
1404 652 1578 679 mutilatione,
1601 652 1644 675 fol.
1667 652 1722 675 24¹².
1744 652 1812 675 Bibl.
1837 652 1969 684 Phillipps
1985 653 2009 676 in
2030 653 2210 681 Cheltenhum,
2228 661 2275 676 ms.
2293 654 2347 682 876,

471 697 516 720 fot.
533 696 574 725 1¹²,
589 699 614 720 et.
630 696 733 724 iterato,
751 697 794 720 tol.
811 696 867 724 30¹⁵,
884 696 934 719 sub
950 696 1026 719 titulo
1042 704 1123 727 supra
1139 696 1236 727 posito.
1251 709 1283 714 -—
1297 697 1420 724 Bulneus,
1438 697 1483 724 111,
1501 697 1554 719 222.

476 863 583 900 188.
608 874 651 899 Fr.
669 872 763 898 Adam
779 872 814 898 de
826 873 951 898 Mar-isco
966 873 1031 898 ord.
1047 873 1188 898 Minor-um
1204 873 1232 898 in
1247 872 1355 907 Anglia
1370 873 1471 899 scribit
1485 874 1521 907 fr.
1543 873 1692 899 Guillelmo
1703 873 1739 899 de
1755 873 1949 908 Nottinglzam,
1963 873 2092 900 ministro
2105 874 2172 900 Min.
2186 875 2215 900 in
2230 873 2346 909 Anglia,

559 921 595 947 de
618 921 762 956 fratribus
787 921 934 947 mittendis
956 921 1097 952 Parisios.
1122 925 1153 947 ut
1169 921 1322 957 provideat
1339 921 1437 947 studio
1457 922 1622 948 Parisiensi
1640 922 1669 948 in
1687 923 1839 958 praesenti
1858 922 2041 948 necessitatis
2063 923 2204 957 urgentia,
2228 923 2303 948 sicut
2321 926 2350 949 et

560 970 595 996 de
610 972 646 1004 fr.
671 971 706 996 W.
725 970 761 996 de
778 970 922 996 Maddele.
1952 981 1955 985 ·

1811 1007 1973 1034 ruo-1249.

562 1081 676 1114 Fratri
706 1083 768 1116 W.
802 1081 969 1114 ministro
1000 1081 1133 1126 Anglie
1164 1082 1274 1114 frater
1302 1081 1379 1114 Ada
1415 1081 1566 1114 salutem
1598 1088 1634 1114 et
1666 1088 1734 1115 tam
1765 1081 1922 1115 debitam
1954 1073 2059 1127 quam
2089 1082 2254 1116 devotam
2286 1093 2350 1127 per

471 1148 591 1181 omnia
613 1147 854 1193 subjectionis
875 1147 1133 1181 obedientiam.
1156 1149 1287 1181 Notum
1310 1148 1358 1181 sit
1376 1148 1582 1181 honorabili
1605 1149 1829 1193 paternitatis
1849 1155 1970 1182 vestre
1992 1149 2127 1194 pietati,
2149 1149 2248 1194 quod
2267 1161 2347 1182 cum

471 1215 627 1248 dilectus
654 1216 765 1248 frater
792 1215 836 1247 de
865 1215 1033 1248 Maddele
1059 1215 1104 1248 ad
1132 1227 1188 1247 me
1216 1215 1392 1248 Oxoniam
1421 1215 1653 1256 accessisset,
1678 1222 1714 1248 ct
1739 1227 1808 1261 ego
1830 1215 2000 1256 eundem,
2021 1217 2121 1261 juxta
2143 1216 2241 1260 quod
2262 1215 2350 1248 mihi

470 1282 588 1315 visum
617 1282 696 1323 fuit,
726 1282 927 1315 secundum
958 1289 1121 1315 tenorem
1150 1282 1308 1315 mandati
1335 1282 1448 1315 vestri
1475 1282 1626 1315 fuissem
1655 1282 1850 1324 allocutus,
1880 1283 1958 1327 ipse
1986 1282 2073 1315 mihi
2100 1282 2292 1328 respondit
2310 1294 2350 1316 se

472 1361 697 1394 nequaquam
728 1361 946 1394 procurasse
976 1349 1071 1394 apud
1104 1349 1310 1382 ministrum
1340 1349 1548 1394 generalem
1581 1356 1620 1382 ut
1647 1361 1712 1394 per
1745 1350 1825 1395 ejus
1858 1350 2107 1383 auctoritatem
2140 1349 2184 1383 ab
2218 1349 2349 1395 Anglia

470 1423 662 1449 vocaretur
689 1417 725 1449 in
753 1416 820 1449 alia
849 1416 1033 1461 provincia
1062 1416 1313 1457 collocandus,
1341 1428 1512 1449 asserens
1540 1416 1639 1461 quod
1667 1428 1733 1449 nec
1761 1416 1866 1449 etiam
1894 1416 2011 1450 adhuc
2039 1416 2148 1461 hujus
2176 1417 2228 1449 rei
2255 1416 2351 1461 gerit

471 1483 710 1523 desiderium,
733 1495 812 1516 cum
843 1490 939 1516 certa
969 1495 1033 1528 pro
1060 1483 1222 1523 incertis,
1250 1483 1345 1516 sicut
1369 1483 1634 1528 circumspecte
1659 1490 1893 1528 protestatur,
1921 1483 2130 1516 nullatenus
2151 1484 2225 1517 sint
2245 1483 2351 1517 dese-

473 1550 596 1583 renda.
620 1551 790 1583 Ceterum
822 1557 983 1582 tenorem
1008 1550 1178 1591 mandati,
1201 1550 1299 1595 quod
1320 1550 1487 1583 minister
1507 1550 1691 1595 generalis
1712 1550 1756 1583 ad
1778 1562 1843 1583 vos
1864 1550 2059 1583 destinavit
2086 1562 2151 1595 pro
2178 1549 2351 1583 fratribus

472 1617 659 1658 mittendis
680 1616 856 1657 Parisius,
880 1617 978 1661 prior
1000 1617 1078 1661 ipse
1100 1616 1187 1649 mihi
1209 1616 1345 1658 retulit,
1367 1629 1472 1662 quam
1499 1617 1616 1649 eidem
1644 1629 1756 1662 super
1783 1616 1851 1649 hoc
1871 1616 2009 1661 aliquid
2030 1617 2242 1662 expressius
2262 1617 2352 1650 insi-

472 1696 656 1717 nuassem.
686 1684 741 1716 Ad
771 1683 851 1723 hec,
883 1684 927 1716 de
955 1684 1221 1729 investigandis
1249 1683 1543 1729 expositionibus
1571 1688 1672 1716 sacr'e
1702 1684 1883 1729 scripture
1910 1684 1947 1716 in
1974 1683 2080 1717 libris
2109 1683 2352 1730 originalibus

472 1752 686 1784 Sanctorum
708 1763 788 1783 cuin
812 1751 939 1783 codem
963 1750 1115 1791 contuli,
1137 1751 1231 1784 sicut
1251 1750 1464 1791 mandastis,
1487 1751 1548 1795 qui
1571 1757 1734 1796 prompta
1755 1751 1950 1784 devotione
1968 1757 2127 1796 paratum
2146 1763 2186 1784 se
2206 1750 2350 1793 obtulit,

472 1825 511 1851 ut
531 1818 683 1863 dignum
705 1824 774 1858 est,
797 1818 945 1850 omnino
968 1830 1040 1850 non
1062 1824 1130 1850 tam
1152 1817 1196 1850 ad
1217 1817 1299 1859 hoc,
1322 1830 1426 1863 quam
1449 1817 1492 1851 ad
1514 1818 1634 1851 omnia
1655 1829 1874 1862 quecunque
1894 1818 1926 1850 ei
1948 1818 2154 1851 salutariter
2174 1818 2352 1851 duxeritis

470 1885 709 1930 injungenda.
742 1885 921 1927 Quoniam
952 1885 1065 1930 igitur
1095 1885 1314 1918 modicitatis
1344 1896 1423 1917 mee
1454 1885 1648 1918 consilium
1680 1896 1792 1930 super
1820 1885 1967 1918 instanti
2003 1885 2154 1918 articulo
2186 1885 2352 1918 emitten-

472 1953 601 1992 dorum
630 1953 778 1985 fratrum
810 1952 854 1984 de
886 1952 1071 1996 provincia
1102 1958 1221 1985 vestra
1252 1952 1440 1997 requirere
1470 1951 1586 1985 voluit
1614 1958 1733 1985 vestra
1763 1952 2025 1997 circumspecta
2054 1952 2241 1993 discretio,
2271 1963 2353 1997 per-

473 2019 599 2064 pensis
630 2025 669 2052 ut
697 2018 800 2052 valeo
832 2031 951 2051 rerum
988 2019 1285 2059 circumstantiis,
1321 2018 1426 2051 vobis
1457 2019 1647 2051 innotesco
1678 2018 1790 2063 quod,
1822 2025 1860 2051 ut
1888 2018 2009 2059 video,
2039 2018 2153 2051 satius
2183 2025 2252 2060 est,
2282 2025 2351 2051 tam

472 2086 581 2118 fratre
601 2085 767 2119 Johanne
789 2085 833 2118 dc
856 2087 1014 2120 VVestun
1036 2097 1140 2130 quam
1163 2085 1271 2118 fratre
1291 2087 1354 2120 W.
1377 2085 1422 2118 de
1451 2085 1618 2118 Maddele
1639 2085 1955 2130 impresentiarum
1984 2085 2079 2130 apud
2100 2096 2165 2118 vos
2187 2085 2352 2127 retentis,

474 2165 539 2198 per
573 2152 737 2198 reliquos
772 2152 977 2185 mandatum
1013 2152 1198 2197 generalis
1232 2152 1427 2197 impleatis,
1462 2152 1584 2185 studio
1620 2152 1817 2185 Parisiensi
1851 2152 1888 2184 in
1923 2152 2085 2197 presenti
2123 2151 2353 2185 necessitatis

474 2220 642 2265 urgentia
677 2220 925 2265 providentes.
963 2219 1020 2252 Sic
1056 2219 1165 2259 enim,
1202 2226 1241 2252 ut
1274 2226 1375 2264 puto,
1411 2226 1447 2252 et
1479 2219 1722 2264 opportunius
1757 2219 1881 2252 divino
1916 2219 2097 2252 servietur
2135 2218 2279 2260 honori,
2319 2224 2356 2252 et

473 2288 622 2331 fratrum
654 2286 797 2320 utilitati
829 2286 1047 2319 cumulatius
1080 2286 1336 2331 prospicietur,
1367 2293 1403 2320 et
1432 2286 1660 2319 commodius
1692 2286 1764 2319 cari
1795 2286 1925 2327 nostri,
1956 2286 2001 2319 de
2031 2285 2165 2331 quibus
2200 2285 2355 2319 sollicita

473 2361 530 2387 est
566 2361 687 2387 vestra
727 2354 938 2399 paternitas,
978 2354 1021 2386 ad
1061 2353 1344 2386 ecclesiasticam
1380 2353 1570 2386 utilitatem
1609 2365 1671 2398 per
1706 2353 1854 2386 cosdem
1891 2353 1927 2385 in
1961 2353 2093 2386 suturis
2128 2352 2355 2398 temporibus

473 2421 713 2462 efficiendam,
736 2421 891 2466 propitia
913 2420 1120 2461 Divinitate,
1142 2420 1344 2465 proficiant.

564 2488 692 2520 Adhuc
724 2488 760 2520 in
787 2487 884 2520 calce
913 2487 1031 2520 littere
1064 2499 1136 2519 non
1167 2487 1310 2520 exiliter
1338 2487 1540 2520 mirandum
1570 2499 1718 2528 censeo,
1750 2487 1848 2532 quod
1878 2486 2068 2519 carissimo
2092 2486 2193 2519 fratri
2218 2487 2280 2522 W.
2310 2486 2355 2520 de

475 2555 656 2596 Maddele,
687 2555 747 2599 qui
779 2566 873 2587 onus
904 2554 1027 2587 divine
1056 2554 1275 2587 eruditionis
1306 2554 1552 2599 impendende
1581 2553 1652 2587 sibi
1676 2553 1890 2598 jamdudum
1923 2553 2130 2598 impositum
2159 2552 2356 2597 diligenter

475 2622 651 2655 hactenus
680 2621 907 2654 continuavit
936 2621 972 2653 in
1003 2621 1207 2666 obsequiali
1237 2621 1433 2666 adjutorio,
1466 2621 1590 2654 nescio
1623 2632 1687 2666 per
1716 2633 1821 2665 quam
1849 2619 2189 2665 circumspectionis
2218 2619 2356 2653 severi-

477 2695 583 2721 tatem
614 2688 775 2720 nondum
807 2688 875 2720 suit
906 2687 1107 2733 provisum.
1145 2688 1250 2721 Unde
1281 2688 1426 2732 cogitur
1456 2687 1625 2720 nimirum
1658 2699 1731 2720 non
1762 2686 1879 2719 solum
1911 2686 2077 2731 spiritum
2113 2685 2255 2718 vitalem
2292 2697 2356 2731 per

475 2755 679 2787 studiorum
711 2753 974 2787 vehementiam
1007 2753 1212 2795 exhaurire,
1244 2766 1369 2786 verum
1400 2754 1506 2787 ctiam
1537 2765 1642 2786 manu
1672 2753 1817 2798 propria
1845 2752 2082 2797 scriptitando
2113 2752 2149 2784 in
2175 2752 2254 2784 dies
2281 2763 2356 2785 cor-

477 2821 602 2866 porale
623 2820 736 2853 robur
756 2827 923 2860 atterere,
952 2832 1033 2852 cum
1057 2832 1129 2852 non
1156 2820 1203 2852 sit
1228 2820 1402 2853 fortitudo
1424 2819 1556 2865 lapidis
1576 2819 1751 2852 fortitudo
1773 2831 1849 2859 sua,
1873 2829 1938 2851 nec
1959 2830 2042 2851 caro
2062 2819 2142 2863 ejus
2162 2831 2245 2852 caro
2266 2830 2355 2852 enea

477 2895 543 2921 est.
575 2889 616 2920 Et
646 2888 731 2933 quid
764 2894 831 2927 est,
864 2887 961 2932 quod
989 2887 1122 2919 ceteris
1150 2886 1324 2920 fratribus
1351 2887 1470 2919 officio
1498 2886 1645 2931 legendi
1671 2885 1866 2931 deputatis,
1896 2886 2086 2931 presertim
2114 2885 2248 2931 quibus
2274 2897 2357 2919 suc-

476 2960 665 3000 cessit„in
693 2959 835 3004 magnis
868 2958 1052 3003 provisum
1082 2964 1138 2991 cst
1164 2957 1412 2991 voluminibus
1440 2964 1476 2990 et
1505 2958 1541 2990 in
1570 2957 1752 2990 sociorum
1783 2956 2028 2990 subventuum
2056 2957 2259 3001 adjutoriis,
2287 2957 2356 2990 iste

2570 841 2580 1361 ηοιωε-κ-ιιιδήεὼαὰωη-κῂ1ιΜ,
2573 657 2580 831 mmm-mm
2575 630 2580 647 -.
2578 610 2580 613 .
