2580 3528
438 385 514 416 254·
1018 393 1335 415 citanti-clinnum
1372 392 1559 414 cmvi-jas.
1597 391 1726 413 rmus.
1967 391 1970 395 ’
2208 383 2308 426 [1254

438 467 626 501 cathedras
655 467 836 500 sustinere
866 473 1012 512 propter
1040 466 1232 499 scolarium
1260 466 1355 510 apud
1383 477 1449 497 nos
1477 466 1513 497 in
1542 464 1723 510 theologia
1752 465 1975 498 studentium
2004 466 2198 508 raritatem,
2226 479 2306 500 cum

433 535 507 579 jam
529 534 565 567 in
591 533 796 567 civitatibus
822 540 854 566 ct
881 533 961 566 aliis
988 533 1078 566 locis
1105 532 1302 577 majoribus
1329 531 1511 564 universis
1538 543 1601 576 per
1627 531 1756 564 fratres
1784 532 1932 565 eosdem
1959 540 1994 566 et
2017 532 2108 566 alios
2134 546 2207 567 non
2228 533 2308 568 sine

422 601 567 652 t‘grandi
595 600 768 645 periculo,
782 600 876 632 dicte
902 599 1020 632 littere
1047 599 1244 632 doceantur
1267 610 1273 630 :
1298 598 1377 630 lucc
1403 597 1537 631 clarius
1563 597 1801 643 prex-iderunt
1825 599 1936 644 quod,
1960 606 2149 645 postquam
2171 612 2216 634 ex
2234 601 2310 634 illis

437 668 483 712 xij
515 668 681 701 novem¹²
711 666 894 707 cathedre,
925 666 1019 699 sicut
1048 666 1084 697 in
1115 671 1283 710 promptu
1314 671 1382 705 est,
1408 676 1426 696 a
1454 664 1629 709 predictis
1658 664 1828 711 collegiis
1857 665 2146 700 irrevocabiliter
2174 668 2309 702 suerint

437 741 622 779 occupate,
650 746 719 778 que
748 739 895 778 propter
922 733 1069 765 fratrum
1098 731 1301 776 regentium
1330 731 1603 764 successionem
1629 731 1873 766 continuatam
1895 733 1939 766 ad
1965 733 2151 767 seculares
2175 734 2310 780 magis-

440 808 514 834 tros
550 812 730 845 nunquam
768 799 942 843 deinceps
978 804 1217 837 revertentur„
1254 797 1324 829 due
1359 804 1417 830 aut
1453 804 1527 830 tres
1562 797 1745 832 dumtaxat
1784 806 1955 844 poterunt
1988 812 2198 846 superesse,
2239 813 2309 847 que
2339 815 2346 821 ·

440 867 608 912 personis
640 865 867 898 secularibus
900 877 942 896 ex
970 865 1067 897 omni
1098 864 1248 909 regione
1279 875 1348 908 que
1381 863 1449 896 sub
1484 863 1564 897 celo
1595 871 1651 898 est
1675 865 1719 898 ad
1745 865 1904 899 studium
1934 867 2095 901 Parisius
2121 868 2310 902 conssuen-

439 933 536 966 tibus
570 933 707 966 valeant
745 931 933 964 reservari.
970 931 1075 973 Quod
1108 931 1138 963 si
1173 931 1295 963 forsan
1326 930 1569 975 contingeret,
1603 939 1798 966 memorata
1827 933 1982 978 collegia
2017 933 2088 967 sibi
2117 935 2162 968 ad
2195 935 2311 969 instar

439 1002 584 1033 fratrum
622 999 889 1031 predicatorum
922 997 1111 1030 cathedras
1142 997 1342 1042 geminare,
1378 1009 1457 1030 cum
1482 999 1583 1042 juxta
1611 999 1909 1044 consequentiam
1944 1001 2207 1046 premissorum
2236 1003 2308 1047 jam

438 1073 562 1100 essent
597 1066 630 1097 in
668 1064 909 1097 Universitate
940 1070 1062 1096 nostra
1093 1063 1217 1096 schole
1248 1063 1433 1109 theologie
1464 1076 1508 1097 xv
1538 1065 1775 1107 immortales,
1806 1067 2066 1101 inevitabiliter
2095 1075 2312 1114 sequeretur

438 1133 621 1166 seculares
661 1131 874 1163 scolasticos
905 1130 1111 1171 universos,
1147 1130 1334 1163 canonicis
1364 1131 1635 1165 Parisiensibus
1665 1132 1835 1167 duntaxat
1865 1134 2039 1180 exceptis,
2076 1147 2095 1168 a
2126 1135 2312 1181 theologie

437 1199 617 1233 cathedris
645 1197 913 1230 l‘arisiensibus
940 1198 1016 1229 fore
1044 1197 1080 1229 in
1108 1198 1371 1242 sempiternum
1397 1198 1580 1240 exclusos,
1610 1207 1759 1245 propter
1785 1201 1884 1246 quod
1911 1213 2064 1235 necesse
2092 1201 2313 1236 haberemus

395 1288 402 1294 ·
439 1267 616 1300 civitatem
646 1264 886 1297 Parisiensem
915 1264 1048 1297 studiis
1075 1264 1212 1297 nostris
1243 1271 1361 1309 aptam
1389 1272 1423 1298 et
1455 1277 1472 1298 a
1502 1266 1625 1299 multis
1654 1268 1844 1301 retroactis
1871 1268 2100 1314 temporibus
2127 1269 2252 1303 multis
2276 1275 2315 1303 et

440 1333 579 1378 magnis
601 1330 806 1376 sumptibus
829 1331 963 1363 nostris
991 1337 1140 1376 aptatam
1172 1338 1320 1376 propter
1347 1333 1652 1377 supervenientes
1678 1333 1867 1380 regulares
1892 1335 2076 1374 deserere,
2105 1343 2140 1369 et
2164 1337 2207 1369 ad
2234 1336 2312 1371 loca

439 1401 558 1433 minus
584 1399 724 1444 ydonea
750 1410 822 1430 non
849 1398 928 1430 sine
955 1398 1121 1442 dampnis
1148 1398 1316 1443 plurimis
1343 1400 1614 1445 transmigrare7
1640 1400 1698 1433 vel
1719 1413 1737 1434 a
1763 1413 1945 1435 sacrarum
1974 1401 2174 1436 litterarum
2202 1415 2313 1448 pene-

439 1466 590 1501 tralibus
620 1465 727 1498 alieni
765 1465 897 1510 passim
933 1477 1060 1497 omnes
1094 1465 1138 1497 ad
1174 1465 1360 1498 seculares
1392 1466 1564 1500 scientias
1598 1467 1806 1507 convolare.
1842 1470 1916 1502 Nos
1950 1469 2064 1515 igitur
2097 1469 2314 1516 diligentius

438 1534 666 1567 attendentes
688 1544 868 1565 sacrarum
896 1532 1127 1564 eminentiam
1154 1531 1354 1565 litterarum
1382 1533 1497 1579 magis
1522 1534 1765 1568 necessariam
1791 1547 1874 1569 esse
1900 1536 2128 1570 secularibus
2153 1536 2310 1579 clericis,

435 1601 499 1646 qui
520 1601 563 1633 ad
585 1611 704 1632 curam
727 1599 924 1631 animarum
947 1605 981 1631 et
1002 1598 1239 1631 ecclesiarum
1266 1600 1430 1645 regimen
1456 1601 1692 1646 frequencius
1713 1609 1922 1643 evocantur,
1949 1615 2054 1648 quam
2081 1603 2315 1649 regularibus

441 1668 539 1708 viris,
561 1666 621 1711 qui
648 1666 691 1698 ad
717 1678 755 1698 ea
783 1665 898 1698 rarius
927 1672 1208 1710 promovendum
1237 1667 1467 1700 attendentes
1493 1668 1612 1709 etiam,
1640 1675 1812 1713 quantum
1835 1669 1998 1703 intendat.
2017 1670 2171 1705 scolaris
2191 1671 2314 1705 studio

437 1735 469 1767 si
491 1746 530 1767 se
552 1740 674 1778 speret
694 1732 911 1777 quandoque
932 1732 976 1765 ad
998 1733 1154 1765 docendi
1175 1733 1382 1766 cathedram
1404 1741 1664 1779 perventurum
1684 1747 1691 1768 z
1714 1735 1882 1781 diligenti
1905 1736 2169 1772 deliberatione
2190 1737 2314 1783 preha-

440 1801 510 1833 bita
535 1800 704 1832 duximus
729 1799 958 1832 statuendum
988 1805 1027 1832 ut
1054 1799 1178 1832 nullus
1210 1800 1434 1845 regularium
1462 1808 1665 1835 conventus
1690 1802 1726 1835 in
1751 1802 1909 1848 collegio
1937 1810 2063 1837 nostro
2089 1804 2180 1837 duas
2204 1804 2317 1838 simul

440 1867 662 1911 sollempnes
690 1865 878 1899 cathedras
906 1865 1039 1899 habere
1067 1866 1184 1899 valeat
1209 1873 1296 1899 actu
1318 1868 1523 1912 regentium
1552 1868 1862 1913 magistr01·u1n⁴²¹,
1891 1882 1964 1903 non
1991 1870 2224 1904 intendentes
2250 1882 2316 1917 per

441 1934 507 1966 hoc
537 1939 705 1966 statutum
735 1944 798 1965 eos
830 1939 966 1965 arctare
1000 1933 1196 1977 quominus
1229 1933 1336 1966 liceat
1365 1934 1418 1967 eis
1452 1934 1548 1967 inter
1577 1935 1706 1969 fratres
1740 1947 1827 1969 suos
1855 1937 2164 1970 extraordinarios
2194 1937 2316 1971 multi-

442 2000 575 2045 plicare
603 1999 672 2032 sibi
701 1999 869 2040 lectores,
899 1999 1100 2032 secundum
1128 2000 1226 2044 quod
1252 1999 1323 2033 sibi
1349 2001 1507 2035 viderint
1533 2001 1716 2047 expedire.
1740 2003 1808 2036 Cui
1835 2009 1968 2036 statuto
1993 2004 2123 2037 fratres
2148 2004 2316 2038 Predica—

443 2074 539 2100 tores
571 2067 654 2099 totis
684 2065 822 2099 viribus
858 2066 1045 2107 resistunt,
1077 2073 1113 2099 ct
1141 2066 1259 2100 adhuc
1290 2066 1394 2100 soli¹⁸
1425 2074 1597 2112 quantum
1628 2068 1665 2101 in
1695 2069 1786 2114 ipsis
1821 2076 1878 2103 est
1906 2070 2162 2104 renitunturffi.

532 2134 647 2177 Super
677 2139 850 2165 transacta
882 2145 966 2165 vcro
995 2133 1282 2178 Quadragesima
1315 2135 1424 2177 [cum]
1451 2141 1600 2180 propter
1630 2135 1935 2178 intersectionem,
1969 2137 2250 2171 vinculationem
2282 2145 2318 2172 et

441 2200 528 2233 alias
552 2207 693 2232 atroces
719 2199 870 2243 injurias
890 2212 907 2232 a
934 2199 1151 2232 custodibus
1173 2200 1443 2234 parisiensibus
1469 2201 1726 2235 communibus
1751 2203 1956 2237 scolaribus
1983 2205 2121 2237 nostris
2142 2204 2259 2238 illatas
2279 2205 2317 2238 in

442 2279 569 2312 magna
589 2266 711 2299 cordis
727 2266 892 2311 angustia
914 2267 1101 2299 constituti
1117 2268 1219 2311 juxta
1236 2267 1414 2312 quandam
1437 2268 1703 2302 ordinationem
1726 2269 1827 2303 sedis
1847 2271 2048 2315 apostolice
2070 2271 2178 2304 nobis
2198 2271 2316 2305 indul·

445 2341 511 2366 tam
527 2335 564 2372 ¹5³,
587 2333 845 2378 obligationem
867 2333 1044 2377 quandam
1066 2333 1110 2366 ad
1131 2333 1286 2366 invicem
1308 2334 1510 2367 faceremus
1530 2335 1575 2368 de
1597 2336 1745 2380 prefatis
1767 2337 1911 2381 injuriis
1932 2338 2133 2371 secundum
2151 2339 2265 2372 Deum
2282 2345 2319 2372 et

438 2400 628 2444 justitiam„
661 2406 838 2444 quatenus
873 2400 1068 2444 unicuique
1101 2400 1198 2434 salva
1229 2400 1356 2446 regula
1384 2401 1442 2434 vel
1472 2401 1601 2435 ordine
1631 2414 1699 2435 suo
1729 2402 1858 2436 liceret
1884 2411 1919 2437 et
1949 2394 2059 2450 etiam
2084 2405 2164 2438 sine
2193 2404 2318 2438 laboro

446 2467 580 2511 proprii
607 2467 784 2511 corporis,
809 2479 880 2498 non
908 2466 1139 2511 singulorum
1167 2467 1233 2500 sed
1260 2468 1517 2502 Universitatis
1538 2469 1699 2511 nomine,
1722 2470 1753 2503 si
1773 2470 1866 2503 sorte
1887 2471 2118 2516 contingeret
2138 2471 2317 2517 justitiam

445 2533 644 2566 secularem
672 2532 777 2565 nobis
802 2532 972 2575 deficere,
999 2534 1269 2578 prosequendis
1301 2535 1487 2568 memorati
1519 2536 1683 2581 magistri
1710 2537 1980 2570 Predicatoruin
2008 2538 2103 2583 apud
2135 2549 2202 2571 nos
2232 2545 2318 2572 tunc

446 2605 615 2643 regentes
646 2599 738 2631 dicte
770 2599 983 2644 obligationi
1015 2606 1138 2633 nostre
1167 2601 1378 2634 consentire
1408 2601 1555 2635 minime
1586 2602 1793 2644 voluerunt,
1826 2603 1897 2637 nisi
1931 2604 2000 2636 sub
2030 2616 2071 2637 ea
2105 2604 2317 2638 conditione

448 2671 486 2698 ut
505 2664 573 2696 sub
595 2665 704 2709 sigilli
732 2666 844 2697 nostri
871 2667 1074 2699 communis
1100 2667 1309 2701 testimonio
1335 2668 1425 2701 duas
1452 2680 1578 2701 eorum
1599 2669 1720 2702 ordini
1745 2669 1864 2703 scolas
1885 2670 2172 2704 concederemus
2193 2669 2318 2717 perpe-

448 2738 525 2766 tuas
553 2731 589 2763 in
617 2731 799 2776 theologie
829 2732 986 2777 collegio
1018 2734 1287 2778 magistrorum,
1318 2735 1415 2779 quod
1443 2735 1496 2768 eis
1523 2735 1676 2768 concedi
1707 2748 1779 2769 uon
1810 2743 1963 2782 poterat,
1991 2736 2157 2771 obstante
2185 2744 2318 2772 statuto

448 2804 572 2831 nostro
599 2797 767 2841 superius
793 2805 983 2839 annotato·,
1014 2811 1079 2832 nec
1107 2800 1151 2833 de
1178 2800 1290 2834 scolis
1316 2813 1442 2834 eorum
1469 2801 1527 2835 vel
1552 2802 1688 2835 nostris
1715 2809 1799 2836 tunc
1825 2803 2012 2848 agebatur,
2040 2804 2106 2837 sed
2132 2805 2249 2850 magis
2272 2805 2318 2838 de

449 2864 595 2908 prefatis
616 2863 758 2907 injuriis
780 2865 1002 2897 amovendis.
1031 2866 1135 2899 Unde
1161 2867 1322 2911 predicte
1345 2867 1560 2913 obligationi
1585 2880 1675 2914 sepe
1700 2869 1787 2902 dicti
1816 2870 1946 2903 fratres
1970 2870 2204 2916 pertinaciter
2229 2872 2320 2905 resi-

449 2934 696 2970 steiitcs;.ea111
725 2942 788 2974 per
812 2942 913 2963 suam
938 2931 1175 2965 rebellionem
1201 2933 1247 2978 vij
1274 2933 1514 2978 hebdomadis
1539 2941 1807 2980 protraxerunt,
1827 2936 1986 2982 propter,
2003 2937 2101 2982 quod
2126 2935 2319 2972 securitate
