2580 3528
451 415 518 449 660

469 544 500 566 98

469 695 500 717 99

454 845 500 868 100

450 1465 494 1488 105

448 1709 494 1733 106

448 1821 491 1844 107

448 1977 493 2000 108

449 2087 494 2110 109

449 2286 494 2309 110

450 2531 492 2553 111

449 2840 494 2863 113

590 541 656 567 1233

583 1706 649 1731 1235

585 2527 649 2554 1237

779 537 865 567 Martii
884 545 897 567 7

768 694 866 726 Aprilis
884 695 912 717 27

753 845 874 869 Octobris
891 846 920 868 27

771 996 869 1027 Aprilis
887 997 901 1018 3

795 1103 873 1126 Junio

757 1210 868 1242 Augusti
884 1210 911 1233 11

737 1317 900 1348 Septembris
917 1319 930 1341 5

732 1469 888 1492 Novembris
905 1469 934 1492 18

747 1710 762 1733 J
765 1709 867 1733 anuarii
883 1709 895 1732 1
899 1710 912 1732 7

730 1821 885 1844 Novembris
901 1822 931 1844 28

726 1994 936 2001 .........

781 2288 851 2312 Junii
868 2290 881 2311 3

749 2532 763 2555 J
766 2533 868 2556 anuarii
883 2534 913 2556 26

771 2687 842 2711 Junii
861 2689 889 2711 12

1033 425 1350 447 CHARTULARIUM
1384 424 1574 446 UNIVERS.
1610 423 1739 445 PARIS.

975 544 1118 575 Gregorius
1141 544 1174 567 lX
1195 543 1303 567 Nicolao
1326 543 1451 575 episcopo
1473 542 1641 567 Noviomensi
1666 545 1691 566 et
1714 542 1774 566 aliis
1798 542 1916 574 ejusdem
1937 542 2064 567 dioecesis
2086 543 2195 567 mandat
2213 551 2245 567 ne

1006 588 1152 620 impediant
1174 587 1313 619 quominus
1335 587 1475 619 Philippus
1500 586 1674 610 cancellarius
1693 586 1852 610 Parisiensis
1871 587 1899 611 iu
1918 587 2134 611 archidiaconatu
2152 586 2246 611 Novio-

1007 633 1091 656 mensi
1106 641 1153 664 per
1172 633 1267 656 fratres
1283 632 1480 655 Praedicatores
1495 632 1537 655 vel
1552 631 1665 655 Minores
1680 631 1841 655 visitationis
1855 631 1973 656 officium
1987 635 2106 656 exerceat
2108 649 2244 657 ......

974 694 1118 726 Gregorius
1142 694 1176 717 IX
1201 694 1340 717 confirmat
1363 697 1492 717 statutum
1515 694 1587 717 card.
1612 693 1731 722 Romani,
1758 697 1843 726 apost.
1869 694 1940 718 sedis
1964 694 2055 726 legati,
2080 697 2111 718 ut
2133 694 2245 718 Tolosae

1006 739 1122 762 studium
1138 739 1261 770 generale
1276 741 1379 761 creetur
1394 741 1472 770 atque
1487 738 1623 769 magistris
1643 741 1669 762 et
1687 738 1854 762 scholaribus
1874 738 1973 763 ibidem
1994 738 2161 763 studentibus
2181 747 2245 762 eon—

1004 783 1073 806 cedit
1088 783 1197 806 eandem
1213 783 1371 811 libertatem,
1388 790 1440 814 qua
1455 782 1618 806 Parisienses
1636 785 1746 806 utuntur
1748 800 2244 808 ....................

973 854 985 868 «
1007 845 1178 868 Procuration
1199 845 1230 868 de
1249 844 1419 868 l'Universite
1437 853 1505 876 pour
1523 845 1682 876 poursuivre
1702 853 1737 868 un
1751 847 1845 877 proces
1865 845 1959 877 qu'elle
1980 845 2053 869 avoit
2068 847 2084 869 a
2102 846 2245 870 l'encontre

1004 890 1049 912 des
1066 889 1194 920 religieux
1213 890 1245 912 de
1266 889 1472 912 saint-Thomas
1488 889 1523 912 du
1538 890 1640 913 Louvre
1657 890 1754 914 devant
1767 890 1806 914 les
1816 890 1895 922 juges
1910 890 2034 922 delegues
2047 898 2098 922 par
2117 898 2147 914 sa
2166 890 2244 914 Sain-

1002 935 1062 962 tete‚
1079 942 1110 956 en
1126 934 1186 957 date
1201 934 1233 957 de
1248 934 1301 957 l'an
1317 934 1388 964 1233,
1403 934 1430 957 la
1444 934 1522 957 veille
1535 934 1567 958 de
1582 934 1653 958 saint
1667 934 1758 958 Simon
1772 938 1798 958 et
1812 934 1882 958 saint
1895 935 1971 959 Jude.
1989 943 2001 958 1)
2005 950 2243 960 ..........

973 995 1117 1027 Gregorius
1138 996 1172 1019 IX
1193 996 1334 1019 Guillelmo
1350 996 1475 1028 episcopo
1490 996 1635 1020 Parisiensi
1653 996 1826 1028 privilegium
1845 997 1879 1020 ab
1897 997 1957 1029 ipso
1976 997 2150 1021 Universitati
2169 997 2244 1021 Tolo-

1003 1048 1083 1063 sunae
1099 1048 1253 1063 concessum
1266 1048 1318 1063 non
1331 1041 1461 1072 derogare
1475 1041 1582 1064 statutis
1595 1041 1753 1065 Parisiensis
1768 1041 1956 1065 Universitatis
1971 1041 2105 1073 significat
2107 1058 2242 1066 ......

971 1102 1108 1126 Ordinatio
1129 1102 1245 1134 Capituli
1268 1103 1400 1134 generalis
1428 1102 1491 1127 Ord.
1516 1103 1610 1127 Praed.
1633 1103 1743 1127 Parisiis
1765 1103 1815 1127 sub
1837 1112 1907 1136 mag.
1927 1104 2044 1128 Jordano
2065 1103 2190 1128 cele-bruti
2211 1104 2243 1128 de

1002 1146 1137 1170 mittendis
1152 1147 1279 1170 fratribus
1295 1147 1412 1171 Parisios
1428 1147 1462 1171 ad
1478 1148 1637 1172 studendum
1640 1165 2241 1174 ........................

970 1209 1117 1240 Gregorius
1137 1210 1171 1232 lx
1191 1209 1276 1233 Odoni
1296 1209 1387 1233 abbati
1407 1213 1433 1234 et
1451 1210 1591 1234 conventui
1614 1210 1640 1234 S.
1662 1210 1786 1235 Germani
1805 1211 1837 1235 de
1855 1210 1940 1243 pratis
1959 1210 2071 1235 remittit
2088 1211 2243 1243 pensionem

1002 1254 1030 1277 P.
1049 1254 1164 1277 scholari
1184 1258 1245 1278 nato
1264 1254 1330 1278 Sixti
1349 1254 1415 1278 civis
1434 1255 1545 1279 Romani
1559 1255 1763 1287 persolvendam
1767 1273 2242 1281 ...................

970 1316 1114 1347 Gregorius
1135 1317 1168 1340 IX
1188 1317 1341 1340 doctoribus
1362 1320 1387 1341 et
1407 1317 1574 1341 scholaribus
1598 1318 1794 1342 Parisiensibus
1813 1317 1917 1342 nuntiat
1936 1326 1964 1342 se
1983 1318 2098 1342 edidisse
2119 1318 2243 1342 volumen

999 1361 1175 1384 Decretalium
1190 1369 1205 1384 a
1221 1362 1302 1385 fratre
1318 1362 1466 1386 Raimundo
1481 1362 1626 1391 redactum,
1642 1365 1668 1386 et
1683 1362 1815 1394 praecipit
1828 1365 1858 1386 ut
1871 1362 1921 1386 hac
1934 1365 2038 1386 tantum
2056 1362 2243 1395 compilatione

999 1405 1117 1429 universi
1133 1409 1242 1429 utantur
1256 1405 1283 1429 in
1300 1406 1409 1438 judiciis
1424 1409 1450 1430 et
1464 1406 1491 1430 in
1506 1407 1604 1430 scholis
1616 1424 2241 1431 .........................

968 1467 1114 1499 Gregorius
1130 1468 1163 1491 IX
1179 1468 1212 1491 ad
1227 1468 1365 1497 decanum,
1381 1469 1597 1492 archidiaconum
1617 1472 1642 1493 et
1658 1469 1799 1493 officialem
1818 1469 2062 1493 Autissiodorenses
2081 1477 2162 1501 super
2177 1469 2243 1493 assi-

1000 1512 1126 1544 gnatione
1141 1513 1281 1536 domorum
1296 1514 1465 1544 quarundam
1484 1514 1576 1537 decani
1591 1513 1759 1542 Parisiensia¹
1776 1514 1821 1546 qui
1838 1514 1906 1538 inter
1920 1517 2023 1538 caetera
2039 1514 2142 1546 judices
2156 1514 2242 1546 partis

1000 1557 1153 1580 cancellarii
1167 1557 1327 1581 Parisiensis
1343 1561 1482 1589 suspectos
1499 1558 1601 1587 hahuit,
1618 1566 1648 1582 eo
1666 1559 1744 1590 quod,
1760 1566 1820 1582 cum
1839 1558 2002 1582 Parisienses
2023 1558 2157 1582 scholares
2172 1558 2242 1582 exis-

999 1604 1093 1630 terent,
1118 1601 1220 1625 ratione
1240 1602 1435 1633 jurisdictionis
1455 1602 1614 1631 ordinariae,
1637 1611 1717 1635 quam
1739 1603 1840 1627 obtinet
1857 1603 1884 1626 in
1903 1603 2012 1632 eisdem,
2033 1603 2144 1635 subjecti
2168 1606 2244 1627 erant

1001 1646 1160 1669 cancellario
1173 1663 2240 1673 ..........................................

967 1712 1111 1744 Gregorius
1132 1712 1166 1736 IX
1186 1712 1279 1736 scribit
1298 1713 1423 1745 Philippo
1444 1713 1627 1738 Aurelianensi
1645 1713 1780 1746 episcopo,
1795 1713 1822 1737 in
1841 1713 1947 1738 civitate
1961 1713 2143 1738 Aurelianensi
2163 1722 2243 1746 posse

999 1757 1072 1788 leges
1088 1757 1141 1788 legi
1157 1760 1183 1781 et
1197 1758 1292 1786 audiri,
1314 1758 1419 1781 etiamsi
1434 1758 1461 1782 id
1476 1758 1586 1783 Parisiis
1603 1759 1638 1782 sit
1651 1758 1816 1791 prohibitum
1819 1776 2242 1784 .................

968 1823 1114 1855 Gregorius
1139 1824 1173 1847 lx
1197 1825 1306 1848 mandat
1330 1825 1470 1857 Ranulpho
1495 1825 1686 1857 Corisopitensi
1710 1829 1736 1849 et
1760 1825 1873 1849 Cadioco
1897 1825 2036 1849 Venetensi
2057 1825 2190 1857 episcopis
2213 1828 2244 1849 ut

1000 1868 1031 1892 G.
1048 1868 1264 1892 archidiaconum
1279 1869 1512 1901 corisopitensem,
1526 1870 1571 1902 qui
1586 1870 1612 1894 in
1623 1870 1682 1902 jure
1697 1870 1823 1894 canonico
1838 1870 1948 1894 Parisiis
1963 1870 2053 1894 docuit
2066 1873 2092 1894 et
2106 1870 2242 1894 sufficiens

999 1916 1039 1936 est
1052 1913 1086 1936 ad
1099 1913 1247 1937 docendum
1261 1913 1288 1937 in
1303 1914 1446 1946 theologia,
1463 1923 1543 1946 super
1557 1914 1754 1947 irregularitate
1769 1915 1923 1947 dispensent
1925 1931 2240 1941 .............

969 1979 1120 2011 Disputatio
1133 1988 1223 2003 coram
1236 1980 1377 2004 Guillelmo
1390 1980 1515 2013 episeopo
1527 1981 1671 2005 Parisiensi
1685 1981 1711 2004 in
1723 1981 1927 2013 congregatione
1939 1981 2130 2013 magistrorum
2143 1981 2243 2005 theolo-

1001 2024 1076 2055 gicae
1089 2024 1223 2048 facultatis
1238 2025 1348 2049 Parisiis
1363 2025 1456 2050 habita
1470 2026 1502 2049 de
1514 2026 1668 2058 pluralitate
1680 2026 1868 2050 beneficiorum
1871 2043 2241 2051 ...............

969 2099 981 2114 «
1004 2090 1148 2122 Gregorius
1171 2092 1205 2115 lx
1227 2092 1336 2116 mundat
1356 2092 1482 2124 episcopo
1504 2093 1695 2117 Silvanectensi
1715 2096 1744 2116 ut
1765 2093 1873 2116 inducat
1894 2092 2018 2116 abbatem
2038 2095 2064 2116 et
2084 2096 2242 2116 conventum

999 2135 1026 2159 S.
1042 2135 1167 2159 Germani
1182 2136 1214 2159 de
1229 2136 1324 2165 Pratis,
1341 2137 1465 2168 quatinus
1480 2145 1529 2168 pro
1544 2137 1690 2161 Minoribus
1705 2137 1821 2161 vendant
1834 2137 1866 2160 de
1879 2136 1958 2161 terris
1974 2136 2029 2160 suis
2044 2136 2115 2161 infra
2129 2140 2155 2161 et
2168 2140 2242 2161 extra

999 2188 1090 2203 muros
1106 2180 1140 2203 ad
1155 2181 1261 2203 domum
1277 2181 1491 2210 construendam,
1507 2185 1566 2210 etc„
1579 2182 1654 2213 juxta
1669 2182 1739 2214 quod
1754 2182 1811 2214 ipse
1826 2190 1898 2214 papa
1914 2181 1948 2205 ab
1963 2181 2001 2205 eis
2016 2181 2200 2214 requisiverat,
2216 2185 2242 2206 et

1001 2224 1094 2255 incipit
1109 2224 1200 2256 (bulla)
1218 2233 1223 2248 z
1242 2225 1325 2250 Circa
1339 2226 1455 2250 dilectos
1469 2226 1554 2257 filios,
1570 2226 1611 2250 sui
1625 2226 1795 2258 pontificatus
1810 2234 1879 2250 anno
1892 2234 1916 2249 x.
1932 2234 1944 2249 ν)
1949 2243 2240 2251 ............

968 2299 980 2313 α
998 2291 1141 2322 Gregorius
1156 2292 1189 2314 IX
1202 2292 1311 2315 mandat
1326 2292 1416 2316 abbati
1429 2296 1454 2316 et
1466 2293 1582 2325 capitulo
1595 2293 1826 2317 Benedictinorum
1839 2294 1864 2317 S.
1879 2293 2003 2317 Germani
2017 2293 2048 2316 de
2061 2293 2156 2322 Pratis,
2170 2293 2241 2325 quod

999 2335 1033 2358 ad
1053 2336 1298 2360 determinationem
1313 2340 1338 2360 et
1350 2337 1480 2368 judicium
1493 2338 1612 2370 episcopi
1627 2338 1831 2362 Silvanectensis
1847 2338 1962 2362 vendant
1976 2338 2008 2361 de
2023 2337 2078 2361 suis
2097 2337 2176 2361 terris
2190 2345 2240 2369 pro

997 2380 1191 2404 constructione
1218 2385 1361 2404 conventus
1385 2382 1525 2411 Minorum,
1552 2385 1578 2406 et
1601 2382 1694 2414 incipit
1719 2382 1812 2414 (bulla)
1840 2390 1845 2405 ’.
1870 2382 2003 2407 Habetur
2027 2382 2061 2406 in
2086 2382 2241 2413 approbata

998 2425 1213 2449 consuetudine.
1229 2425 1285 2448 Non
1301 2425 1367 2450 bene
1382 2426 1488 2458 legitur,
1505 2427 1551 2450 ubi
1567 2426 1646 2451 fuerit
1659 2427 1724 2451 haec
1738 2427 1812 2450 bulla
1827 2434 1959 2455 concessa,
1977 2426 2023 2450 sed
2037 2426 2065 2458 iij
2081 2434 2142 2450 non.
2157 2425 2238 2455 Junii,

996 2468 1166 2499 pontificatus
1182 2469 1223 2492 sui
1239 2478 1307 2493 anno
1322 2478 1346 2493 x.
1362 2479 1373 2493 1>
1378 2487 2238 2499 ..................................

966 2534 1110 2565 Gregorius
1126 2535 1160 2558 lx
1174 2536 1304 2567 permittit
1318 2537 1458 2568 Radulpho
1473 2537 1564 2561 abbati
1578 2541 1603 2562 et
1617 2537 1757 2561 conventui
1772 2537 1926 2561 monasterii
1941 2537 1967 2561 S.
1982 2536 2104 2565 Victoris,
2121 2536 2154 2559 ad
2169 2536 2238 2568 quod

996 2587 1045 2610 pro
1058 2579 1208 2610 recipienda
1220 2581 1381 2612 poenitentia
1394 2581 1528 2606 scholares
1542 2583 1676 2606 studentes
1689 2582 1799 2606 Parisiis
1812 2585 1959 2610 recurrunt,
1970 2581 2068 2605 habers
2081 2580 2239 2612 magistrum

997 2623 1149 2655 theologum
1166 2642 2237 2652 ..........................................

967 2688 1111 2720 Gregorius
1132 2691 1165 2714 lx
1185 2691 1296 2715 Henrico
1316 2692 1516 2725 archiepiscopo
1535 2693 1665 2722 Remensi,
1681 2693 1806 2725 episcopo
1821 2692 1958 2725 Arnulpho
1973 2695 1998 2716 et
2012 2692 2111 2716 decano
2130 2691 2238 2715 Ambia-

998 2734 1125 2758 nensibus
1141 2736 1249 2759 mundat
1264 2739 1293 2760 ut
1307 2737 1450 2769 magistros
1470 2741 1496 2761 et
1515 2738 1649 2762 scholares
1664 2738 1827 2762 Parisienses
1846 2737 1873 2761 in
1893 2737 1948 2761 suis
1963 2736 2131 2760 libertatibus
2146 2739 2238 2759 contra

997 2778 1147 2802 turbatores
1164 2784 1318 2804 conservent
1322 2796 2236 2807 ....................................

967 2843 1110 2875 Gregorius
1126 2845 1159 2868 lx
1173 2846 1292 2870 concedit
1307 2847 1438 2871 universis
1454 2848 1590 2880 magistris
1605 2852 1630 2872 et
1645 2848 1811 2872 scholaribus
1826 2847 2020 2872 parisiensibus
2034 2849 2063 2870 ut
2072 2854 2121 2878 per
2135 2849 2237 2877 septen-

1000 2888 1072 2911 nium
1087 2890 1175 2913 nullus
1192 2890 1218 2913 in
1233 2891 1432 2916 universitatem
1448 2893 1638 2924 magistrorum
1651 2893 1693 2917 vel
1708 2893 1870 2917 scholarium
1885 2900 1931 2916 seu
1945 2894 2074 2915 rectorem
2088 2890 2130 2914 vel
2143 2898 2237 2922 procu-

999 2935 1113 2956 ratorem
1133 2942 1223 2958 eorum
1242 2935 1268 2958 in
1289 2936 1367 2960 certis
1387 2937 1493 2960 casibus
1514 2937 1800 2966 excommunicationis,
1815 2941 1875 2967 etc„
1890 2935 2046 2960 sententiam
2064 2934 2236 2967 promulgare

996 2976 1091 3000 audeat
1093 2994 2233 3006 .............................................

2289 631 2333 656 151

2289 783 2333 807 151

2288 934 2334 959 152

2287 1041 2334 1065 152

2288 1148 2333 1173 153

2287 1255 2334 1279 153

2287 1407 2332 1431 154

2287 1647 2333 1671 154

2287 1758 2333 1782 156

2286 1913 2332 1938 157

2286 2025 2331 2049 157

2285 2225 2331 2249 158

2283 2469 2329 2493 158

2283 2624 2329 2648 159

2282 2779 2328 2803 159

2279 2978 2326 3001 160
