2580 3528
236 407 334 448 1259]
572 415 620 438 An
654 415 761 439 Auno
795 414 874 437 uec
909 414 1044 443 usque
1078 415 1127 436 An
1163 415 1398 436 Pmmrrum
1432 415 1473 436 iv
1508 416 1598 438 nac..
1637 416 1773 438 rim-xxc.
1972 398 1987 401 “
2052 407 2119 441 385

234 490 420 525 tricesimo
450 489 578 531 tercio,
607 488 811 523 astantibus
841 489 878 521 in
908 488 1046 534 palacio
1078 494 1204 521 nostro
1235 500 1389 533 quorum
1422 489 1568 522 nomina
1599 490 1787 534 supposita
1819 497 1901 522 sunt
1934 497 1967 522 et
1999 490 2116 535 signa.

235 557 405 603 Dapisero
430 556 545 590 nullo.
568 556 720 602 Signum
740 555 918 590 Johannis
938 554 1160 588 buticularii.
1183 554 1336 600 Signum
1359 555 1481 600 Egidii
1502 555 1776 589 constabularii.
1800 556 1950 601 Signum
1975 556 2118 589 Alsonsi

234 623 434 658 camerarii.
466 623 554 656 Data
569 629 717 656 vacante
748 624 952 667 (monogr.)
973 620 1201 655 cancellaria.

328 721 465 753 Originale
488 720 515 744 in
539 720 616 744 Arch.
639 723 694 745 nat..
717 720 802 744 Puris.
821 720 851 744 Κ.
867 720 905 748 31.
922 720 1005 743 1:⁰12.
1022 720 1100 743 Deest
1115 719 1244 751 sigillum.
1263 733 1296 738 —
1318 719 1443 747 Bulaeus,
1467 720 1513 748 111,
1537 721 1591 743 360.
1612 733 1644 737 —
1663 719 1813 743 cartusiani
1833 719 1922 751 utiquc
1942 728 1993 743 non
2014 721 2120 743 fuorunt

234 765 353 790 membra
370 765 572 794 Universitatis;
590 765 732 789 voluerunt
745 768 833 789 tamen
852 764 974 788 habiture
992 772 1076 796 prope
1092 764 1171 788 istam
1185 763 1329 793 civitatem,
1347 772 1415 796 quae
1431 764 1638 788 Universitutem
1657 763 1726 787 intra
1747 772 1838 787 muros
1854 772 1916 787 suos
1936 764 2119 794 concludebat,

234 813 264 834 ut
277 810 375 835 dicitur
388 810 416 834 in
430 810 532 834 charta.

235 963 350 1002 335.
374 975 492 999 seatuta
507 972 544 999 de
557 972 665 999 studiis
676 973 705 999 1'n
723 972 829 999 Ordine
841 972 947 999 Praed.
963 972 1043 999 edita
1059 981 1078 999 a
1093 973 1242 1008 magistris
1253 971 1470 998 Parisiensibus
1485 971 1687 1006 Bonohomine,
1703 970 1855 1005 Florentio,
1869 970 1986 998 Alberto
2002 972 2118 1006 Magno,

329 1022 434 1048 Thomu
449 1021 486 1049 de
504 1021 628 1058 Aquino,
650 1023 735 1048 Petro
755 1021 792 1048 de
815 1022 992 1048 Taranta-sia
1014 1021 1081 1048 ord.
1105 1021 1212 1048 Praed.
1235 1025 1361 1058 tempore
1383 1019 1512 1057 Capituli
1529 1019 1677 1055 generalis
1695 1019 1750 1046 sub
1773 1019 1929 1046 flamberto
1951 1019 2118 1047 Valencenis

325 1070 473 1098 celebrati,

1370 1142 1448 1172 1259,
1463 1141 1538 1168 dunin
1551 1141 1662 1171 ineunte,
1679 1141 1833 1168 Valent-onia.

326 1230 488 1264 Parisius
521 1242 595 1264 non
627 1236 770 1276 petatur
794 1229 940 1263 licentia
967 1229 1117 1276 legendi
1146 1229 1369 1275 theologiam
1400 1241 1466 1274 pro
1496 1228 1618 1274 aliquo
1653 1229 1775 1270 fratre,
1812 1240 1878 1262 nec
1913 1228 2121 1262 licentiatus

237 1297 398 1343 incipiat,
425 1309 491 1330 nec
516 1296 646 1342 legens
672 1296 839 1338 dimittat,
867 1296 938 1330 nisi
964 1296 1009 1329 de
1034 1295 1191 1329 consilio
1218 1295 1384 1342 magistri
1409 1295 1441 1328 si
1466 1295 1577 1328 fuerit
1599 1295 1638 1328 in
1661 1294 1847 1340 provincia
1873 1295 2036 1337 Francie,
2062 1295 2122 1329 vel

238 1363 284 1398 de
313 1363 468 1398 consilio
499 1363 633 1409 prioris
660 1362 895 1408 provincialis
925 1362 1088 1404 Francie,
1121 1362 1152 1395 si
1182 1362 1357 1408 magister
1386 1361 1537 1395 Ordinis
1567 1361 1605 1394 in
1635 1361 1784 1395 Francia
1814 1374 1888 1394 non
1918 1362 2038 1395 suerit.

327 1429 454 1476 Apud¹
476 1429 704 1464 valencenas
733 1441 828 1463 anno
859 1429 1006 1462 Domini
1031 1429 1245 1463 M⁰CC⁰L1X
1272 1428 1317 1462 de
1342 1427 1510 1461 mandato
1537 1428 1702 1474 magistri
1728 1435 1761 1461 et
1789 1428 2025 1461 diffinitorum
2056 1441 2122 1474 pro

238 1497 475 1543 promocione
508 1496 621 1530 studii
655 1496 861 1530 ordinatum
896 1502 953 1530 est
985 1507 1051 1542 per
1078 1496 1208 1529 fratres
1239 1492 1603 1536 Bonumho1ninem²‚
1639 1494 1896 1536 Florentium⁸,
1932 1494 2123 1529 Albertum

241 1563 542 1606 Theutonicum‘,
560 1563 734 1597 Thomam
757 1563 802 1596 de
818 1563 978 1609 Aquino,
997 1564 1143 1596 Petrum
1165 1562 1210 1595 (le
1231 1561 1498 1603 Tharantasia⁸,
1523 1561 1719 1607 magistros
1741 1560 1925 1607 theologie
1947 1561 2122 1603 Parisius,

239 1629 302 1676 qui
326 1630 572 1664 interfuerunt
595 1630 693 1664 dicto
718 1629 900 1676 Capitulo,
928 1629 1027 1675 quod
1051 1629 1210 1662 lectores
1236 1640 1310 1662 non
1335 1634 1562 1674 occupentur
1587 1628 1624 1661 in
1649 1627 1752 1661 sactis
1773 1627 1831 1661 vel
1859 1628 2032 1673 negotiis,
2060 1640 2125 1674 per

240 1709 310 1743 que
339 1709 359 1731 a
387 1696 609 1731 lectionibus
640 1695 882 1731 retrahantur.

330 1764 433 1806 Item,
473 1762 572 1809 quod
612 1763 809 1810 diligenter
846 1763 1052 1809 inquiratur
1086 1775 1151 1809 per
1180 1763 1324 1809 priores
1355 1761 1599 1808 provinciales
1629 1761 1674 1794 ‹le
1708 1761 1909 1806 juvenibus
1948 1762 2041 1808 aptis
2080 1762 2124 1795 ad

240 1830 415 1872 studium,
447 1830 509 1876 qui
543 1830 687 1876 possint
716 1830 753 1864 in
783 1830 886 1864 brevi
921 1829 1112 1876 proficere,
1145 1836 1181 1863 et
1209 1842 1274 1863 eos
1305 1829 1342 1862 in
1372 1828 1495 1862 studio
1526 1835 1776 1874 promoveant.

330 1897 433 1940 Item,
457 1896 556 1943 quod
580 1896 663 1931 talis
692 1897 882 1943 inquisitio
906 1896 966 1930 fiat
990 1896 1150 1942 singulis
1175 1896 1280 1930 annis
1306 1907 1372 1942 per
1392 1895 1601 1929 visitatores
1625 1894 1662 1928 in
1685 1893 1844 1940 singulis
1867 1894 2125 1937 conventibus,

242 1969 279 1998 et
302 1964 480 1998 reseratur
503 1963 672 2010 Capitulo
698 1963 926 2010 provinciali.

332 2031 437 2073 Item,
467 2030 567 2076 quod
595 2030 641 2064 ad
670 2030 790 2065 studia
819 2030 971 2065 Ordinis
1001 2030 1187 2076 generalia
1217 2042 1291 2063 non
1321 2029 1510 2063 mittantur
1538 2029 1682 2070 fratres,
1713 2028 1785 2062 nisi
1816 2028 1878 2074 qui
1913 2035 1999 2062 sunt
2032 2028 2126 2063 bene

244 2096 454 2143 morigerati
479 2103 515 2131 et
537 2097 611 2143 apti
636 2097 680 2131 ad
706 2097 985 2144 proficiendum.

334 2164 436 2206 Item,
468 2163 567 2210 quod
595 2163 627 2198 si
656 2164 693 2197 in
723 2164 842 2210 aliqua
872 2164 1058 2210 provincia
1088 2175 1162 2197 non
1192 2163 1337 2209 possint
1365 2162 1491 2196 haberi
1517 2162 1674 2196 lectores
1706 2162 1741 2195 in
1772 2161 1943 2195 omnibus
1969 2174 2128 2196 conven-

245 2229 356 2271 tibus,
380 2230 615 2276 provideatur
639 2230 764 2264 saltem
792 2231 890 2276 quod
915 2231 1045 2264 fratres
1071 2237 1107 2263 et
1131 2230 1284 2263 maxime
1304 2229 1462 2275 juvenes
1489 2241 1562 2262 non
1588 2240 1734 2274 sempor
1760 2235 1969 2261 remaneant.
1991 2228 2027 2261 in
2054 2228 2128 2262 illis

245 2296 500 2338 conventibus,
527 2296 593 2330 sed
621 2297 808 2331 mittantur
831 2297 879 2333 ,ad
905 2297 983 2331 loca
1009 2296 1071 2330 ubi
1097 2302 1183 2330 sunt
1207 2295 1378 2329 lectores.

335 2364 437 2399 ltem.
459 2363 558 2409 quod
583 2363 614 2397 si
639 2363 795 2397 inveniri
821 2375 895 2397 non
920 2369 1077 2409 possunt
1099 2362 1257 2396 lectores
1282 2362 1506 2395 sufficientes
1528 2361 1573 2395 ad
1596 2361 1792 2407 legendum
1818 2361 1975 2407 publice,
2001 2361 2128 2395 saltem

246 2429 480 2476 provideatur
519 2429 564 2463 de
597 2429 781 2475 aliquibus
811 2430 873 2475 qui
910 2429 1033 2476 legant
1062 2429 1219 2475 privatas
1255 2428 1446 2469 lectiones,
1483 2428 1540 2462 vel
1576 2428 1746 2474 ystoriaS,
1783 2427 1839 2461 vel
1875 2439 2051 2461 summam
2083 2428 2128 2462 de

246 2494 406 2538 casibus,
437 2495 495 2530 vel
524 2495 623 2530 aliud
652 2495 878 2542 hujusmodi,
909 2508 954 2529 ne
984 2496 1113 2530 fratres
1144 2495 1218 2529 sint
1247 2494 1369 2528 otiosi.

337 2563 438 2603 Item,
478 2562 578 2608 quod
615 2562 789 2596 fratribus
822 2561 1023 2608 juvenibus
1051 2562 1146 2608 aptis
1174 2561 1219 2595 ad
1249 2561 1409 2603 studium
1442 2566 1608 2606 parcatur
1645 2572 1665 2594 a
1704 2560 1935 2595 discursibus
1975 2568 2010 2595 et
2047 2561 2129 2595 aliis

247 2628 563 2676 occupationibus,
595 2641 640 2663 ne
670 2642 689 2663 a
719 2629 841 2663 studio
872 2628 1113 2663 retrahantur.

339 2696 440 2734 Item,
477 2696 575 2742 quod
610 2696 801 2730 ordinetur
834 2697 871 2730 in
906 2696 1118 2742 provinciis,
1150 2707 1221 2742 que
1251 2694 1491 2741 indiguerint,
1522 2693 1672 2740 aliquod
1706 2694 1867 2729 studium
1905 2695 2035 2729 artium
2072 2695 2130 2730 vel

248 2761 380 2809 aliqua,
412 2761 474 2796 ubi
498 2763 656 2809 juvenes
686 2763 924 2797 instruantur.

339 2829 442 2871 Item,
469 2829 568 2875 quod
593 2830 736 2871 fratres,
762 2830 824 2876 qui
850 2836 1039 2863 remanent
1062 2842 1080 2863 a
1106 2829 1231 2871 scolis,
1259 2829 1350 2863 dure
1379 2828 1588 2875 puniantur.

340 2896 442 2938 Item,
467 2895 565 2942 quod
590 2897 720 2931 fratres
748 2903 911 2943 tempore
936 2896 1106 2931 lectionis
1133 2909 1206 2930 non
1233 2902 1460 2942 occupentur
1487 2894 1523 2928 in
1554 2893 1678 2928 missis
1703 2893 1947 2937 celebrandis,
1972 2894 2028 2929 vol
2051 2894 2132 2928 aliis

250 2959 475 3007 hujusmodi,
505 2974 572 2996 nec
602 2963 733 2998 vadant
761 2963 798 2997 in
828 2963 962 3005 villam,
995 2964 1065 2997 nisi
1097 2975 1162 3009 pro
1194 2974 1323 3009 magna
1353 2961 1583 2996 necessitate.

378 3020 476 3046 chart.
497 3019 578 3046 Unio.
597 3021 692 3047 Parin.
711 3020 732 3046 1.
1979 3020 2009 3042 ἐυ
