2580 3528
457 407 524 440 658

472 535 502 558 63
595 531 659 557 1229

472 639 502 661 64
613 652 644 656 .—

472 745 502 767 65
614 758 641 762 ——

471 852 502 875 66
612 865 642 868 —

470 959 499 981 67
610 971 640 974 -

469 1064 499 1086 68
611 1077 637 1080 —

463 1970 491 1992 74
583 1969 650 1995 12³⁰

465 2321 493 2343 76
603 2336 633 2338 -

467 2631 496 2654 78
586 2630 648 2655 1231

575 3039 613 3062 ⁸3.

796 534 889 557 Martio

786 640 849 664 Julii
866 641 896 663 16

807 747 894 769 —25

780 853 897 883 Augusto

762 1065 909 1096 Septembri

734 1260 888 1283 Novembris
904 1260 933 1282 23

768 1972 866 2004 Aprilis
882 1974 896 1996 2

779 2123 839 2147 Maii
856 2124 885 2147 10

796 2325 863 2348 Maio

760 2479 900 2502 Novembri

741 2634 876 2657 Februarii
892 2636 920 2658 27

762 2833 858 2863 Aprilis
873 2833 901 2855 13

1038 413 1357 436 CHARTULARIUM
1392 411 1583 434 UNIVERS.
1620 410 1750 433 PARIS.

977 533 1134 557 Guillelmus
1149 532 1289 563 episcopus
1305 530 1462 555 Parisiensis
1479 529 1606 553 fratribus
1622 529 1648 552 S.
1665 529 1803 553 Trinitatis
1817 528 1950 561 hospitale
1965 529 1991 553 S.
2004 529 2148 554 Mathurini
2163 529 2248 554 Paris.

1008 585 1067 600 cum
1081 577 1183 608 capella
1193 576 1275 599 tradit
1277 590 2248 599 ......................................

977 639 1104 663 Henricus
1120 639 1156 662 111
1177 647 1220 661 rex
1241 637 1350 669 Angliae
1364 637 1459 660 invitat
1478 636 1620 667 magistros
1636 638 1661 659 et
1675 636 1809 659 scholares
1824 635 1996 665 Parisieuses,
2011 639 2041 660 ut
2060 636 2141 660 studii
2160 636 2248 668 gratia

1007 684 1034 707 in
1055 683 1176 715 Angliam
1195 682 1302 706 veniant
1304 697 2247 706 .....................................

977 745 1120 777 Gregorius
1141 745 1175 768 IX
1195 744 1377 776 possessiones
1393 743 1500 767 Ordinis
1515 742 1598 766 Vallis
1619 742 1794 772 Scholarium,
1810 742 1961 774 specialiter
1979 746 2067 767 autem
2086 743 2194 767 domum
2214 743 2248 767 ab

1007 799 1036 813 eo
1053 789 1162 814 Parisiis
1176 796 1338 820 possessam,
1353 788 1402 811 sub
1418 796 1467 811 sua
1481 787 1643 819 protectione
1658 787 1771 819 suscipit
1773 804 2247 812 ...................

975 852 1122 876 Ludovicus
1143 852 1176 874 IX
1196 859 1241 874 rex
1260 851 1421 874 Francorum
1436 849 1608 881 privilegium
1623 857 1638 873 a
1653 857 1715 881 rege
1730 849 1854 881 Philippo
1869 850 1988 881 Augusto
2007 857 2056 873 avo
2076 858 2123 873 suo
2143 849 2246 874 schola-

1005 896 1078 919 ribus
1099 895 1294 919 Parisiensibus
1314 895 1405 918 datum
1425 894 1563 918 confirmat
1566 911 2246 920 ...........................

973 959 1157 982 Juramentum
1177 957 1247 989 quod
1266 956 1436 988 praepositus
1457 956 1615 980 Parisiensis
1632 956 1707 988 juxta
1722 956 1876 980 mandatum
1895 956 1967 988 regis
1985 956 2157 980 Universitati
2176 956 2248 980 Pari·

1005 1002 1084 1025 siensi
1104 1010 1168 1034 prae
1172 1005 1242 1025 stare
1261 1001 1374 1025 debebat
1381 1018 2245 1025 ..................................

973 1065 1129 1088 Guillelmus
1145 1064 1286 1095 episcopus
1301 1063 1460 1087 Parisiensis
1472 1063 1600 1087 fratribus
1610 1063 1693 1087 Vallis
1705 1063 1880 1092 Scholarium,
1891 1066 2034 1095 postquam
2042 1057 2086 1087 ¹eis
2101 1063 2208 1095 plenam
2221 1066 2247 1087 et

1001 1109 1114 1132 liberam
1135 1111 1293 1140 potestatem
1313 1107 1484 1132 construendi
1503 1108 1611 1131 domum
1630 1111 1656 1131 et
1674 1108 1813 1131 ecclesiam
1833 1107 1943 1132 Parisiis
1963 1107 1990 1131 in
2009 1107 2138 1139 parochia
2157 1107 2246 1132 Sancti

1003 1154 1078 1177 Pauli
1093 1153 1232 1181 concessit,
1249 1153 1410 1185 praescribit
1427 1156 1527 1176 certam
1541 1152 1647 1176 vivendi
1666 1153 1795 1184 regulam,
1811 1155 1840 1176 ut
1851 1152 1913 1184 jura
1927 1152 2053 1176 ecclesiae
2068 1154 2093 1178 S.
2114 1152 2191 1176 Pauli
2204 1153 2246 1176 vel

1002 1198 1127 1221 ecclesiae
1142 1198 1170 1221 B.
1186 1198 1285 1221 Mariae
1300 1197 1413 1230 virginis
1428 1197 1527 1221 intacta
1539 1200 1692 1221 remaneant
1694 1214 2244 1223 ......................

970 1260 1114 1292 Gregorius
1130 1260 1167 1284 IX
1181 1260 1278 1292 agendi
1294 1260 1401 1284 modum
1417 1259 1552 1284 Guillelmi
1566 1259 1685 1292 episcopi
1700 1259 1858 1284 Parisiensis
1873 1267 1938 1291 erga
1954 1259 2160 1284 Universitatem
2173 1259 2247 1284 Pari-

1001 1305 1114 1328 siensem
1129 1305 1307 1336 reprehendit,
1324 1313 1384 1328 cum
1399 1305 1426 1328 in
1437 1304 1601 1328 dissensione
1617 1304 1726 1328 suborta
1741 1304 1810 1328 inter
1821 1312 1911 1336 regem
1926 1307 1952 1328 et
1965 1304 2086 1336 reginam
2098 1312 2129 1327 ex
2143 1312 2204 1333 una,
2220 1307 2246 1328 et

1001 1350 1144 1381 magistros
1159 1353 1184 1373 ct
1198 1349 1333 1373 scholares
1348 1357 1379 1373 ex
1394 1349 1478 1373 altera
1491 1352 1567 1381 parte
1582 1357 1634 1372 non
1649 1349 1735 1372 solum
1751 1356 1778 1372 se
1794 1349 1910 1372 medium
1923 1357 2022 1380 ponere
2036 1357 2088 1372 non
2102 1349 2243 1377 curaverit,

1001 1395 1046 1418 sed
1062 1394 1142 1418 etiam
1157 1403 1189 1418 ne
1203 1394 1339 1426 pactiones
1357 1394 1391 1418 ab
1409 1397 1521 1425 utraque
1535 1396 1611 1425 parte
1626 1393 1707 1417 initae
1722 1396 1891 1417 servarentur
1905 1393 2045 1417 consilium
2059 1393 2192 1418 tribuerit.
2212 1411 2219 1417 .
2237 1411 2243 1418 .

970 1457 1115 1488 Gregorius
1134 1457 1168 1480 lx
1187 1456 1341 1480 Mauritium
1363 1456 1588 1480 cenomanensem
1608 1459 1634 1479 et
1651 1455 1798 1480 Guarinum
1813 1456 2036 1479 Silvanectensem
2055 1456 2194 1487 episcopos
2214 1455 2244 1479 a'c

1002 1502 1160 1533 magistrum
1176 1502 1323 1525 Johannem
1338 1501 1558 1525 Catalaunensem
1577 1500 1793 1524 archidiaconum
1809 1500 1912 1532 judices
1931 1500 1958 1524 in
1977 1508 2058 1524 causa
2074 1500 2141 1524 inter
2155 1501 2243 1525 Ludo-

1000 1546 1088 1570 vicum
1107 1554 1197 1578 regem
1212 1546 1374 1569 Francorum
1389 1548 1415 1569 et
1429 1545 1572 1577 magistros
1587 1553 1617 1568 ac
1632 1545 1766 1569 scholares
1782 1545 1945 1569 Parisienses
1960 1548 2078 1569 vertente
2096 1544 2241 1569 constituit.

968 1609 1112 1640 Gregorius
1129 1609 1162 1632 lx
1183 1608 1345 1632 Ludovicum
1360 1616 1450 1640 regem
1462 1608 1624 1631 Francorum
1643 1610 1669 1631 et
1685 1607 1811 1631 Blancam
1832 1610 1944 1630 matrem
1961 1607 2017 1638 ejus
2037 1607 2069 1631 de
2087 1607 2243 1631 necessitate

998 1653 1144 1684 supientiae
1155 1656 1180 1676 et
1193 1653 1274 1676 studii
1287 1652 1437 1676 litterarum
1450 1652 1541 1676 edocet
1551 1652 1724 1683 hortaturque
1735 1654 1859 1683 satagant
1869 1654 1898 1675 ut
1907 1651 2025 1675 studium
2034 1651 2151 1675 Parisios
2166 1659 2243 1676 revo-

998 1701 1071 1721 cetur
1082 1706 1112 1721 ac
1122 1697 1258 1728 magistris
1272 1700 1297 1721 et
1310 1697 1477 1720 scholaribus
1488 1696 1684 1720 Parisiensibus
1695 1696 1727 1720 de
1737 1696 1863 1728 irrogatis
1874 1695 1978 1728 injuriis
1988 1704 2104 1727 congrue
2120 1695 2242 1721 satisfiat.

967 1760 1088 1792 Epistola
1103 1760 1262 1783 transmissa
1277 1768 1292 1783 a
1307 1759 1444 1791 magistris
1465 1759 1604 1783 Tolosanis
1620 1759 1654 1782 ad
1668 1758 1831 1782 universalia
1848 1758 1937 1783 studia
1956 1758 2020 1782 alibi
2035 1758 2164 1783 florentia.
2184 1776 2190 1783 .
2210 1776 2217 1783 .

967 1822 1093 1854 Magister
1108 1823 1240 1846 Jordanus
1256 1822 1320 1846 Ord.
1335 1822 1428 1845 Praed.
1446 1821 1539 1845 scribit
1553 1822 1585 1844 fr.
1601 1821 1735 1852 Stephano
1747 1820 1906 1852 provinciali
1920 1820 2094 1844 Lombardiae
2109 1821 2141 1844 de
2155 1821 2243 1845 fructu

997 1867 1203 1899 praedicationis
1217 1875 1280 1890 suae
1292 1866 1418 1890 Vercellis
1431 1866 1548 1894 habitae,
1562 1866 1608 1889 ubi
1621 1865 1787 1890 intraverunt
1799 1865 1925 1890 Ordinem
1939 1865 2017 1889 multi
2029 1865 2161 1897 magistri,
2174 1865 2243 1890 inter

997 1920 1063 1944 quos
1079 1912 1210 1935 Walterus
1225 1911 1413 1940 Theutonicus,
1428 1919 1496 1934 unus
1510 1919 1542 1934 ex
1554 1910 1662 1942 optimis
1676 1910 1813 1942 magistris
1828 1909 2024 1934 Parisiensibus
2027 1927 2239 1934 .........

966 1974 1110 2006 Gregorius
1139 1975 1173 1997 IX
1206 1973 1338 1998 Ludovico
1366 1973 1423 2005 regi
1452 1974 1614 1997 Francorum
1646 1972 1740 1996 scribit
1771 1980 1799 1996 se
1829 1972 1989 2004 magistrum
2017 1971 2188 1996 Guillelmum
2215 1975 2242 1996 et

997 2019 1162 2050 Stephanum
1174 2018 1265 2042 Baetel
1277 2018 1384 2042 nuntios
1397 2026 1457 2041 cum
1472 2017 1568 2041 litteris
1581 2017 1663 2049 regiis
1676 2017 1816 2049 recepisse,
1831 2017 1878 2040 sed
1891 2016 2032 2048 petitiones
2047 2016 2104 2048 ejus
2120 2016 2240 2048 singulas

997 2064 1030 2087 ad
1048 2071 1175 2095 praesens
1191 2071 1243 2086 non
1258 2071 1337 2094 posse
1352 2062 1476 2086 exaudire
1479 2078 2238 2086 ..............................

967 2125 1111 2157 Gregorius
1128 2126 1161 2149 lx
1176 2125 1312 2156 magistris
1333 2128 1359 2148 et
1378 2124 1545 2148 scholaribus
1559 2123 1669 2148 Parisiis
1685 2127 1711 2147 et
1725 2123 1874 2155 Andegavis
1891 2123 2116 2147 commorantibus
2131 2123 2240 2147 mandat

997 2174 1027 2194 ut
1046 2178 1094 2201 pro
1114 2169 1301 2193 reformatione
1317 2169 1398 2192 studii
1413 2168 1571 2192 Parisiensis
1586 2176 1670 2200 usque
1690 2168 1723 2191 ud
1743 2169 1839 2191 festum
1858 2167 2054 2199 Assumptionis
2075 2167 2101 2191 b.
2122 2167 2238 2200 Virginis

997 2214 1100 2246 aliquos
1115 2214 1220 2237 nomine
1234 2213 1421 2237 Universitatis
1434 2213 1468 2236 ad
1480 2212 1582 2236 curiam
1597 2212 1736 2241 destinent,
1753 2212 1857 2236 etiamsi
1871 2212 1999 2244 magister
2014 2211 2171 2236 Guillelmus
2183 2211 2239 2244 jam

997 2259 1033 2282 ibi
1050 2259 1097 2287 sit;
1114 2259 1224 2290 insuper
1237 2258 1399 2289 transcripta
1415 2257 1531 2281 omnium
1545 2257 1748 2289 privilegiorum
1760 2256 1865 2280 mittant
1869 2273 2238 2282 ...............

966 2325 1124 2349 Guillelmus
1152 2325 1293 2356 episcopus
1322 2323 1480 2348 Parisiensis
1507 2327 1598 2347 notum
1622 2323 1686 2347 facit
1714 2323 1850 2353 (odonem)
1877 2323 2001 2346 abbatem
2029 2326 2055 2346 et
2082 2326 2239 2346 conventum

998 2370 1024 2393 S.
1046 2369 1170 2394 Germani
1185 2370 1217 2392 de
1232 2369 1318 2392 Pratis
1334 2368 1418 2392 Paris.
1435 2368 1540 2392 dedisse
1560 2368 1610 2392 sub
1629 2368 1708 2391 certis
1729 2367 1924 2391 conditionibus
1945 2367 2072 2391 fratribus
2092 2367 2238 2391 Minoribus

997 2415 1084 2437 locum
1100 2422 1159 2437 cum
1174 2413 1306 2442 domibus,
1323 2413 1369 2436 ubi
1385 2416 1414 2436 ut
1428 2413 1547 2445 hospites
1563 2412 1662 2436 morari
1677 2415 1786 2444 possent
1794 2429 2237 2437 ..................

965 2481 1094 2504 Girardus
1113 2480 1178 2503 civis
1194 2480 1352 2504 Parisiensis
1373 2483 1398 2503 et
1411 2479 1552 2511 Jaquelina
1572 2487 1639 2503 uxor
1653 2479 1709 2511 ejus
1725 2482 1917 2510 recognoscunt
1936 2487 1964 2502 se
1983 2478 2134 2502 vendidisse
2153 2477 2238 2510 priori

996 2528 1021 2548 et
1041 2525 1180 2548 conventui
1197 2525 1222 2548 S.
1240 2524 1397 2548 Catherinae
1412 2524 1495 2547 Vallis
1512 2523 1688 2552 Scholarium,
1704 2523 1834 2555 quidquid
1850 2523 1919 2555 juris
1939 2531 2020 2554 super
2034 2523 2111 2546 domo
2131 2525 2156 2546 et
2173 2530 2237 2554 por-

997 2569 1080 2600 prisio
1096 2570 1122 2592 S.
1140 2569 1295 2593 Catherinae
1311 2568 1446 2592 habebant
1452 2583 2236 2593 ...............................

966 2635 1110 2665 Gregorius
1126 2636 1159 2658 lx
1179 2635 1298 2658 concedit
1312 2635 1390 2658 Petro
1407 2634 1498 2658 abbati
1517 2637 1543 2658 et
1556 2634 1696 2658 conventui
1715 2634 1741 2657 S.
1758 2633 1871 2657 Victoris
1889 2633 1984 2662 Paris„
2001 2641 2032 2656 ne
2048 2641 2128 2664 super
2147 2632 2235 2662 rebus,

997 2688 1062 2711 quas
1078 2679 1177 2702 habent
1191 2679 1311 2707 Parisiis,
1329 2679 1485 2702 auctoritate
1500 2678 1647 2710 apostolica
1660 2678 1687 2701 in
1702 2686 1810 2701 causam
1829 2681 1903 2701 extra
1917 2677 2058 2701 dioecesim
2074 2677 2107 2700 ad
2122 2679 2236 2700 remotos

994 2723 1096 2754 judices
1110 2727 1135 2746 et
1148 2723 1234 2746 minus
1248 2723 1347 2755 peritos
1361 2723 1387 2747 in
1400 2723 1460 2755 jure
1473 2731 1553 2755 quam
1565 2726 1627 2746 sunt
1639 2722 1665 2745 in
1678 2722 1738 2754 ipsa
1751 2722 1872 2750 dioecesi,
1883 2721 1930 2745 ubi
1942 2724 1982 2745 est
1994 2721 2071 2753 copia
2080 2720 2234 2753 peritorum,

997 2768 1136 2791 trahantur
1139 2782 2234 2792 ...........................................

966 2834 1109 2865 Gregorius
1126 2834 1159 2857 IX
1174 2834 1200 2857 in
1215 2834 1310 2857 litteris
1326 2834 1359 2857 ad
1375 2833 1517 2866 magistros
1537 2837 1563 2857 et
1581 2833 1716 2857 scholares
1735 2832 1899 2856 Parisienses
1918 2831 2025 2855 directis
2044 2834 2143 2855 statuta
2156 2839 2236 2863 prae-

998 2878 1090 2901 scribit
1110 2886 1125 2901 a
1140 2878 1298 2901 cancellario
1313 2882 1338 2902 et
1353 2879 1386 2902 ab
1402 2878 1468 2910 ipsis
1484 2878 1614 2902 servanda
1629 2881 1683 2901 tam
1697 2877 1724 2901 in
1738 2876 1845 2900 licentia
1863 2875 2002 2908 largienda
2021 2883 2101 2907 quam
2120 2875 2146 2899 in
2165 2875 2234 2899 aliis.

998 2922 1122 2953 Assignat
1135 2922 1219 2945 libros
1234 2923 1268 2945 ab
1283 2922 1384 2946 artistis
1402 2923 1537 2954 legendos,
1553 2925 1579 2946 et
1590 2929 1710 2945 normam
1725 2920 1818 2945 statuit
1832 2928 1847 2944 a
1862 2920 2029 2944 studentibus
2046 2919 2072 2943 in
2087 2919 2236 2951 theologica

999 2966 1122 2989 facultate
1146 2967 1306 2998 sequendam
1321 2981 2234 2991 ....................................

2293 574 2339 598 118

2293 680 2339 704 119

2292 786 2338 810 119

2291 892 2338 916 120

2291 998 2337 1023 122

2289 1193 2336 1218 128

2289 1394 2335 1419 125

2288 1544 2334 1569 127

2287 1696 2333 1720 128

2234 1758 2334 1783 ‚129

2285 1909 2330 1933 131

2285 2061 2331 2085 132

2283 2255 2329 2279 133

2282 2411 2329 2435 1³4

2282 2566 2328 2590 1³5

2280 2765 2326 2789 136

2280 2964 2326 2988 136
