2618 3640
500 416 544 448 30
1087 422 1406 444 CHARTULARIUM
1443 419 1631 442 cmx-nas.
1668 418 1800 440 rmus.

503 499 752 544 imperfectum
786 504 884 530 tuum
914 497 1138 542 produceres
1170 496 1206 528 in
1236 495 1514 540 plenitudinem,
1546 493 1589 526 de
1623 491 1804 537 discipulo
1835 491 2055 525 ascenderes
2086 491 2123 524 iu
2154 490 2380 537 magistrum.

504 565 719 611 Respondes
746 571 779 597 te
806 564 842 596 in
864 563 1069 608 disciplinis
1095 561 1309 595 liberalibus
1335 561 1472 594 diutius
1498 559 1684 592 laborasse
1710 565 1885 603 tuumque
1906 558 2133 604 propositum
2161 569 2256 600 esse,
2283 563 2383 593 ante-

504 644 609 678 quam
644 631 869 676 theologicas
904 629 1134 662 difficultates
1169 640 1371 674 expugnes,
1406 627 1555 659 biennio
1591 626 1786 671 respirare.
1816 625 1960 658 Utinam
1990 624 2074 658 huic
2109 624 2294 658 desiderio
2324 631 2385 658 aut

504 699 626 744 potius
656 698 797 731 desidie
828 704 863 730 et
890 697 1046 729 defectui
1074 703 1135 728 tuo
1163 695 1369 728 vicennium
1400 700 1459 726 aut
1494 693 1711 726 tricennium
1746 692 2052 738 prescripsissesl
2083 692 2249 725 Desectui
2278 692 2382 734 dico;

504 778 584 799 nam
614 765 747 798 defecit
772 765 807 797 in
835 763 990 797 salutare
1017 770 1115 795 tuum
1143 762 1259 795 anima
1287 768 1357 802 tua,
1389 760 1572 805 michique
1599 760 1712 792 satius
1737 759 1925 793 videretur
1944 758 2142 801 hominem,
2170 759 2232 804 qui
2258 758 2385 793 semita

505 832 696 877 dampnate
725 830 909 876 opinionis
937 830 1084 870 incedit,
1111 829 1303 874 negocium
1333 827 1535 860 honestatis
1563 838 1717 872 prorsus
1739 826 1920 868 omittere,
1947 839 2053 872 quam
2081 826 2241 859 differre.
2265 825 2387 861 Sancti

505 899 651 944 quidem
678 905 713 931 et
737 898 881 930 honesti
908 896 1084 941 propositi
1113 895 1235 928 dilatio
1263 907 1391 940 magna
1418 894 1520 927 ruina
1550 900 1617 926 est.
1645 895 1747 926 Nunc
1774 893 1959 935 docibilis,
1986 893 2023 926 in
2049 893 2269 939 provectiori
2293 899 2386 926 etate

506 978 615 1010 capax
643 965 807 997 doctrine
836 976 907 995 non
937 963 1021 1003 eris⁷
1053 962 1208 1006 ideoque
1241 962 1277 993 in
1313 961 1475 1006 presenti
1507 960 1674 1001 articulo,
1703 960 1800 1005 quod
1830 960 1996 993 differtur
2023 960 2197 993 aufertur.
2224 959 2387 995 Verbum

507 1031 682 1077 prophete
710 1037 765 1063 cst
788 1043 794 1063 z
822 1029 983 1075 Populus
1011 1029 1068 1061 hic
1097 1028 1182 1060 dicit
1205 1040 1211 1060 :
1241 1028 1402 1060 nondum
1431 1034 1575 1073 tenipus
1603 1034 1659 1060 est
1686 1027 1879 1060 edificandi
1907 1027 2053 1060 domum
2083 1027 2233 1060 domini.
2262 1026 2388 1060 Miser·

508 1098 609 1139 rime,
634 1110 697 1130 cur
719 1109 810 1141 opus
832 1095 1120 1128 commendabile
1147 1095 1183 1126 in
1208 1094 1396 1127 biennium
1420 1094 1574 1127 differs?
1599 1094 1766 1126 Forsitan
1787 1106 1866 1126 cras
1893 1105 1966 1126 non
1987 1093 2073 1126 eris.
2097 1093 2249 1139 Sapiens
2270 1093 2358 1126 dicit
2379 1104 2387 1126 ε

508 1164 691 1209 Quidquid
715 1169 834 1208 potest
860 1174 986 1194 manus
1014 1168 1084 1203 tua7
1112 1174 1191 1194 cum
1220 1161 1390 1194 instantia
1416 1173 1579 1206 operare.
1608 1161 1679 1204 Qui
1704 1173 1779 1193 non
1805 1167 1861 1194 est
1884 1160 2007 1202 hodie,
2033 1172 2113 1193 cras
2138 1160 2259 1194 minus
2284 1166 2390 1206 aptus

508 1231 587 1263 erit.
620 1231 661 1262 In
690 1230 821 1262 litteris
851 1229 922 1261 tuis
953 1228 1025 1274 legi
1050 1240 1056 1260 :
1082 1242 1097 1259 «
1126 1227 1270 1261 Vacabo
1301 1227 1410 1260 michi
1441 1234 1477 1260 et
1505 1227 1611 1261 libris
1641 1227 1745 1269 meis,
1778 1234 1814 1261 et
1843 1228 1880 1260 in
1910 1239 2050 1261 camera
2080 1239 2158 1260 mea
2188 1239 2251 1260 ero
2281 1226 2391 1260 michi

508 1297 711 1342 discipulus
740 1303 775 1329 et
803 1296 977 1341 magister
1000 1307 1006 1328 :
1030 1307 1225 1340 numquam
1255 1295 1390 1340 quievi,
1421 1307 1566 1340 semper
1593 1294 1775 1337 laboravi3
1806 1307 1902 1328 nunc
1930 1294 2092 1328 laborem
2118 1300 2326 1328 convertam
2353 1293 2392 1328 in

508 1365 625 1397 ocium
658 1370 693 1397 et
721 1364 892 1409 quietem.
926 1377 942 1393 »
974 1364 1110 1404 Frater,
1142 1362 1276 1395 utinam
1307 1374 1456 1407 saperes
1487 1369 1523 1395 et
1551 1362 1792 1407 intelligeres,
1826 1368 1861 1395 et
1890 1362 1985 1395 inter
2015 1362 2134 1395 ocium
2164 1368 2199 1394 et
2233 1361 2390 1407 quietem

510 1432 759 1464 discerneres!
779 1430 923 1463 Audisti
941 1430 1099 1475 quietem
1121 1430 1288 1470 Domini;
1312 1429 1450 1474 quievit
1471 1429 1567 1462 enini
1593 1429 1637 1462 ab
1663 1429 1762 1462 omni
1788 1441 1911 1474 opere,
1939 1429 2038 1474 quod
2054 1435 2221 1474 patrarat.
2243 1430 2393 1463 Verum-

511 1506 629 1531 tamen
659 1498 738 1531 eius
766 1498 885 1530 ocium
913 1509 987 1530 non
1012 1497 1147 1542 legisti.
1176 1497 1326 1542 Legitur
1352 1497 1434 1542 qnia
1463 1496 1635 1529 ociositas
1658 1496 1802 1529 inimica
1825 1503 1881 1530 est
1900 1496 2030 1529 anime.
2058 1496 2212 1529 Animus
2237 1507 2394 1541 namque

512 1566 573 1610 qui
594 1565 637 1598 ad
659 1565 735 1598 ocia
757 1565 953 1598 resolvitur
974 1564 1116 1597 roditur
1136 1563 1307 1596 inanibus
1329 1564 1441 1606 curis,
1464 1576 1503 1597 ac
1524 1564 1735 1597 testimonio
1758 1563 1963 1597 Salomonis
1985 1575 1993 1596 ι
2018 1577 2034 1595 «
2057 1563 2240 1596 desideria
2261 1562 2396 1596 rodunt

512 1633 655 1678 pigrum
680 1646 709 1664 n.
733 1632 868 1664 Eodem
905 1632 1072 1672 docente⁷
1100 1630 1325 1664 stercoribus
1356 1630 1480 1673 boum,
1511 1631 1547 1663 id
1579 1637 1635 1664 est.
1664 1630 1760 1676 turpi
1790 1630 2053 1676 increpatione,
2088 1629 2306 1675 lapidandus
2340 1636 2397 1663 est

514 1699 630 1744 piger.

983 1743 1075 1766 Cernis
1091 1746 1120 1766 ut
1135 1743 1261 1774 ignavum
1277 1746 1451 1774 corrumpunt
1466 1743 1520 1766 otia
1535 1751 1642 1774 corpus,

1030 1788 1062 1810 Et
1077 1787 1186 1818 cupiunt
1200 1787 1306 1815 vicium,
1323 1787 1350 1810 ni
1366 1790 1530 1816 moveantur,
1546 1796 1613 1819 aque
1627 1790 1631 1801 ¹
1644 1789 1653 1810 Ρ

516 1846 665 1879 Flaccus
687 1845 773 1879 dicit
796 1857 803 1879 :

984 1917 1569 1923 .......................
1590 1899 1617 1922 Si
1633 1907 1684 1922 non

986 1944 1050 1967 Ante
1066 1943 1136 1967 diem
1151 1952 1245 1975 posces
1260 1943 1360 1967 librum
1375 1952 1434 1967 enm
1449 1943 1556 1972 lumine,
1574 1943 1596 1967 si
1611 1952 1663 1967 non

986 1989 1106 2011 lntendes
1123 1988 1241 2011 animum
1257 1988 1352 2011 studiis
1368 1991 1394 2011 ct
1409 1988 1487 2011 rebus
1503 1988 1630 2016 honestis,

988 2033 1090 2056 Invidia
1106 2033 1147 2055 vel
1163 2041 1252 2056 amore
1267 2033 1332 2064 vigil
1347 2033 1503 2064 torquebere
1510 2034 1527 2056 ¹.

519 2109 576 2142 An
597 2108 721 2153 queriS
743 2108 1028 2153 experimentum
1051 2108 1160 2153 hujus
1182 2108 1262 2141 rei?

990 2179 1123 2207 Queritur,
1140 2179 1248 2210 Egistus
1265 2188 1346 2211 quare
1363 2179 1397 2203 sit
1413 2181 1497 2203 sactus
1513 2180 1618 2203 adulter
1632 2188 1637 2208 ;

1054 2224 1082 2246 In
1098 2227 1223 2254 promptu
1239 2232 1319 2246 cnusn
1335 2227 1375 2247 est
1390 2232 1395 2247 :
1412 2224 1562 2247 desidiosus
1579 2225 1660 2248 ernt’.

612 2300 719 2332 Teste
756 2300 946 2343 Ieronymo
983 2305 1167 2343 peccatum
1203 2299 1359 2331 Sodoine
1395 2299 1462 2332 suit
1495 2299 1666 2332 ociositas
1702 2307 1737 2333 et
1766 2298 2010 2333 habundantia
2045 2298 2160 2344 panis.
2191 2299 2264 2332 Lex
2298 2297 2403 2332 etiam

524 2366 569 2399 de
599 2365 787 2399 sacrificiis
818 2365 983 2410 precipit,
1016 2371 1052 2397 ut
1083 2364 1149 2397 bos
1180 2365 1352 2397 offeratur
1383 2365 1419 2397 in
1450 2366 1543 2398 ostio
1574 2365 1819 2408 tabernaculi3
1856 2366 1939 2412 quia
1967 2365 2028 2411 qui
2055 2365 2221 2399 laborant
2249 2365 2286 2398 in
2315 2376 2406 2411 agro

526 2433 706 2465 dominice
735 2432 888 2473 culture,
921 2431 1036 2464 libere
1067 2438 1222 2476 possunt
1250 2431 1384 2464 celeste
1416 2431 1686 2465 tabernaculum
1715 2433 1880 2467 introire.
1911 2433 1986 2466 Cur
2013 2432 2173 2466 causaris
2201 2432 2406 2465 studiorum

526 2499 699 2540 laborem,
728 2506 763 2531 et
787 2499 829 2531 ad
856 2498 973 2531 ocium
1000 2505 1074 2531 toto
1101 2498 1211 2531 corde
1236 2499 1425 2543 suspiras?
1450 2498 1567 2532 Labor
1593 2499 1808 2533 scolasticus
1829 2500 1948 2533 ocium
1969 2506 2036 2541 est,
2062 2499 2127 2532 sed
2148 2499 2267 2532 ocium
2292 2510 2407 2544 nego-

529 2565 679 2606 ciosum7
710 2572 743 2597 et
771 2565 869 2609 quod
894 2565 1051 2597 animum
1074 2565 1195 2597 reddit
1219 2565 1263 2598 ad
1289 2564 1440 2598 honesta
1467 2565 1677 2599 sollicitum.
1701 2567 1806 2599 Unde
1838 2566 2012 2611 seriptum
2034 2572 2090 2598 est
2112 2577 2119 2597 :
2148 2579 2164 2596 «
2189 2564 2407 2610 Sapientiam

530 2630 649 2664 scribe
669 2631 705 2663 in
729 2631 821 2671 ocio,
846 2637 878 2663 et
905 2631 965 2675 qui
993 2631 1218 2664 minorantur
1234 2638 1327 2671 actu,
1350 2631 1538 2665 invenient
1558 2644 1633 2665 eam
1654 2645 1683 2665 ».
1708 2633 1794 2665 Ideo
1816 2631 1987 2677 discipuli
2008 2631 2213 2664 esurientes
2233 2630 2410 2665 fricabant

531 2697 649 2743 spicas
679 2697 715 2729 in
743 2697 801 2729 die
830 2696 988 2735 sabbati3
1020 2697 1055 2728 in
1083 2709 1154 2741 quo
1183 2704 1327 2730 notatur
1354 2698 1496 2730 utilium
1525 2699 1786 2731 sententiarum
1815 2698 2010 2739 discussio,
2041 2710 2110 2742 que
2138 2704 2258 2730 niente
2288 2697 2409 2742 quieta

533 2763 752 2809 diligencius
773 2769 999 2807 procuratur.
1024 2763 1080 2795 Sic
1101 2763 1307 2808 ingreditur
1327 2763 1435 2795 homo
1458 2763 1691 2808 sepulchrum
1718 2765 1755 2796 in
1780 2763 2037 2805 habundantia,
2064 2764 2146 2808 quia
2171 2763 2409 2797 absconditus

533 2842 551 2863 a
581 2829 858 2863 conturbatione
887 2829 1087 2870 hominum,
1123 2829 1212 2861 soris
1243 2829 1390 2874 quidem
1421 2829 1607 2871 minuitur,
1644 2830 1709 2863 sed
1738 2830 1892 2863 interius
1920 2830 2039 2863 fructu
2069 2830 2268 2875 spiritualis
2298 2830 2409 2863 studii

534 2895 825 2930 inestimabiliter
853 2895 1014 2928 reficitur
1043 2902 1078 2928 et
1097 2895 1241 2928 (litatur.
1265 2895 1322 2928 Sic
1348 2895 1385 2928 in
1405 2895 1594 2928 Ezechiele
1618 2908 1625 2929 :
1654 2910 1670 2928 «
1694 2897 1799 2929 Porta
1829 2897 1909 2930 atrii
1936 2896 2134 2939 interioris,
2165 2909 2235 2942 que
2261 2897 2412 2943 respicit

535 2963 579 2996 ad
600 2962 790 3004 orientem,
819 2962 939 2995 clausa
966 2968 1022 2995 est
1041 2974 1104 2995 sex
1125 2961 1268 3003 diebus,
1291 2961 1328 2994 in
1349 2961 1482 3007 quibus
1504 2974 1596 3007 opus
1618 2962 1676 3003 fit;
1704 2963 1763 2996 die
1784 2969 1901 2996 autem
1925 2962 2063 2996 sabbati
2084 2963 2266 3009 aperiatur
2287 2978 2317 2997 ».
2340 2964 2411 3007 Qui
