2580 3528
455 402 519 434 232
1034 408 1351 431 CHARTULARIUM
1386 406 1575 428 UMVERS.
1612 404 1739 426 rmus.
2223 394 2323 435 [1252

455 476 735 525 consenserunt,
771 484 868 528 quod
903 483 964 528 qui
999 483 1216 528 quicumque
1251 487 1331 514 ante
1367 480 1501 512 dictum
1532 490 1665 511 annum
1695 477 1752 511 vel
1783 477 1911 510 eodem
1942 477 1987 510 de
2017 477 2208 523 questione
2242 483 2324 511 ante

456 550 573 584 natale
607 550 752 583 Domini
788 550 1069 595 responderunt,
1105 547 1301 581 dummodo
1335 558 1446 591 super
1475 545 1543 578 boc
1573 544 1679 577 fidem
1717 544 1944 589 prestiterim
1976 544 2216 590 corporalem,
2250 555 2324 578 non

456 617 622 650 obstante
648 617 744 649 dicto
769 622 915 657 statuto,
945 615 975 648 si
1003 615 1055 648 eis
1081 614 1178 647 aliud
1205 625 1276 646 non
1302 612 1467 653 obsistat,
1495 610 1611 643 libere
1638 617 1908 656 presentemur.
1937 610 2089 644 Ceteros
2109 622 2210 653 vero,
2232 622 2326 656 quos

456 690 537 717 ante
568 683 768 728 predictum
798 682 988 715 termimum
1020 693 1093 713 non
1123 679 1328 713 constiterit
1353 677 1604 723 respondisse,
1630 676 1754 710 nullus
1780 683 1991 723 presentare
2018 684 2203 723 presumat
2226 683 2326 710 ante-

458 762 562 794 quam
594 762 612 782 a
640 756 801 794 tempore
835 747 1087 793 responsionis
1120 758 1185 779 sue
1213 744 1451 790 compleverit
1480 744 1574 777 duos
1603 755 1719 776 annos
1744 743 1813 776 sub
1843 755 1935 789 pena
1970 755 2040 789 que
2071 743 2242 789 superius
2271 750 2328 777 est

456 828 638 861 expressa.
661 815 715 847 Ad
737 814 831 847 hunc
853 813 1042 846 articulum
1065 812 1281 857 predictmn,
1304 810 1476 844 videlicet
1497 810 1595 855 quod
1616 822 1681 855 per
1702 810 1889 843 biennium
1910 817 1992 843 ante
2013 810 2325 856 presentacionem

458 882 600 927 publice
623 880 854 925 responderit
874 886 1115 924 presentatus,
1138 878 1190 911 sic
1212 877 1493 922 intelligendum
1515 889 1598 910 esse
1618 876 1662 910 ab
1683 876 1854 910 omnibus
1875 877 2128 918 decreverunt,
2156 877 2329 911 videlicet

457 948 554 993 quod
581 947 846 992 presentandus
873 946 909 978 in
936 944 1243 990 disputationibus
1274 944 1530 989 magistrorum
1556 943 1614 976 vel
1642 943 1963 976 determinatorum
1989 943 2026 976 in
2051 943 2162 977 scolis
2182 943 2328 977 bachel-

456 1014 535 1046 larii
557 1013 759 1046 exercuerit
785 1012 941 1045 officium
970 1011 1189 1056 opponendo
1216 1017 1251 1043 et
1276 1010 1535 1055 respondendo
1561 1022 1626 1056 per
1651 1010 1745 1044 duos
1770 1022 1898 1052 annos,
1927 1016 2118 1056 antequam
2138 1010 2183 1044 ad
2202 1016 2329 1056 peten-

456 1080 539 1112 dum
562 1079 713 1125 regendi
734 1079 921 1111 licenciam
943 1084 1186 1123 presentetur.
1210 1079 1258 1110 Ut
1277 1077 1390 1122 igitur
1411 1077 1531 1110 omnia
1552 1084 1739 1123 prenotata
1760 1084 1935 1123 perpetua
1951 1077 2118 1110 firmitate
2135 1076 2326 1119 obsistant,

455 1146 618 1191 magistri
644 1152 814 1190 regentes
841 1144 1003 1189 sigillum
1032 1144 1216 1177 nascionis
1244 1144 1428 1177 duxerunt
1453 1143 1687 1189 presentibus
1713 1144 1982 1190 apponendum.
2011 1144 2139 1177 Actum
2167 1143 2329 1178 Parisius

453 1225 547 1245 anno
568 1212 730 1257 predicto
752 1212 810 1244 die
832 1211 945 1244 sabati
966 1217 1047 1244 ante
1069 1210 1290 1243 brandones.

546 1309 614 1334 Bibl.
631 1310 730 1340 Colleg.
746 1303 872 1340 Corporis
888 1309 985 1334 Christi
1001 1309 1125 1337 Oxoniae,
1142 1317 1191 1332 ms.
1209 1309 1263 1337 283,
1288 1309 1332 1332 fol.
1355 1309 1400 1332 155
1419 1308 1562 1340 (scriptura
1577 1309 1673 1341 anglic.
1696 1317 1764 1333 saec.
1787 1310 1846 1333 xm
1865 1310 1989 1339 exeunt.).
2005 1322 2033 1328 —
2049 1309 2238 1341 Fragmentum
2258 1308 2329 1340 apud

455 1354 530 1382 Coxe,
551 1354 642 1378 Catal.
655 1355 732 1378 codd.
745 1360 811 1378 mss.
827 1354 922 1385 colley.
941 1354 1038 1382 Oxou„
1053 1354 1086 1382 11,
1098 1354 1151 1377 122.
1162 1367 1193 1370 ——
1208 1353 1301 1381 Quoad
1316 1353 1444 1385 temporis
1460 1357 1550 1377 notam
1564 1354 1624 1378 vide
1637 1354 1671 1377 ad
1686 1354 1743 1378 dor.
1759 1354 1919 1386 praecedens
1934 1358 1964 1377 no
1978 1354 2033 1378 201.

547 1439 568 1462 1.
589 1439 618 1462 1d
640 1442 680 1462 est
700 1447 704 1462 :
725 1438 816 1470 pallio.
837 1438 900 1461 Vide
923 1446 1004 1469 supra
1026 1441 1155 1461 statutum
1175 1438 1281 1462 Roberti
1301 1438 1332 1462 de
1353 1438 1481 1469 (Σοιιι-ςοιι,
1506 1439 1568 1462 anni
1588 1439 1658 1462 1215.
1674 1452 1704 1456 —
1720 1439 1742 1462 2.
1759 1439 1789 1462 20
1810 1438 1974 1462 Novembris.
1996 1453 2027 1457 —
2048 1439 2070 1462 3.
2089 1440 2104 1462 6
2124 1438 2284 1463 Decembris.
2300 1451 2332 1457 —

454 1485 476 1507 4.
497 1484 526 1507 25
541 1484 705 1507 Novembris.
722 1497 750 1501 -
767 1486 789 1507 5.
809 1484 838 1506 ‘29
851 1483 1010 1506 Decembris.
1026 1497 1058 1500 —
1074 1484 1097 1508 6.
1116 1483 1163 1506 Ms.
1182 1491 1193 1506 α
1210 1486 1238 1506 ut
1253 1491 1275 1506 ».
1291 1497 1322 1500 —
1338 1484 1359 1506 7.
1376 1483 1423 1507 Ms.
1439 1483 1528 1515 potius
1546 1492 1557 1507 t(
1574 1483 1708 1515 Dadeport
1722 1491 1744 1506 υ.
1763 1497 1794 1501 -
1808 1484 1831 1507 8.
1853 1484 1896 1507 Vel
1915 1492 1926 1507 t<
1942 1484 2046 1507 Fortem
2062 1492 2085 1508 ».

458 1685 568 1722 203.
593 1695 772 1721 Innocentius
802 1696 846 1721 IV
864 1694 904 1720 ad
927 1695 1123 1720 Haimericum
1148 1694 1354 1721 cancellar-ium
1375 1695 1580 1730 Par-islensem,
1607 1695 1754 1730 astringat
1778 1694 1896 1721 clericos
1916 1698 1944 1721 et
1963 1694 2122 1730 religiosos,
2145 1699 2176 1721 ut
2197 1699 2333 1722 taxentur

545 1752 639 1770 eorum
656 1744 781 1780 hospitia
797 1752 815 1769 α
831 1743 942 1770 clericis
958 1747 986 1769 et
1001 1743 1189 1778 burgensibus
1205 1743 1245 1769 ad
1260 1744 1311 1770 hoc
1327 1743 1434 1770 electi&

1717 1794 1792 1824 1252,
1809 1794 1870 1820 uait·
1880 1794 1926 1823 30,
1941 1794 2045 1820 Perusit'.

547 1868 781 1900 Innocentius
817 1868 1013 1913 episcopus
1047 1880 1177 1902 servus
1217 1880 1405 1902 servorum
1447 1868 1513 1901 Dei
1549 1867 1682 1901 dilecto
1717 1867 1792 1901 filio
1826 1895 1846 1901 ..
1878 1868 2094 1901 cancellario
2134 1868 2332 1902 Parisiensi

456 1934 608 1967 salutem
630 1941 665 1967 et
685 1934 918 1979 apostolicam
940 1934 1249 1968 benedictionem.
1273 1935 1416 1968 Dudum
1439 1934 1727 1980 suggerentibus
1748 1934 1855 1968 nobis
1876 1934 2020 1968 dilectis
2040 1924 2126 1968 filiis
2147 1934 2332 1980 magistris

457 2008 493 2034 et
513 2000 715 2034 scolaribus
736 2001 1006 2034 Parisiensibus
1028 2014 1067 2034 se
1088 2014 1153 2047 pro
1176 2014 1232 2043 eo,
1262 2002 1360 2046 quod
1381 2002 1418 2034 in
1439 2001 1628 2035 solvendis
1648 2001 1897 2047 hospiciorum
1920 2013 2069 2034 suorum
2091 2001 2333 2047 pensionibus

456 2067 733 2100 intolerabiliter
753 2075 1002 2112 gravarentur,
1024 2080 1135 2113 super
1156 2068 1335 2101 taxatione
1356 2067 1610 2113 hospiciorum
1638 2067 1849 2113 hujusmodi
1870 2068 2122 2101 consentiente
2143 2067 2333 2102 carissimo

457 2134 494 2166 in
523 2133 668 2167 Christo
697 2134 772 2167 filio
803 2141 928 2167 nostro
948 2147 1074 2180 ..rege
1104 2134 1347 2168 Francorum¹
1377 2134 1524 2176 illustri,
1557 2134 1820 2167 deliberatione
1850 2134 2001 2180 provida
2030 2134 2130 2168 viros
2159 2134 2334 2180 providos

458 2200 666 2245 deputasse,
702 2213 793 2245 ques
829 2201 995 2234 nonnulli
1028 2201 1191 2247 religiosi
1223 2208 1259 2234 et
1287 2201 1410 2234 clerici
1442 2199 1641 2244 seculares,
1672 2201 1740 2247 qui·
1764 2201 1893 2234 domos
1922 2201 2057 2234 habent
2085 2201 2259 2243 Parisius,
2289 2200 2335 2234 ad

458 2267 648 2299 taxandum
680 2267 808 2300 domos
839 2268 983 2301 easdem
1015 2268 1205 2301 admittere
1234 2281 1307 2301 non
1338 2269 1417 2301 sine
1449 2268 1550 2313 gravi
1579 2268 1710 2301 civium
1742 2268 2001 2302 Parisiensium
2033 2262 2203 2301 scandalo
2231 2279 2335 2301 recu-

458 2333 597 2375 sabant,
620 2346 686 2367 nos
710 2333 773 2366 tibi
794 2334 930 2367 nostris
952 2335 1197 2379 injuncxiinus
1218 2334 1385 2376 litteris³,
1413 2342 1451 2368 ut
1471 2335 1501 2368 si
1523 2341 1622 2368 essct
1648 2335 1709 2376 ita,
1737 2335 1901 2380 ydoneos
1929 2341 2120 2376 taxatores,
2150 2334 2212 2380 qui
2242 2334 2337 2368 sicut

459 2399 651 2441 laicorum,
687 2401 738 2433 sic
773 2400 989 2433 clericorum
1025 2401 1243 2434 secularium
1279 2408 1315 2434 et
1348 2401 1607 2447 religiosorum
1650 2402 1756 2435 etiam
1790 2401 2097 2447 Templarioruin,
2133 2400 2336 2446 Hospitala-

461 2466 614 2507 riorum,
650 2467 969 2509 Cisterciensium,
1006 2469 1399 2501 Premonstratensium
1434 2475 1469 2501 et
1507 2468 1660 2501 aliorum
1696 2469 1958 2513 cujuscumque
2000 2468 2140 2501 ordinis
2174 2473 2338 2501 taxarent

462 2532 630 2576 hospitia,
653 2533 846 2577 deputares
873 2534 919 2566 ita
945 2535 1042 2579 quod
1071 2535 1101 2568 si
1129 2535 1174 2568 de
1200 2535 1311 2580 laycis
1338 2547 1412 2568 non
1438 2542 1591 2580 possent
1615 2534 1826 2580 hujusmodi
1847 2541 2026 2568 taxatores
2046 2534 2185 2576 haberi,
2209 2534 2338 2567 liceret

463 2598 606 2630 clericis
627 2599 704 2643 ipsa
730 2606 848 2632 taxare
875 2600 1030 2645 hospitia
1058 2613 1168 2646 super
1193 2601 1261 2634 hoc
1287 2601 1496 2647 specialiter
1522 2602 1715 2647 deputatis.
1744 2602 1834 2635 Cum
1860 2601 1972 2646 igitur
1992 2601 2130 2634 eisdem
2151 2601 2336 2646 magistris

466 2670 500 2696 et
534 2664 734 2697 scolaribus
769 2666 805 2697 in
841 2666 1022 2708 omnibus,
1060 2680 1129 2712 que
1164 2680 1393 2701 communem
1429 2675 1464 2701 et
1497 2668 1669 2714 privatam
1702 2668 1864 2713 ipsorum
1898 2667 2086 2700 utilitatem
2122 2667 2336 2712 respiciunt,

466 2730 636 2762 assistere
665 2738 835 2775 quantum
861 2745 940 2764 cum
969 2734 1044 2766 Deo
1074 2746 1270 2778 possumus
1296 2735 1541 2774 intendamus,
1570 2734 1782 2767 discretioni
1811 2741 1870 2767 tue
1895 2745 1961 2779 per
1980 2733 2178 2779 apostolica
2203 2733 2336 2778 scripta

468 2796 691 2837 mandamus,
722 2798 890 2841 quatinus
918 2811 991 2831 non
1022 2799 1187 2833 obstante
1218 2801 1248 2833 si
1270 2801 1409 2834 eisdem
1438 2801 1582 2834 clericis
1608 2800 1666 2834 vel
1694 2800 1880 2846 religiosis
1908 2813 1925 2833 a
1954 2800 2041 2833 sede
2068 2799 2266 2845 apostolica
2291 2800 2339 2833 sit

468 2862 661 2903 indultum,
691 2864 786 2907 quod
817 2866 1119 2899 excomnuinicari
1149 2874 1209 2900 aut
1235 2868 1404 2900 interdici
1434 2874 1615 2912 nequeant
1643 2867 1701 2900 vel
1731 2867 1922 2912 suspendi,
1952 2879 2017 2899 seu
2047 2867 2091 2899 ad
2121 2867 2336 2900 taxationem

469 2927 676 2972 hujusmodi
695 2941 758 2973 per
774 2930 989 2974 apostolicas
1006 2931 1143 2966 litteras
1164 2934 1330 2975 coartari,
1354 2946 1423 2979 que
1441 2934 1485 2966 de
1503 2933 1644 2967 indulto
1665 2933 1876 2978 hujusmodi
1892 2933 2033 2978 plenam
2051 2933 2108 2966 vel
2129 2944 2338 2978 expressam
