2580 3528
464 387 530 418 324
1050 395 1369 417 CHARTULARIUM
1404 394 1594 417 umvmzs.
1632 394 1756 417 rmus.
2240 383 2340 424 [1256

465 477 599 503 trarum
630 470 848 503 directarum
879 469 957 510 tibi,
989 480 1059 514 que
1089 469 1268 514 incipiunt
1302 469 1450 502 Cunctis
1475 468 1741 513 processibus-¹,
1776 468 1936 502 studium
1971 468 2090 513 ipsum
2121 467 2339 501 conturbare

465 536 770 582 presumpserint,
796 535 967 568 omnibus
993 535 1252 568 ecclesiasticis
1277 534 1467 568 beneficiis
1493 534 1725 568 decernimus
1751 546 1833 568 esse
1854 535 2015 580 privatos
2040 541 2076 568 et
2099 534 2143 567 ab
2169 534 2339 567 ordinum

465 603 679 636 executione
704 614 919 647 suspensos.
947 602 1084 635 Omnes
1109 608 1227 634 autem
1254 601 1499 646 obligationes
1525 601 1631 634 etiam
1652 602 1860 646 juramento
1880 601 2039 635 firmatas
2059 613 2078 634 a
2099 601 2284 646 magistris
2305 607 2341 634 et

465 669 669 703 scolaribus
690 669 897 702 memoratis
915 675 1042 718 ⁴contra
1064 668 1305 701 ordinationis
1325 674 1386 700 aut
1405 667 1607 700 litterarum
1628 668 1799 712 superius
1821 679 2074 713 expressarum
2096 680 2161 701 seu
2187 679 2339 713 presen-

464 738 553 770 tium
581 743 743 769 tenorem
772 741 1001 780 presumptas
1027 734 1085 768 vel
1113 735 1150 767 in
1177 741 1363 779 posterum
1393 734 1656 779 presumendas
1681 746 1824 767 necnon
1852 741 1888 767 et
1913 734 2216 780 compositionem
2244 735 2340 767 inter

465 804 613 836 eosdem
639 804 768 835 fratres
793 802 1044 834 Predicatores
1069 813 1113 834 ex
1138 807 1237 846 parte
1263 812 1333 833 una
1358 813 1397 833 ac
1423 800 1619 846 magistros
1645 807 1681 833 et
1705 800 1866 834 scolares
1887 813 1930 834 ex
1955 800 2066 834 altera
2089 807 2216 835 contra
2241 801 2340 834 ordi-

465 871 646 903 nationem
674 870 787 913 ipsam
819 867 926 900 nobis
954 867 1174 912 irrequisitis
1204 867 1328 899 initam
1358 874 1537 911 tamquam
1568 867 1728 912 iniquam
1759 873 1795 900 et
1825 867 2051 900 temerariam
2081 868 2227 912 penitus
2257 868 2339 901 irri-

464 944 592 969 tamus.
621 937 667 969 Ut
691 935 802 980 igitur
827 947 845 967 a
870 934 1161 979 supradictorum
1183 933 1414 966 observantia
1434 933 1559 966 nullus
1585 945 1625 966 se
1651 933 1769 978 possit
1794 945 1859 979 per
1883 934 2124 979 ignorantiam
2150 946 2337 976 excusare,

462 1002 674 1035 fraternitati
696 1008 755 1034 tue
777 1012 841 1045 per
861 1000 1059 1045 apostolica
1079 1000 1213 1045 scripta
1233 1000 1271 1032 in
1288 999 1421 1032 virtute
1440 999 1649 1033 obedientie
1669 1000 1832 1033 districte
1853 1000 2090 1045 precipiendo
2112 1000 2338 1042 mandamus,

463 1069 632 1113 quatinus
653 1075 816 1101 tenorem
837 1067 1062 1112 presentium
1090 1066 1252 1111 qualibet
1276 1066 1467 1099 occasione
1494 1073 1530 1099 et
1553 1066 1727 1100 dilatione
1752 1079 1791 1100 ac
1817 1066 2060 1112 appellatione
2085 1073 2252 1100 cessante
2273 1079 2339 1113 per

462 1142 495 1168 te
528 1134 586 1168 vel
620 1146 684 1179 per
718 1133 809 1166 alios
843 1133 1030 1178 publicare
1063 1132 1225 1166 Parisius
1258 1144 1331 1165 non
1365 1133 1550 1175 omittens,
1587 1133 1618 1166 si
1652 1133 1714 1178 qui
1749 1140 1874 1166 contra
1908 1133 2157 1179 predictorum
2189 1133 2338 1179 aliquod

460 1202 650 1235 venientes
685 1200 922 1245 privationem
957 1200 1179 1232 incurrerint
1211 1206 1458 1241 memoratam,
1493 1206 1531 1232 tu
1560 1199 1646 1233 illos
1680 1200 1724 1233 ad
1753 1212 1846 1245 quos
1881 1200 2145 1234 beneficiorum
2174 1201 2339 1246 ipsorum

461 1268 605 1301 collatio
627 1274 790 1312 spectare
812 1267 1016 1300 dinoscitur
1037 1278 1101 1312 per
1121 1266 1260 1299 litteras
1286 1273 1365 1299 tuas
1391 1266 1471 1299 sine
1497 1278 1597 1300 mora
1622 1267 1835 1309 demandes,
1858 1274 1897 1300 ut
1916 1267 2008 1300 infra
2029 1267 2238 1312 quindecim
2259 1266 2339 1300 dies

461 1342 544 1381 post
572 1335 819 1379 receptionem
847 1334 1007 1378 ipsarum
1035 1333 1134 1366 omni
1161 1333 1352 1366 occasione
1380 1340 1546 1366 cessante
1573 1333 1751 1366 beneficia
1778 1333 1939 1374 illorum,
1967 1334 2012 1366 de
2039 1333 2174 1379 quibus
2200 1333 2338 1367 videris

461 1401 645 1447 expedire,
668 1401 856 1433 conferant
880 1400 1049 1445 personis
1075 1399 1219 1432 idoneis
1244 1406 1280 1432 et
1304 1399 1459 1432 ecclesie
1482 1401 1641 1433 Romane
1667 1400 1823 1434 devotis.
1846 1400 1953 1443 Quod
1975 1400 2005 1433 si
2026 1401 2144 1433 facere
2165 1400 2338 1446 neglexe-

460 1469 545 1510 rint,
572 1475 609 1501 tu
634 1467 695 1500 illa
720 1467 887 1500 conferre
913 1467 1083 1512 personis
1108 1466 1319 1511 hujusmodi
1344 1478 1417 1499 non
1439 1473 1650 1512 postponas.
1677 1468 1758 1500 Non
1780 1466 2010 1500 obstantibus
2031 1465 2338 1512 appellationibus

461 1542 497 1568 et
516 1533 793 1579 exceptionibus
814 1540 874 1566 aut
894 1532 1149 1566 occasionibus
1171 1532 1463 1578 quibuscumque
1485 1533 1562 1566 sive
1583 1533 1715 1566 litteris
1735 1533 1793 1567 vel
1813 1533 2056 1579 indulgentiis
2076 1533 2120 1567 ab
2139 1533 2338 1579 apostolica

461 1602 548 1635 sede
579 1600 780 1641 concessis,
811 1605 874 1633 etc.
904 1605 943 1633 ut
971 1611 1082 1644 supra
1109 1603 1147 1632 n⁰
1176 1600 1252 1640 280,
1281 1611 1385 1645 usque
1413 1599 1641 1644 provocabis.
1668 1599 1804 1634 Deinde
1827 1613 1838 1634 .·
1866 1601 1974 1643 Quod
2007 1600 2103 1633 enim
2131 1612 2243 1646 super
2268 1599 2338 1634 hoc

459 1668 645 1701 inveneris
666 1674 701 1700 et
720 1666 851 1700 seceris
872 1666 980 1699 nobis
1001 1678 1066 1711 per
1090 1673 1169 1699 tuas
1189 1666 1328 1699 litteras
1350 1665 1507 1699 fideliter
1528 1667 1694 1700 intimare
1720 1679 1908 1712 procures.
1937 1668 2015 1700 Dat.
2037 1667 2204 1713 Anagnie
2223 1679 2245 1701 v
2265 1666 2336 1700 kal.

460 1735 560 1776 Julii,
582 1733 813 1780 pontificatus
835 1733 951 1766 nostri
972 1745 1065 1766 anno
1088 1733 1263 1766 secundo.

554 1831 690 1863 Originale
710 1832 735 1854 in
756 1831 832 1854 Arch.
849 1834 903 1854 nat.
918 1830 1002 1854 Paris.
1019 1831 1047 1854 L.
1064 1831 1118 1856 250,
1134 1835 1163 1853 n⁰
1176 1831 1215 1855 96.
1230 1831 1378 1862 Supersunt
1398 1831 1443 1854 fila
1458 1831 1568 1854 cannah.
1586 1832 1702 1855 Alterum
1717 1831 1783 1855 ibid.
1798 1831 1832 1855 M.
1849 1832 1917 1860 257⁰,
1934 1835 1963 1854 n⁰
1977 1832 2001 1855 8.
2020 1831 2098 1855 Deest
2111 1832 2185 1855 bulla
2201 1831 2336 1863 plumbea.

460 1890 490 1894 -—
505 1877 567 1908 Reg.
585 1877 642 1899 Vat.
663 1877 734 1900 Alex.
750 1876 783 1899 lv
803 1884 844 1899 an.
861 1876 883 1903 3,
905 1883 945 1906 ep.
965 1876 1019 1903 246,
1041 1875 1084 1898 sol.
1107 1876 1144 1898 33.
1161 1874 1304 1906 Magnum
1323 1875 1472 1900 Pastorale
1496 1875 1522 1898 in
1542 1876 1620 1899 Arch.
1640 1879 1695 1900 nat.
1713 1875 1797 1899 Paris.
1819 1875 1868 1899 LL.
1889 1876 1943 1904 175,
1959 1884 1986 1907 p.
2003 1877 2057 1899 562.
2079 1876 2142 1900 Cod.
2163 1876 2253 1908 privil.
2273 1876 2336 1901 Ord.

461 1921 521 1944 Min.
539 1921 674 1944 continens
690 1921 766 1951 (saec.
784 1920 848 1950 XIV)
865 1923 890 1943 et
904 1920 937 1942 ad
953 1919 1016 1943 Ord.
1029 1920 1171 1942 Servorum
1186 1919 1283 1942 Mariae
1298 1919 1442 1951 pertinens.
1459 1920 1523 1945 Cod.
1538 1920 1678 1944 Rutenens.
1696 1919 1807 1943 Constit.
1824 1919 1886 1943 Ord.
1904 1920 2007 1948 Prued„
2023 1929 2051 1952 p.
2068 1920 2122 1944 246.
2139 1921 2209 1944 Haec
2224 1921 2338 1953 epistola

461 1966 529 1988 sicut
548 1969 573 1988 et
591 1965 750 1996 praecedens
766 1964 865 1987 inserta
880 1967 920 1987 est
934 1967 1071 1995 praeterea
1086 1963 1190 1992 litteris,
1206 1964 1329 1988 vidimus
1344 1964 1424 1995 vulgo
1440 1964 1526 1992 dictis,
1543 1964 1681 1996 Reginaldi
1696 1963 1815 1995 episcopi
1830 1964 1914 1988 Paris.
1931 1964 1958 1987 in
1973 1964 2050 1988 Arch.
2066 1968 2119 1988 nat.
2137 1965 2221 1989 Paris.
2240 1965 2264 1989 J.
2281 1965 2336 1994 15³,

462 2013 490 2032 n0
505 2011 542 2032 24.
564 2009 693 2034 Vidimus
710 2009 785 2032 electi
801 2008 935 2032 Cusentini
957 2016 998 2031 an.
1015 2009 1076 2031 1256
1096 2008 1122 2031 in
1137 2008 1215 2032 Arch.
1231 2008 1333 2039 depurt.
1352 2009 1384 2031 de
1403 2009 1428 2031 la
1444 2008 1595 2037 cote-d'0r‚
1611 2009 1688 2032 fonds
1704 2008 1891 2037 DominicainS,
1909 2009 1990 2032 liasse
2004 2010 2059 2032 930.
2076 2009 2144 2033 Ibid.
2163 2010 2269 2034 cartul.
2290 2010 2336 2034 de!

461 2053 648 2082 Dominicnins,
664 2054 693 2077 Η,
711 2053 765 2081 221,
783 2053 826 2076 fol.
844 2052 898 2076 711².
914 2053 1042 2083 Layettes
1057 2054 1096 2076 du
1114 2052 1201 2076 tre'sor
1217 2053 1265 2077 des
1284 2053 1403 2081 Chanes,
1419 2057 1449 2075 n⁰
1467 2054 1537 2076 [2264.
1555 2053 1583 2076 In
1603 2052 1722 2076 Bullario
1740 2053 1813 2076 Rom,
1831 2053 1872 2076 ed.
1887 2053 2018 2083 Taurin„
2035 2054 2081 2082 111,
2097 2055 2152 2082 649,
2170 2054 2219 2077 hae
2233 2054 2338 2078 litterae

460 2106 601 2129 perperam
614 2098 647 2121 ad
662 2098 770 2121 tertium
785 2105 883 2120 annum
898 2100 971 2128 pont.
986 2096 1126 2120 Alexandri
1146 2098 1296 2120 referuntur
1308 2100 1333 2120 et
1347 2097 1453 2128 quidem
1469 2105 1483 2121 e
1499 2098 1608 2129 Regesto
1623 2098 1680 2120 Vat.
1702 2096 1791 2125 citato,
1808 2096 1853 2120 ubi
1869 2097 1975 2128 quidem
1990 2097 2059 2121 inter
2073 2098 2175 2122 litteras
2190 2098 2261 2122 tertii
2276 2097 2338 2122 anni

462 2146 574 2171 exstent,
591 2143 637 2166 sed
652 2150 712 2165 cum
726 2142 854 2173 temporis
871 2145 932 2165 nota
945 2145 974 2164 ut
989 2149 1078 2172 supra.
1095 2141 1218 2169 Bulaeus,
1236 2142 1281 2169 ΙΙΙ,
1300 2143 1355 2165 305.

556 2228 577 2250 1.
596 2227 682 2258 Supra
696 2231 725 2250 n⁰
741 2227 795 2250 280.

463 2362 574 2399 282.
597 2371 764 2398 Alexander
780 2372 823 2397 IV
834 2371 973 2397 Ludovico
988 2372 1049 2406 regi
1064 2372 1237 2397 Francorum
1254 2371 1373 2397 mandat
1389 2375 1419 2397 ut
1437 2371 1617 2398 Guillelmum
1634 2372 1670 2398 de
1691 2374 1718 2399 S.
1736 2374 1848 2407 Amore,
1869 2373 1994 2399 Odonem
2009 2373 2045 2399 de
2059 2375 2166 2408 Duaco,
2185 2373 2336 2400 Nicolaum

552 2420 587 2446 de
609 2422 701 2446 Barro
723 2429 810 2456 super
830 2420 944 2455 Albam,
969 2420 1228 2456 Christianumque,
1258 2421 1315 2446 nisi
1333 2421 1482 2456 pontificis
1503 2421 1650 2447 mandatis
1676 2422 1838 2458 paruerint,
1861 2422 1896 2448 de
1922 2431 2008 2457 regno
2030 2422 2172 2448 Franciae
2196 2422 2334 2459 expellat,

555 2469 733 2495 Guillelmum
748 2469 835 2495 etiam
851 2472 878 2494 et
896 2468 1089 2495 Christianum
1104 2469 1214 2495 carceri
1229 2469 1380 2505 mancipet.

1684 2520 1761 2550 1258,
1776 2520 1846 2546 dum'i
1856 2520 1901 2550 27,
1915 2520 2050 2553 damulae.

553 2597 758 2630 Alexander
779 2597 975 2642 episcopus
996 2609 1125 2631 servus
1146 2609 1334 2631 servorum
1358 2599 1423 2631 Dei
1444 2599 1634 2632 carissimo
1655 2599 1692 2631 in
1713 2598 1860 2633 Christo
1881 2598 1956 2632 filio
1975 2625 1996 2631 ..
2015 2599 2094 2644 regi
2115 2600 2335 2632 Francorum

465 2663 598 2696 illustri
633 2663 783 2696 salutem
820 2670 855 2696 et
887 2664 1122 2708 apostolicam
1157 2664 1463 2698 benedictionem.
1492 2666 1587 2699 Vere
1616 2665 1702 2698 fidei
1732 2672 1767 2698 et
1795 2666 1853 2710 pie
1888 2665 2095 2699 devotionis
2130 2665 2334 2708 sinceritas,

466 2741 571 2775 quam
593 2730 692 2774 geris
709 2741 794 2774 erga
814 2730 928 2762 Deum
951 2736 986 2763 et
1006 2732 1199 2763 Romanam
1222 2731 1425 2773 ecclesiam,
1444 2731 1676 2765 evidentibus
1693 2738 1728 2764 et
1742 2731 1982 2765 credibilibus
2003 2731 2111 2765 nimis
2128 2738 2334 2765 sanctorum

466 2807 617 2841 operum
646 2796 864 2829 testimoniis
894 2796 1126 2841 comprobata
1155 2809 1218 2830 cor
1250 2805 1415 2831 nostrum
1444 2798 1533 2831 mira
1563 2798 1749 2843 perfundit
1780 2798 1956 2832 suavitate
1985 2798 2112 2840 letitie,
2143 2811 2183 2831 ac
2213 2798 2334 2841 nobis,

466 2862 565 2908 quod
581 2862 829 2895 excellentiam
852 2869 945 2895 tuam
967 2863 1010 2895 ad
1032 2875 1138 2896 mnne
1159 2863 1293 2897 bonum
1316 2871 1517 2910 promptam
1538 2876 1683 2910 semper
1698 2865 1855 2910 experiri
1872 2865 2069 2910 possimus,
2087 2865 2336 2899 efficacissime

467 2929 673 2974 persuadet.
706 2929 803 2961 Inter
831 2927 899 2961 alia
927 2940 1014 2962 vero
1044 2936 1139 2962 tuam
1171 2931 1306 2975 regiam
1337 2931 1591 2965 celsitudinem
1622 2931 1878 2965 commendant
1905 2931 2039 2965 clarius
2065 2931 2274 2966 dilectionis
2301 2939 2338 2966 et
