2580 3528
246 446 351 487 1255]
595 456 642 478 ΑΒ
675 455 782 479 anno
815 455 894 479 mcc
927 456 1059 485 USQUE
1093 457 1143 479 An
1177 457 1406 480 ramerum
1441 458 1481 480 iv
1514 458 1603 481 aas.
1641 459 1776 482 rame.
2054 452 2120 485 299

248 529 341 565 citer
368 529 598 572 observetur,
628 529 842 563 discretioni
871 535 931 563 tue
961 541 1027 575 per
1054 529 1254 576 apostolica
1284 530 1418 576 scripta
1448 531 1600 564 firmiter
1628 532 1864 578 precipiendo
1894 534 2119 576 mandamus,

250 596 422 643 quatinus
451 595 605 643 regendi
634 596 796 630 Parisius
825 596 863 630 in
889 595 1010 642 aliqua
1038 596 1206 647 facultate
1235 597 1372 630 nemini
1401 597 1583 631 licentiam
1611 597 1762 640 tribuas,
1785 599 1847 644 qui
1873 599 2002 633 dictam
2023 600 2121 633 ordi-

250 663 435 697 nationem
469 662 629 697 noluerit
661 662 870 697 observare.
902 663 981 696 Dat.
1009 663 1175 697 Laterani
1204 663 1252 709 vij
1281 663 1330 697 id.
1362 663 1589 705 Decembris,
1619 665 1850 710 pontificatus
1877 666 1993 699 nostri
2027 678 2120 700 anno

250 742 380 776 pruno.

343 827 400 852 Duo
421 827 563 860 originalia
584 828 612 852 in
630 828 708 852 Arch.
731 831 786 852 nat.
805 828 890 852 Paris.
913 829 941 853 1..
961 829 1016 857 249,
1037 832 1067 852 n⁰
1089 829 1128 852 56.
1150 828 1228 852 Bulla
1246 828 1373 860 plumbea
1392 829 1445 852 filis
1465 829 1576 853 cannah.
1597 829 1765 862 appenditur.
1782 830 1812 854 In
1831 830 1986 854 membrana
2005 839 2099 854 aversa
2113 839 2118 844 ·

248 881 264 912 ,α
278 872 477 897 predicatorum
489 881 513 897 n.
527 886 559 891 —
573 873 670 905 Ripoll,
689 873 762 898 Bull.
777 874 839 898 ord.
854 873 969 904 Prassd„
985 874 1004 901 1,
1021 874 1075 902 289,
1091 877 1120 896 n⁰
1134 874 1174 897 48.

343 957 367 982 1.
383 957 471 990 Supra
484 961 514 981 ω’
525 958 579 981 247.

251 1079 364 1118 260.
386 1088 555 1116 Alexander·
569 1089 614 1116 IV
622 1088 723 1115 scribit
736 1088 912 1116 cancellario
928 1090 955 1115 S.
976 1090 1133 1124 Genovefae
1149 1089 1184 1116 de
1199 1089 1297 1116 eodem
1312 1093 1488 1125 argumento.

1416 1173 1492 1202 126⁵,
1507 1172 1655 1199 emmor-is
1670 1173 1694 1203 7.
1710 1173 1836 1199 Laterani.

340 1245 547 1280 Alexander
580 1246 776 1292 episcopus
810 1257 940 1280 servus
974 1258 1163 1280 servorum
1198 1246 1264 1280 Dei
1299 1246 1432 1280 dilecto
1462 1246 1537 1280 filio
1564 1273 1586 1279 ..
1613 1246 1828 1280 cancellario
1863 1247 1899 1281 S.
1935 1247 2122 1281 Genovefe

253 1312 471 1347 Parisiensis
501 1312 653 1346 salutem
684 1318 720 1346 et
747 1311 983 1358 apostolicam
1013 1311 1320 1346 benedictionem.
1350 1313 1450 1346 Licet
1481 1325 1549 1346 nos
1575 1313 1675 1355 olim,
1701 1318 1765 1347 etc.
1795 1314 1888 1347 sicut
1918 1313 1954 1348 in
1984 1313 2123 1348 litteris

247 1378 553 1425 praecedentibus.
576 1379 655 1412 Dat.
679 1378 844 1412 Laterani
864 1378 911 1423 vij
934 1378 983 1411 id.
1007 1378 1234 1420 Decembris,
1256 1378 1487 1424 pontificatus
1508 1379 1624 1413 nostri
1644 1391 1739 1412 anno
1760 1380 1888 1425 primo.

346 1476 483 1508 Originale
497 1476 524 1500 in
538 1476 615 1500 Arch.
631 1479 685 1501 nat.
705 1476 790 1501 Paris.
806 1477 834 1501 L.
853 1477 909 1506 249,
921 1481 951 1500 n⁰
965 1477 1004 1501 57.
1024 1476 1174 1508 Supersunt
1187 1476 1224 1500 fil.
1240 1476 1352 1500 cannah.
1373 1476 1402 1500 In
1417 1475 1571 1500 membrana
1585 1484 1679 1500 aversa
1695 1485 1700 1500 τ
1718 1485 1730 1500 α
1746 1477 1954 1501 Predieatorum.
1969 1486 1981 1500 υ
1998 1491 2030 1496 -
2043 1478 2123 1502 Jour-

252 1520 324 1551 dain,
339 1525 369 1545 η’
383 1521 439 1552 123,
453 1521 500 1544 uhi
514 1529 546 1545 ex
558 1521 666 1549 Bulaeo,
681 1521 727 1551 Ill,
739 1522 793 1550 293,
809 1521 912 1546 litterae
926 1528 1068 1553 perperam
1080 1529 1092 1544 α
1108 1520 1143 1552 vij
1159 1520 1212 1544 kal.
1223 1520 1344 1544 Decemb.
1359 1529 1371 1543 υ
1383 1520 1562 1544 ascribuntur.
1579 1521 1649 1544 Inter
1662 1525 1829 1545 monumenta
1840 1522 2027 1546 Universitatis
2038 1522 2124 1547 Paris.

250 1565 301 1590 hoc
325 1568 366 1590 eat
389 1565 507 1598 primum
529 1565 724 1594 documentum,
748 1565 775 1589 in
795 1574 846 1598 quo
866 1565 1018 1589 nominatur
1043 1564 1216 1588 cancellarius
1237 1565 1263 1589 S.
1285 1564 1441 1589 Genovefae.
1462 1565 1574 1588 Nomina
1592 1565 1810 1589 cancellariorum
1830 1567 1856 1590 S.
1877 1566 2024 1591 Genovcfne
2046 1566 2123 1590 istius

251 1609 346 1635 umt-
360 1613 467 1642 praetor
480 1618 567 1642 panca
581 1610 614 1634 ad
628 1618 677 1634 nos
691 1618 744 1634 non
757 1613 943 1642 pervenerunt.

253 1758 366 1797 261.
387 1767 556 1795 Alexander
579 1769 624 1795 IV
641 1767 764 1794 mandat
793 1767 942 1794 Guillelmo
970 1767 1175 1794 Aurelianensi
1203 1771 1231 1794 et
1262 1767 1386 1794 Guidoni
1412 1767 1661 1794 Autissiodorensi
1684 1768 1827 1804 episcopis
1857 1772 1887 1794 ut
1915 1769 2069 1804 magistros
2099 1773 2127 1796 e!

340 1817 497 1852 scholam,
521 1817 573 1854 qui
593 1816 804 1844 ordinationem
826 1817 855 1843 in
875 1816 980 1843 litteris
1002 1827 1015 1841 n
1040 1817 1132 1851 Quasi
1151 1816 1258 1852 lignum
1281 1817 1355 1843 vitae
1374 1826 1386 1842 n
1404 1819 1566 1843 contentam
1580 1825 1636 1843 non
1651 1816 1806 1852 observent,
1828 1817 1995 1844 nominatim
2011 1826 2124 1844 excom·-

341 1866 544 1893 municationia
560 1866 705 1893 sententia
714 1865 855 1903 plectant.

1421 1911 1494 1940 125⁵.
1509 1911 1657 1938 Decembris
1674 1911 1697 1941 7,
1713 1911 1839 1938 tarot-am:

339 1985 548 2020 Alexander
573 1985 769 2032 episcopus
789 1997 920 2019 servus
945 1997 1134 2019 servorum
1156 1985 1223 2018 Dei
1242 1985 1515 2019 venerabilibus
1541 1985 1714 2019 fratribus
1732 2012 1753 2018 ..
1771 1985 2028 2019 Aurelianensi
2048 1993 2084 2019 et
2102 2012 2123 2019 ..

251 2051 549 2087 Autisiodorensi
574 2052 759 2098 episcopis
784 2051 938 2086 salutem
959 2058 996 2086 et
1013 2051 1248 2098 apostolicam
1274 2051 1581 2086 benedictionem.
1604 2052 1695 2087 Cum
1722 2064 1789 2086 nos
1815 2052 1901 2085 olim
1927 2064 1992 2098 pro
2013 2052 2124 2086 studii

252 2118 472 2153 Parisiensis
506 2118 785 2153 conservatione
811 2118 966 2164 quedam
996 2118 1090 2152 circa
1123 2118 1284 2152 studium
1319 2118 1437 2164 ipsum
1469 2118 1514 2152 de
1543 2119 1691 2152 fratrum
1726 2125 1934 2152 nostrorum
1969 2119 2124 2153 consilio

254 2184 406 2230 provide
427 2184 639 2219 duxerimus
659 2185 874 2225 ordinanda,
905 2191 1012 2231 prout
1032 2185 1069 2218 in
1089 2184 1221 2219 litteris
1242 2185 1379 2219 nostris
1400 2185 1530 2219 exinde
1551 2185 1740 2227 confectis,
1762 2197 1832 2230 que
1855 2186 1969 2230 Quasi
1987 2185 2124 2231 lignum

251 2250 325 2286 vite
353 2250 544 2296 incipiunt,
572 2251 781 2285 continetur
810 2251 970 2297 plenius,
992 2250 1098 2285 vobis
1132 2251 1390 2289 executoribus
1415 2251 1611 2297 deputatis¹
1635 2263 1642 2285 :
1665 2263 1743 2293 vos,
1776 2258 1815 2285 ut
1840 2251 2058 2292 audivimus,
2086 2251 2123 2284 in

253 2317 449 2364 magistros
474 2323 510 2351 et
533 2316 694 2351 scolares
722 2317 964 2359 Parisienses,
996 2317 1058 2363 qui
1088 2317 1354 2351 ordinationem
1382 2317 1495 2363 ipsam
1524 2316 1719 2351 observare
1747 2329 1819 2350 non
1846 2324 1984 2359 curant,
2007 2317 2124 2351 moni-

254 2383 353 2418 tione
374 2383 552 2429 premissa
577 2383 964 2418 excommunicationis
990 2384 1206 2418 sententiam
1231 2383 1453 2430 generaliter
1478 2384 1646 2429 exigente
1666 2384 1806 2429 justitia
1834 2383 2120 2429 pmmulgasfis'.

253 2451 389 2485 Verum
424 2449 508 2495 quia
542 2456 582 2483 ut
609 2449 743 2484 dicitur
775 2449 921 2495 quidam
956 2461 1000 2483 ex
1033 2449 1171 2484 eisdem
1206 2450 1392 2495 magistris
1421 2456 1457 2483 et
1485 2449 1689 2483 scolaribus
1723 2449 1963 2483 ordinationis
1998 2456 2122 2484 nostre

253 2516 434 2550 temerarii
465 2508 760 2562 transgressores
787 2515 1003 2550 sententiam
1030 2516 1143 2561 ipsam
1165 2516 1202 2549 in
1222 2516 1421 2549 animarum
1451 2527 1597 2550 suarum
1628 2516 1828 2562 periculum
1858 2522 1893 2550 et
1912 2516 2120 2550 scandalum

253 2582 492 2630 plurimorum
525 2588 800 2628 contempnunt,
831 2581 1044 2616 fraternitati
1072 2588 1193 2616 vestre
1227 2593 1293 2628 per
1318 2581 1516 2628 apostolica
1545 2582 1679 2628 scripta
1707 2581 1859 2616 firmiter
1885 2582 2121 2628 precipiendo

252 2649 477 2691 mandamus,
495 2649 666 2695 quatinus
684 2648 781 2690 illos,
799 2648 862 2694 qui
882 2649 1052 2694 prefatam
1073 2648 1337 2682 ordinationem
1360 2654 1534 2691 nostram,
1555 2660 1660 2694 quam
1681 2648 1726 2682 ab
1747 2648 1917 2683 omnibus
1937 2649 2121 2695 magistris

252 2721 290 2750 et.
314 2715 520 2750 scolaribus
546 2715 707 2749 Parisius
739 2714 1048 2749 commorantibus
1078 2715 1216 2748 firmam
1246 2721 1282 2749 et
1310 2714 1482 2749 illibatam
1513 2715 1650 2749 servari
1678 2715 1861 2758 volumus,
1894 2727 2120 2762 quacumque

250 2788 331 2835 arte
347 2781 405 2816 vel
431 2782 581 2828 ingenio
606 2794 752 2816 servare
777 2794 851 2815 non
871 2788 1010 2823 curant,
1033 2782 1231 2816 monitione
1252 2781 1430 2828 premissa
1455 2781 1664 2815 nominatim
1686 2794 1726 2815 ac
1747 2782 1954 2828 specialiter
1978 2795 2120 2816 excom-

252 2848 438 2882 municare
465 2860 504 2882 ac
532 2848 864 2882 excommunicatos
891 2848 1112 2882 denunciare
1137 2860 1202 2894 per
1222 2859 1288 2882 vos
1312 2860 1352 2882 ac
1377 2847 1482 2889 alios,
1505 2847 1724 2894 ubicumque
1750 2848 1922 2894 expedire
1942 2849 2119 2890 videritis,

249 2925 370 2960 usque
394 2914 439 2948 ad
459 2915 742 2949 satisfactionem
768 2915 988 2961 condignam
1011 2914 1254 2961 appellatione
1279 2914 1398 2960 aliqua
1422 2926 1488 2948 seu
1514 2914 1612 2961 quod
1636 2914 1748 2961 aliqui
1769 2927 1908 2957 eorum,
1930 2922 2119 2961 postquam

251 2980 307 3015 eia
327 2979 372 3015 de
393 2981 528 3026 prefata
549 2981 778 3016 ordinatione
799 2988 923 3016 nostra
942 2981 1112 3024 innotuit,
1134 2994 1152 3015 a
1174 2981 1268 3015 dicta
1289 2981 1532 3016 Universitate
1554 2981 1754 3015 recessisse
1775 2981 1958 3023 dicuntur,
1985 2993 2119 3027 nequa-
