2580 3528
423 381 485 414 182
1002 387 1322 411 CHARTULARIUM
1357 387 1547 409 umvsns.
1583 386 1713 408 PARIS.
2197 376 2298 416 [1245

418 464 568 506 suerint,
600 464 792 498 interdicta
823 463 1030 496 conducere
1060 462 1118 495 vel
1148 462 1306 495 retinere
1337 467 1533 507 presumat.
1562 461 1641 494 Dat.
1669 460 1839 506 Lugduni
1870 460 1919 493 id.
1945 459 2045 499 Maii,
2067 458 2298 505 pontificatus

420 531 538 565 nostri
557 543 653 564 anno
674 530 851 564 secundo.

513 628 649 661 originale
669 629 696 652 in
717 628 793 652 Arch.
811 628 933 652 Univers.
950 627 1046 652 Paris..
1062 627 1138 651 theca
1158 627 1200 655 1v,
1222 627 1249 650 A.
1272 627 1309 649 19.
1330 634 1352 649 e.
1374 626 1452 649 Deest
1473 625 1546 649 bulla
1567 625 1702 656 plumbea.
1726 638 1757 642 --
1777 625 1840 648 God.
1863 625 1922 649 Vnt.
1941 625 2005 656 Reg.
2025 625 2080 652 406,
2103 625 2147 648 rol.
2169 624 2208 649 14.
2228 624 2296 648 Bibl.

417 673 550 705 phillipps
572 673 599 697 in
620 673 801 701 ClmIteuhum,
825 681 876 697 ms.
899 673 954 701 876,
978 672 1023 696 sol.
1047 672 1103 695 14¹³.
1126 671 1250 699 Bulaeus,
1272 671 1318 698 ΠΙ,
1341 671 1395 699 196,
1412 670 1480 693 sicut
1502 673 1527 693 et
1549 669 1682 693 Jourdain
1695 673 1724 692 n⁰
1738 670 1768 692 65
1788 668 1855 692 hanc
1877 668 2017 700 epistolum
2037 669 2069 692 nd
2085 669 2103 700 ij
2124 677 2184 692 non.
2210 668 2299 692 Martii

416 718 515 749 (Martii
530 719 554 748 6)
570 719 696 742 referunt.
714 718 791 742 Recte
806 717 942 749 Pasquier,
960 717 1131 741 Recherches
1145 717 1178 740 de
1192 716 1220 740 la
1233 716 1351 742 France,
1367 723 1394 746 p.
1411 715 1465 738 821.

421 916 530 953 144.
554 925 736 951 Innocentius
752 925 796 950 IV
811 923 995 949 [sitiret-sitast
1010 922 1173 948 Parisiensi
1188 921 1309 947 mandat
1324 924 1355 947 ut
1370 920 1502 956 magistri
1517 929 1552 946 ac
1567 920 1622 946 alii
1636 919 1677 945 ad
1690 919 1842 954 generales
1857 919 2091 954 congregationes
2107 920 2229 946 veniant.

1676 1017 1752 1046 1245,
1767 1016 1829 1042 nan
1842 1016 1880 1046 re,
1896 1015 2011 1049 ιιιραυηιῑ

507 1095 745 1129 Innocentius
772 1094 969 1139 episcopus
995 1105 1126 1127 servus
1153 1104 1343 1126 servorum
1369 1091 1436 1124 Dei
1463 1091 1607 1124 dilectis
1628 1090 1714 1124 filiis
1734 1090 1963 1124 universitati
1987 1090 2242 1136 magistrorum
2265 1095 2300 1123 et

416 1162 612 1196 scolarium
643 1162 820 1195 Parisien.
851 1160 1004 1194 salutem
1027 1167 1063 1193 et
1089 1159 1325 1205 apostolicam
1351 1158 1660 1192 benedictionem.
1684 1157 1802 1191 studii
1823 1157 2042 1190 Parisiensis
2064 1163 2299 1202 augmentum

417 1237 453 1263 et
472 1230 556 1275 plus
576 1229 710 1262 ceteris
731 1228 899 1261 affectare
925 1239 964 1260 ac
986 1238 1183 1273 procurare
1209 1238 1275 1260 vos
1300 1225 1484 1267 convenit,
1512 1237 1585 1270 quo
1606 1225 1723 1270 magis
1743 1224 1781 1257 in
1800 1224 1864 1257 illo
1885 1230 1921 1257 et
1941 1223 2132 1257 honestate
2157 1235 2297 1256 morum

416 1303 449 1330 et
471 1296 672 1330 litterarum
696 1295 848 1328 scientia
870 1294 1092 1340 profecistis.
1118 1293 1208 1326 Hinc
1230 1299 1286 1326 est
1305 1292 1403 1338 quod
1424 1292 1698 1335 universitatem
1720 1297 1877 1324 vestram
1900 1302 2105 1331 monemus,
2126 1301 2299 1336 rogamus

415 1370 453 1397 et
471 1363 659 1397 hortamur
680 1368 815 1395 attente
837 1373 901 1407 per
922 1360 1122 1406 apostolica
1143 1359 1249 1393 vobis
1270 1359 1404 1404 scripta
1426 1358 1653 1399 mandantes,
1676 1358 1847 1403 quatinus
1867 1357 1912 1390 ad
1931 1356 2125 1403 generales
2145 1368 2300 1402 congre-

415 1431 601 1476 gationes,
628 1441 719 1475 quas
754 1441 819 1474 pro
847 1427 1031 1461 communi
1063 1427 1216 1460 utilitate
1243 1425 1355 1459 studii
1380 1425 1459 1459 fieri
1487 1425 1696 1471 contigerit,
1725 1425 1797 1458 nisi
1821 1424 1986 1470 legitimo
2015 1424 2158 1457 fueritis
2185 1424 2300 1469 impe-

413 1497 578 1530 dimento
607 1496 758 1536 detenti,
790 1495 964 1528 accedere
993 1493 1202 1527 nullatenus
1232 1492 1406 1526 omittatis
1433 1491 1628 1525 consilium
1656 1498 1692 1524 et
1717 1491 1888 1524 auxilium
1922 1490 1966 1524 ad
1994 1490 2158 1536 ejusdem
2187 1489 2300 1523 studii

414 1563 649 1597 commodum
671 1562 886 1608 impensuri.
911 1563 989 1594 Dat.
1013 1560 1182 1606 Lugduni
1204 1572 1249 1593 xv
1269 1559 1338 1592 kal.
1361 1559 1473 1600 Junii,
1497 1558 1731 1604 pontificatus
1753 1558 1869 1591 nostri
1889 1569 1984 1590 anno
2005 1557 2182 1590 secundo.

513 1661 582 1685 Bibl.
599 1661 733 1692 Phillipps
748 1660 774 1683 in
791 1659 972 1687 Cheltenhum,
989 1667 1037 1682 ms.
1055 1660 1109 1687 876,
1127 1659 1172 1682 fol.
1186 1659 1225 1682 15.
1241 1666 1272 1681 ex
1287 1666 1338 1689 quo
1351 1657 1445 1681 titulus
1462 1665 1467 1680 ·.
1483 1667 1492 1677 ι
1510 1660 1538 1680 ut
1552 1656 1675 1688 magistri
1691 1664 1714 1684 »,
1730 1660 1779 1681 etc.
1799 1656 1862 1679 Cod.
1880 1656 1936 1679 Vat.
1954 1656 2016 1687 Reg.
2032 1656 2087 1684 406,
2104 1655 2148 1678 sol.
2166 1654 2221 1679 14¹³.
2237 1654 2298 1679 eod.

415 1705 561 1730 Britannici
577 1705 676 1729 Musaei
692 1705 756 1728 Add.
776 1705 862 1733 17304,
880 1704 924 1727 sol.
942 1704 980 1727 17.
996 1718 1028 1721 -—
1042 1703 1180 1731 Jourdain,
1197 1707 1226 1725 n⁰
1242 1703 1280 1726 71.

421 1905 530 1942 145.
554 1914 736 1940 Innocentius
748 1912 1025 1948 IVarchiepiscopis
1033 1921 1088 1948 per
1102 1920 1218 1946 regnum
1230 1911 1372 1937 Franciae
1387 1910 1550 1936 constitutis
1566 1909 1687 1935 mandat
1702 1912 1733 1935 ut
1747 1908 1820 1935 nulli
1835 1908 1970 1944 deinceps
1986 1908 2015 1934 in
2029 1907 2135 1934 scholis
2146 1910 2300 1944 proventus

505 1962 738 1999 praebendarum
754 1962 897 1998 recipiant
912 1961 970 1987 nisi
985 1961 1101 1987 obtenta
1117 1960 1235 1986 licentia
1251 1959 1292 1986 ad
1306 1959 1423 1986 easdem
1438 1959 1554 1985 scholas
1571 1958 1755 1985 accesserint.

1571 2049 1647 2078 1244,
1663 2048 1733 2074 dunii
1743 2047 1874 2077 28-7245,
1888 2046 1960 2073 dunis
1969 2046 2013 2072 28.

508 2126 809 2172 Archiepiscopis
837 2137 902 2171 per
931 2137 1084 2170 regnum
1116 2124 1266 2157 Francie
1296 2123 1506 2157 constitutis
1536 2130 1572 2156 et
1599 2134 1725 2156 eorum
1756 2121 2009 2167 suffraganeis.
2042 2121 2082 2153 In
2112 2119 2301 2153 nonnullis

417 2194 587 2228 ecclesiis
617 2193 800 2227 obticetur
824 2193 869 2225 de
898 2191 1166 2225 consuetudine
1196 2190 1253 2224 vel
1284 2197 1431 2231 statuto,
1454 2196 1494 2223 ut
1518 2201 1640 2223 earum
1671 2188 1836 2222 canonici
1864 2193 2064 2234 proventus
2091 2198 2237 2220 suarum
2263 2186 2300 2219 in

417 2260 530 2294 scolis
565 2260 770 2306 percipiant
802 2258 1083 2304 prebendarum.
1126 2259 1218 2291 Sane
1253 2257 1488 2302 quamplures
1527 2255 1739 2301 hujusmodi
1773 2255 1896 2288 statuti
1930 2254 1988 2288 vel
2022 2253 2300 2287 consuetudinis

416 2339 562 2361 causam
598 2327 747 2360 minime
782 2326 1025 2366 attendentes,
1057 2331 1093 2358 et
1122 2337 1195 2358 non
1230 2324 1382 2357 scientie
1416 2323 1557 2357 lucrum
1593 2323 1658 2356 sed
1693 2322 2024 2356 ecclesiasticorum
2059 2327 2301 2366 proventuum

417 2401 616 2439 querentes
646 2394 830 2426 dumtaxat
858 2392 1105 2433 commodum,
1142 2391 1254 2424 scolis
1288 2390 1527 2436 corporaliter
1551 2389 1697 2431 adsunt,
1728 2401 1746 2422 a
1783 2388 1905 2422 studio
1939 2387 2145 2421 mentaliter
2177 2386 2299 2427 alieni,

419 2461 588 2494 nolentes
608 2460 667 2495 vel
688 2460 870 2493 modicum
893 2459 938 2493 de
961 2459 1131 2492 nocturni
1152 2458 1296 2503 sompni
1317 2469 1474 2503 querere
1495 2463 1710 2491 convertere
1731 2456 1768 2489 in
1788 2455 1914 2501 vigilie
1934 2455 2099 2488 studiose
2124 2453 2299 2495 laborem,

418 2534 479 2561 aut
499 2528 722 2561 vacationem
752 2526 860 2560 otiosi
888 2526 1081 2559 discursus
1108 2531 1330 2558 commutare
1356 2525 1393 2557 in
1419 2524 1632 2557 exercitium
1654 2522 1754 2556 utilis
1775 2522 1957 2555 lectionis.
1984 2521 2075 2564 Quia
2095 2520 2207 2566 igitur
2227 2531 2301 2554 non

420 2594 647 2627 merentibus
674 2593 877 2627 claudenda
905 2599 961 2626 est
987 2591 1216 2625 liberalitatis
1245 2592 1404 2633 dextera,
1428 2603 1494 2624 nec
1525 2590 1664 2624 debent
1689 2588 1951 2623 beneficiorum
1982 2599 2131 2621 suorum
2161 2587 2301 2620 fruetus

419 2660 581 2693 scolares
602 2660 664 2705 qui
686 2660 874 2693 scientiam
897 2671 970 2692 non
992 2659 1160 2692 esuriunt
1179 2658 1411 2699 manducare,
1429 2657 1656 2691 universitati
1676 2662 1797 2690 vestre
1819 2654 2055 2701 precipiendo
2073 2653 2298 2694 mandamus,

419 2727 591 2772 quatinus
619 2726 759 2771 singuli
787 2727 823 2758 in
851 2726 984 2759 vestris
1011 2725 1219 2759 civitatibus
1247 2732 1283 2758 et
1310 2724 1521 2758 diocesibus
1550 2723 1706 2757 sollicite
1734 2721 1928 2768 providere
1954 2720 2104 2762 curetis,
2130 2726 2170 2753 ut
2189 2719 2301 2752 nullis

420 2793 596 2839 deinceps
617 2793 665 2826 in.
685 2792 797 2826 scolis
819 2791 1086 2837 prebendarum
1109 2804 1175 2825 seu
1201 2791 1464 2824 beneficiorum
1486 2801 1637 2823 suorum
1664 2794 1865 2834 proventus
1886 2787 1958 2821 nisi
1978 2787 2040 2832 qui
2061 2786 2106 2819 de
2126 2792 2246 2820 vestra
2266 2792 2302 2819 et

419 2860 661 2906 capitulorum
692 2859 929 2901 ecclesiarum
961 2859 998 2891 in
1028 2857 1163 2903 quibus
1193 2857 1407 2902 prebendati
1436 2856 1494 2890 vel
1525 2855 1731 2889 beneficiati
1766 2855 1927 2888 existunt
1954 2860 2015 2887 aut
2043 2865 2061 2886 a
2091 2852 2196 2887 vobis
2235 2864 2300 2886 seu

419 2927 588 2972 capitulis
614 2926 706 2972 ipsis
727 2926 829 2971 juxta
856 2925 1019 2958 locorum
1051 2924 1355 2958 consuetudinem
1387 2923 1534 2956 obtenta
1560 2922 1707 2956 licentia
1728 2922 1772 2955 ad
1797 2920 1916 2955 scolas
1941 2921 2040 2966 ipsas
2064 2919 2298 2961 accesserint,
