2580 3528
214 440 311 481 1285]
551 450 599 472 ΑΒ
632 449 739 472 Asso
773 449 851 472 mcc
884 449 1016 478 USQUE
1051 449 1099 471 An
1134 449 1362 471 Pmmrruu
1397 450 1437 471 ιν
1471 450 1559 472 nnc.
1596 451 1733 473 fasne.
2021 442 2085 475 637

211 566 324 604 526.
349 571 512 612 Capitulum
525 576 693 602 Parisiense
706 575 850 610 fraer-ibus
864 575 930 602 Ord.
950 575 1066 602 Eremit.
1086 577 1113 602 S.
1131 576 1288 610 Augustini
1301 575 1427 601 Parisiis
1442 575 1533 602 locum
1547 576 1640 602 vendit
1654 578 1739 603 situm
1757 577 1786 601 in
1804 576 1965 603 Cardineto.

1378 681 1454 710 1285.
1469 681 1579 714 Augusti
1588 675 1632 710 23,
1648 681 1774 716 [Pae-isin
1775 681 1800 716 J.

299 763 492 797 Universis
531 770 723 810 presentes
757 763 897 797 litteras
932 764 1154 810 inspecturis
1189 763 1386 809 capitulum
1421 764 1627 798 Parisiense
1662 764 1815 798 salntem
1855 764 1891 797 in
1931 764 2084 796 Domino

210 830 480 876 sempiternam.
498 830 682 864 Noveritis
702 830 801 876 quod
822 842 889 864 nos
910 837 1058 876 pensata
1079 837 1116 864 et
1135 830 1363 864 considerata
1379 830 1531 864 utilitate
1549 837 1674 864 nostre
1695 830 1914 864 Parisiensis
1931 830 2086 863 ecclesie

209 896 388 942 quandam
410 897 547 943 peciam
568 903 665 930 terre
684 897 931 931 continentem
949 903 1103 943 quatuor
1123 903 1271 942 arpenta
1292 903 1388 930 terre
1403 897 1462 931 vel
1481 897 1639 938 circiter,
1657 909 1762 942 quam
1783 896 1960 930 habemus
1981 897 2083 930 sitam

210 964 247 997 in
274 963 472 998 Cardineto
500 963 594 997 ultra
621 975 769 1009 parvum
796 970 942 1009 pontem
969 963 1061 997 infra
1087 975 1212 997 muros
1236 964 1443 1010 contiguam
1471 970 1566 997 terre
1594 964 1713 997 Sancti
1742 963 1916 997 Bernardi
1943 975 1986 997 ex
2016 975 2085 997 una

210 1036 324 1076 parte,
345 1036 382 1064 et
406 1037 502 1064 terre
528 1029 705 1064 heredum
730 1029 884 1064 Auberti
909 1030 995 1064 dicti
1020 1030 1065 1064 ad
1089 1030 1190 1064 sabas
1215 1043 1258 1064 ex
1282 1030 1406 1072 altera,
1429 1037 1537 1076 prout
1561 1042 1600 1064 se
1626 1037 1828 1076 comportat
1850 1043 1868 1064 a
1893 1031 1949 1064 via
1975 1042 2086 1076 super

210 1097 404 1131 Seccanam
430 1108 547 1142 usque
571 1096 615 1130 ad
640 1096 759 1131 alvum
786 1097 950 1138 Beveris,
971 1097 1204 1131 vendidimus
1225 1103 1261 1130 et
1280 1097 1427 1130 nomine
1452 1097 1675 1131 venditionis
1703 1109 1792 1142 pure
1819 1097 2083 1137 concessimus,

209 1163 442 1209 quitavimus,
465 1162 680 1196 tradidimus
705 1169 741 1196 et
764 1162 1000 1196 liberavimus
1020 1163 1057 1196 in
1079 1175 1186 1196 manu
1212 1170 1352 1196 mortua
1373 1175 1416 1196 ex
1436 1175 1532 1196 nunc
1553 1163 1590 1196 in
1612 1170 1826 1210 perpetuum
1852 1163 1951 1197 fratri
1977 1165 2086 1197 Juve-

209 1229 281 1263 nali
305 1229 442 1263 vicario
466 1229 579 1263 Paris.
607 1228 773 1275 religiosi
798 1229 866 1262 viri
892 1229 1014 1262 fratris
1041 1229 1242 1263 Clementis
1270 1230 1404 1275 prioris
1431 1229 1615 1275 generalis
1643 1231 1791 1263 fratrum
1821 1230 2083 1263 Heremitarum

209 1295 360 1330 Ordinis
382 1295 417 1329 S.
439 1295 638 1341 Augustini
659 1295 792 1329 ementi
812 1295 892 1329 vice
916 1301 951 1329 et
971 1295 1118 1328 nomine
1139 1295 1227 1328 dicti
1248 1294 1382 1341 prioris
1403 1302 1438 1329 et
1458 1296 1576 1329 tocius
1596 1296 1747 1330 Ordinis
1769 1308 1833 1341 pro
1854 1296 1977 1342 precio
1998 1308 2086 1341 qua-

209 1362 484 1408 dringentarum
505 1361 680 1395 librarum
702 1362 894 1407 parisiens.
912 1362 986 1407 jam
1008 1361 1116 1396 nobis
1136 1374 1155 1395 a
1175 1362 1272 1395 dicto
1289 1362 1423 1395 vicario
1449 1347 1596 1396 nomine
1617 1363 1702 1396 dicti
1725 1363 1859 1408 prioris
1879 1369 1915 1396 et
1934 1362 2085 1396 Ordinis

208 1428 363 1475 predicti
388 1428 510 1462 soluto
535 1434 572 1462 et
595 1428 726 1462 tradito
751 1428 788 1461 in
814 1428 967 1474 pecunia
992 1435 1192 1470 numerata,
1213 1428 1257 1461 de
1282 1440 1354 1474 quo
1380 1428 1424 1462 ad
1452 1428 1599 1474 plenum
1627 1441 1694 1462 nos
1721 1436 1757 1462 et
1782 1429 1935 1462 ecclesia
1962 1436 2084 1462 nostra

208 1495 428 1541 quitavimus
453 1495 600 1541 penitus
625 1494 822 1541 religiosos
847 1494 1033 1540 predictos
1053 1501 1221 1528 tenentes
1245 1507 1314 1528 nos
1339 1494 1433 1528 bene
1459 1502 1622 1541 pagatos,
1643 1495 1816 1529 cedentes
1842 1496 1895 1529 eis
1921 1508 1964 1528 ex
1989 1508 2085 1528 nunc
2107 1505 2109 1507 ·

208 1568 245 1596 et
273 1567 463 1608 perpetuo,
491 1561 529 1595 in
557 1573 621 1595 eos
647 1568 682 1595 et
707 1573 833 1595 eorum
860 1573 1098 1595 successores
1123 1561 1200 1596 sive
1225 1561 1269 1595 ab
1295 1562 1349 1595 eis
1374 1573 1517 1595 causam
1545 1561 1734 1595 habituros
1762 1562 1907 1608 penitus
1933 1563 2086 1595 transfe-

208 1635 332 1662 rentes
348 1629 530 1674 omnejus
550 1635 587 1662 et
605 1628 821 1670 dominium,
839 1640 982 1661 omnem
1005 1628 1279 1674 possessionem
1297 1635 1333 1662 et
1348 1629 1619 1674 proprietatem,
1638 1640 1766 1662 omnes
1786 1629 1947 1662 actiones
1969 1628 2086 1662 reales

208 1702 244 1738 et
269 1694 496 1742 personales,
519 1701 555 1728 et
574 1706 812 1740 quascunque
832 1694 934 1737 alias,
956 1706 1026 1740 que
1047 1694 1155 1728 nobis
1180 1701 1216 1728 et
1240 1695 1403 1741 predicte
1428 1695 1625 1729 Parisiensi
1651 1695 1806 1729 ecclesie
1834 1695 2085 1741 competebant

209 1768 245 1796 et
268 1768 476 1808 competere
504 1767 671 1807 poterant
697 1773 917 1807 quocunque
947 1761 1054 1795 modo
1079 1761 1117 1794 in
1142 1762 1243 1807 pecia
1268 1761 1364 1795 dicte
1390 1768 1498 1803 terre,
1526 1762 1709 1795 dumtaxat
1736 1762 1887 1795 retentis
1914 1762 2022 1795 nobis
2049 1762 2085 1795 in

209 1835 424 1875 perpetuum
450 1827 596 1862 duobus
622 1827 782 1862 denariis
807 1827 971 1874 capitalis
991 1839 1126 1862 census
1151 1828 1188 1861 in
1213 1828 1307 1862 dicta
1328 1828 1430 1874 pecia
1451 1835 1547 1862 terre
1571 1835 1605 1862 et
1631 1840 1743 1874 super
1767 1828 1880 1862 fundo
1905 1828 2085 1874 ejusdem,

208 1894 320 1929 nichil
349 1894 448 1929 aliud
470 1894 568 1940 juris
596 1901 633 1928 et
660 1895 816 1929 actionis
843 1894 951 1928 nobis
977 1894 1035 1928 vel
1063 1894 1158 1928 dicte
1189 1894 1344 1928 ecclesie
1374 1895 1572 1928 Parisiensi
1599 1895 1644 1928 de
1671 1901 1793 1928 cetero
1822 1895 2023 1929 retinentes

207 1961 388 1997 Volumus
412 1962 564 2007 insuper
589 1968 624 1995 et
648 1961 899 2004 concedimus,
922 1961 1019 2007 quod
1041 1961 1077 1995 in
1099 1961 1196 1995 dicto
1217 1961 1330 1995 fundo
1352 1968 1448 1995 terre
1469 1961 1617 1996 vendito
1639 1961 1781 2007 possint
1807 1961 1893 1995 dicti
1919 1962 2084 2007 religiosi

209 2027 414 2071 ecclesiam,
446 2028 643 2062 oratorium
680 2028 971 2074 cimiteriumque
1002 2034 1037 2061 et
1066 2028 1311 2074 quodcunque
1349 2040 1490 2062 sacrum
1525 2035 1740 2062 construere
1770 2028 1907 2074 absque
1944 2035 2087 2062 contra·

209 2094 368 2129 dictione
395 2101 520 2129 nostra
547 2106 879 2140 successorumque
905 2101 1129 2136 nostrorum,
1151 2095 1248 2128 dicto
1273 2106 1387 2129 censu
1412 2094 1673 2129 nichilominus
1699 2095 1734 2128 in
1761 2095 1944 2141 integrum
1971 2107 2086 2128 rema-

209 2168 331 2196 nente.
354 2161 624 2195 Renunciantes
645 2162 683 2195 in
702 2161 772 2195 hoc
793 2162 885 2195 sacto
906 2161 1112 2207 exceptioni
1134 2173 1207 2195 non
1229 2168 1416 2195 numerate
1437 2161 1606 2207 pecunie,
1627 2161 1701 2195 doli
1728 2162 1860 2195 actioni
1882 2162 1918 2195 in
1940 2163 2085 2204 sactum,

208 2227 389 2271 beneficio
409 2227 653 2262 restitutionis
679 2228 715 2261 in
741 2228 939 2274 integrum,
961 2227 1132 2261 omnibus
1158 2227 1290 2262 litteris
1315 2228 1540 2274 apostolicis,
1564 2228 1767 2274 privilegiis
1789 2235 1821 2261 ct
1844 2228 2085 2274 indulgentiis

209 2293 318 2328 nobis
341 2300 492 2328 actenus
516 2305 583 2328 seu
607 2294 762 2328 ecclesie
788 2294 985 2328 Parisiensi
1006 2301 1067 2328 aut
1086 2294 1313 2328 universitati
1340 2294 1595 2341 magistrorum
1623 2301 1659 2328 et
1683 2295 1876 2328 scolarium
1904 2295 2086 2328 Parisien-

209 2361 303 2395 sium
328 2373 347 2394 a
372 2360 461 2394 sede
486 2360 684 2406 apostolica
710 2360 862 2394 indultis
887 2367 948 2394 aut
972 2361 1009 2394 in
1030 2367 1217 2406 posterum
1243 2360 1494 2407 indulgendis,
1517 2367 1551 2394 et
1575 2361 1840 2406 crucesignatis
1865 2368 1899 2394 et
1924 2361 2085 2395 crucesi-

210 2427 367 2474 gnandis
391 2427 580 2461 concessis
606 2433 642 2461 et
665 2426 914 2461 concedendis
934 2426 1004 2460 sub
1024 2439 1241 2473 quacunque
1261 2427 1375 2460 forma
1396 2426 1591 2460 verborum
1613 2434 1736 2461 contra
1764 2427 1925 2473 predicta
1950 2428 2085 2461 sacien-

211 2493 321 2535 tibus,
343 2493 601 2528 constitucioni
627 2493 671 2527 de
697 2493 838 2527 duabus
859 2493 968 2527 dietis
988 2493 1144 2528 Concilii
1169 2493 1368 2539 generalis,
1384 2493 1549 2539 judicum
1571 2500 1603 2527 ct
1626 2493 1696 2527 loci
1721 2494 1967 2528 conventioni.
1991 2494 2083 2529 Dicti

210 2567 328 2595 autem
362 2560 435 2594 duo
470 2559 607 2594 denarii
637 2559 801 2606 capitalis
835 2571 970 2594 census
1004 2560 1187 2594 annuatim
1219 2560 1254 2593 in
1285 2560 1377 2594 sesto
1407 2560 1609 2594 Nativitatis
1639 2561 1783 2594 Domini
1815 2560 2081 2606 persolvantur.

211 2628 339 2662 Datum
365 2638 460 2661 anno
486 2626 631 2660 Domini
657 2626 852 2660 millesimo
872 2627 948 2661 CC⁰
968 2626 1217 2673 octuagesimo
1238 2628 1296 2668 V⁰,
1319 2626 1355 2660 in
1377 2627 1470 2661 sesto
1496 2626 1591 2661 beati
1618 2627 1815 2673 Augustini
1843 2627 2019 2674 episcopi.
2043 2628 2082 2662 ln

211 2694 316 2740 cujus
336 2693 389 2728 rei
411 2693 658 2727 testimonium
680 2699 871 2740 presentes
890 2693 1029 2727 litteras
1049 2692 1119 2727 sub
1140 2693 1265 2727 eadem
1287 2692 1367 2727 data
1388 2700 1513 2727 nostro
1534 2693 1658 2740 sigillo
1679 2694 1832 2728 fecimus
1854 2694 2030 2729 roborari.

304 2790 495 2824 Apoflrraphum
515 2799 641 2815 coaevum
661 2791 687 2815 in
709 2790 784 2815 Arch.
806 2794 860 2816 nat.
881 2790 964 2815 Paris.
990 2791 1018 2815 1..
1041 2790 1095 2814 92¹.
1119 2803 1148 2809 —
1174 2790 1244 2814 flacc
1264 2790 1356 2814 charta
1378 2790 1477 2815 inm-ta
1495 2794 1536 2815 ent
1554 2790 1634 2815 etiam
1656 2791 1750 2816 litteris
1771 2791 1878 2816 Honorii
1901 2792 1934 2815 lv
1953 2800 1995 2815 nn.
2014 2792 2083 2821 ¹280,

210 2835 336 2860 Novemb.
353 2836 391 2865 1⁵.
415 2835 441 2860 in
460 2836 523 2868 fleg.
540 2836 596 2860 Vnt.
614 2843 656 2860 nn.
673 2837 696 2864 2,
717 2843 759 2868 ep.
784 2835 836 2859 1⁹1.
853 2835 967 2867 Empoli.
988 2835 1067 2860 Bull.
1092 2835 1158 2860 Ord.
1180 2835 1288 2860 liv-emit
1304 2835 1332 2859 S.
1353 2837 1488 2866 Auquu„
1503 2844 1530 2868 p.
1547 2836 1601 2860 15⁶.
1621 2849 1652 2854 —
1671 2836 1700 2860 In
1720 2836 1797 2861 Arch.
1818 2840 1870 2860 nat.
1895 2836 1988 2866 Parim,
2010 2837 2026 2860 1.
2048 2845 2080 2865 c..

209 2882 313 2904 exeunt
326 2878 436 2913 insuper
449 2883 563 2912 quatuor
581 2879 689 2904 chartae
708 2879 852 2912 originale·
871 2880 934 2912 (tren
949 2887 1040 2903 earnm
1059 2887 1102 2903 an.
1125 2879 1195 2907 1285,
1213 2879 1310 2903 menti·
1326 2879 1462 2908 Novemb..
1475 2883 1502 2904 et
1516 2888 1568 2904 nnn
1582 2889 1624 2904 nn.
1642 2881 1710 2909 1286,
1727 2881 1835 2905 Junuar.
1853 2881 1875 2912 3)
1893 2883 2035 2904 tractantu-
2050 2881 2082 2904 de

210 2923 293 2956 pecli·
313 2927 399 2949 temo
417 2927 444 2949 et
461 2924 576 2957 quad-m
594 2925 673 2949 domo
692 2924 719 2949 in
739 2924 880 2949 Cat-dinato
895 2926 921 2948 et
943 2923 968 2948 in
993 2923 1050 2947 vico
1067 2924 1094 2948 S.
1120 2923 1242 2954 Victoris,
1257 2932 1323 2956 qun·
1338 2923 1422 2948 abba·
1437 2927 1464 2948 et
1484 2927 1628 2949 conventu·
1644 2926 1670 2950 S.
1688 2925 1799 2949 Victori·
1820 2925 1894 2949 fratri
1914 2924 2035 2949 Juvenal}
2050 2924 2083 2949 do

210 2968 308 2992 Nemi·
321 2977 334 2992 ι
349 2968 383 2993 nd
397 2977 465 3002 opu·
480 2969 599 3002 ipsorum
615 2970 727 2993 fratrum
742 2968 860 2993 Pari-iu·
875 2968 1037 2993 audentium
1052 2971 1078 2992 ot
1092 2976 1156 2992 unu·
1176 2968 1256 2993 totiu·
1277 2968 1385 2994 Ordinis
1401 2977 1413 2992 ι
1434 2968 1484 2993 σιὼ
1504 2969 1583 2993 certi·
1603 2969 1798 2993 conditionibus
1818 2969 1999 2993 vendiderunt.
2016 2969 2081 2992 Tm-

211 3011 306 3037 bmm
321 3012 473 3037 cti-mmm
489 3012 658 3038 inveniuntur
673 3013 754 3038 etiam
768 3013 882 3038 innon-tae
897 3012 1017 3045 epi-toti·
1033 3012 1140 3037 ttonorit
1158 3013 1199 3037 lV.
1215 3013 1254 3038 Cf.
1272 3013 1384 3045 Empoli,
1401 3013 1418 3037 l.
1431 3021 1464 3042 c..
1480 3022 1507 3045 p.
1518 3014 1572 3043 154,
1588 3014 1640 3038 1⁵9.
1658 3014 1734 3043 Pron,
1750 3014 1797 3038 Les
1807 3012 1949 3044 nequem
1963 3013 2082 3038 d'IIcmo-
