2580 3528
261 409 361 456 1256]
602 420 650 442 AB
683 420 789 442 Auno
822 419 900 442 uec
934 419 1067 448 usqua
1102 420 1150 441 AD
1185 419 1413 441 rumpam«
1449 420 1489 442 iv
1523 420 1612 442 nso.
1649 421 1786 443 smne.
2066 407 2132 444 339

258 493 400 528 scilicet
418 492 582 540 providis
601 493 691 527 viris
710 492 874 527 ,Iohanne
894 491 1211 538 archipresbytero
1232 492 1388 526 ecclesie
1415 499 1538 526 sancte
1560 493 1672 526 Marie
1694 493 1738 526 de
1759 493 1888 527 Castro
1909 494 2131 536 Ccrveteris,

258 559 454 594 Thomasio
488 559 533 593 de
568 559 796 605 Rivofrigido
825 559 1001 593 canonico
1031 558 1230 601 Casleten.,
1257 558 1422 593 Johanne
1451 558 1666 604 presbytero
1695 560 1870 592 canonico
1901 560 2060 605 Capuan.
2098 568 2133 593 et

258 625 536 673 quampluribus
565 625 646 659 aliis
678 637 722 659 ex
751 632 851 671 parte
883 625 1104 659 sanctissimi
1136 625 1248 671 patris
1274 625 1412 658 domini
1438 625 1635 658 Alexandri
1662 637 1751 671 pape
1776 625 1827 670 iiij
1856 625 2018 671 providis
2043 626 2132 659 viris

258 692 434 739 magistro
455 691 575 726 Odoni
602 692 649 731 de
673 693 795 726 Duaeo
815 691 1022 737 theologice
1043 691 1223 725 facultatis
1244 692 1385 725 doctori
1411 698 1446 725 et
1466 691 1674 726 Christiano
1701 692 1876 725 canonico
1898 691 2131 726 Belvacensi¹

258 759 296 793 in
331 770 456 793 eorum
487 759 671 805 presentia
700 759 909 792 constitutis
938 759 1012 804 (qui
1043 759 1148 792 etiam
1179 758 1450 792 octavodecimo
1481 759 1540 792 die
1567 758 1706 792 mensis
1733 758 1897 804 ejusdem
1922 759 2134 803 juraverant

257 825 497 872 corporaliter
522 837 642 859 coram
671 825 809 859 eisdem
836 825 995 859 dominis
1022 825 1269 859 cardinalibus
1296 832 1333 859 et
1358 837 1415 859 me
1440 825 1604 871 predicto
1633 827 1673 858 B.
1701 825 1841 858 notario
1869 831 1964 858 stare
1990 826 2131 871 precise

258 891 437 926 mandatis
457 892 544 926 dicti
565 892 704 926 domini
725 904 816 938 pape
836 892 873 926 in
893 892 1026 926 virtute
1047 893 1190 938 prestiti
1205 892 1414 937 juramenti)
1434 892 1708 934 mandaverunt,
1723 892 1848 937 primo
1869 892 2010 925 scilicet
2034 893 2131 938 quod

258 958 369 993 salvis
388 958 470 993 aliis
489 959 682 998 mandatis,
710 971 781 1004 que
808 959 926 992 eidem
954 959 1102 992 domino
1130 971 1221 1005 pape
1246 959 1360 993 semel
1386 958 1445 992 vel
1471 958 1610 1004 pluries
1635 959 1726 1004 ipsis
1750 959 1936 1004 magistris
1962 959 2132 992 mandare

258 1025 448 1072 placuerit,
483 1032 518 1060 et
552 1025 666 1067 salvo,
702 1026 733 1059 si
767 1025 862 1059 circa
897 1026 1125 1071 infrascripta
1160 1026 1255 1059 idem
1290 1026 1461 1059 dominus
1495 1025 1599 1059 aliter
1632 1025 1830 1066 ordinaret,
1863 1025 1934 1070 ipsi
1968 1026 2132 1071 magistri

258 1098 431 1138 quantum
464 1092 502 1126 in
531 1092 586 1126 eis
612 1099 711 1126 esset
742 1104 786 1125 ex
815 1099 900 1126 tunc
927 1092 1134 1138 reciperent
1159 1099 1194 1126 et
1220 1091 1365 1138 publice
1394 1092 1554 1126 Parisius
1580 1092 1769 1137 recipiant,
1797 1103 1878 1125 cum
1906 1091 1957 1124 ibi
1984 1092 2131 1134 suerint,

258 1170 302 1192 ex
332 1165 417 1192 tunc
447 1158 639 1192 obedirent
669 1165 705 1192 et
731 1158 903 1192 obediant
928 1159 965 1192 in
992 1165 1179 1205 posterum
1208 1159 1429 1192 ordinationi
1456 1159 1583 1204 prefati
1609 1159 1747 1192 domini
1775 1170 1879 1204 pape,
1909 1170 1979 1204 que
2006 1158 2134 1204 incipit

259 1225 373 1270 Quasi
397 1225 536 1270 lignum
562 1225 646 1266 vite,
676 1231 756 1266 eta,
785 1232 820 1259 et
849 1225 947 1271 quod
977 1232 1102 1259 contra
1129 1237 1205 1259 eam
1237 1225 1396 1259 scienter
1425 1237 1499 1258 non
1528 1225 1675 1259 veniant
1701 1237 1767 1258 nec
1796 1225 2132 1258 contradicentibus

257 1291 478 1325 ordinationi
517 1292 680 1337 predicte
718 1291 756 1324 in
793 1292 1079 1325 contradicendo
1117 1291 1289 1325 auxilium
1328 1292 1387 1325 vel
1420 1291 1614 1325 consilium
1654 1298 1856 1337 prestarent
1891 1291 2037 1337 publice
2075 1292 2133 1325 vel

257 1357 407 1404 private.
437 1357 610 1399 Secundo,
642 1358 741 1404 quod
766 1358 897 1391 fratres
926 1358 1178 1392 Predicatores
1207 1365 1243 1391 et
1272 1359 1435 1391 Minores
1462 1358 1623 1391 Parisius
1651 1358 1842 1404 degentes,
1874 1358 2068 1404 magistros
2099 1365 2135 1392 et

256 1423 443 1459 auditores
476 1436 602 1458 eorum
638 1431 673 1458 et
707 1424 915 1470 specialiter
948 1437 988 1458 ac
1027 1425 1239 1458 nominatim
1274 1425 1404 1458 fratres
1441 1423 1614 1458 Thomam
1655 1424 1700 1458 de
1738 1424 1884 1470 Aquino
1915 1425 1960 1458 (10
1995 1425 2133 1458 Ordine

257 1491 529 1525 Predicatorum
557 1497 593 1525 01
622 1492 912 1525 Bonaventuram
938 1491 984 1524 de
1010 1491 1148 1525 Ordine
1175 1491 1358 1525 Minorum
1379 1491 1550 1524 doctores
1572 1490 1756 1536 theologie
1781 1503 1824 1523 ex
1849 1497 1934 1524 tunc
1960 1498 2131 1536 quantum

256 1557 294 1591 in
323 1557 378 1591 eis
407 1564 508 1591 esset
535 1557 572 1591 in
600 1558 810 1592 societatem
841 1558 1068 1592 scolasticam
1098 1565 1134 1591 et
1162 1558 1206 1591 ad
1234 1557 1515 1592 Uni'versitatem
1546 1557 1810 1591 Parisiensem'
1846 1557 2063 1603 reciperent,
2100 1564 2136 1591 et

256 1635 430 1670 expresse
460 1624 631 1658 doctores
661 1625 763 1671 ipsos
795 1625 1002 1671 reciperent
1030 1631 1070 1658 ut
1097 1625 1306 1670 magistros,
1338 1631 1374 1658 et
1402 1624 1501 1670 quod
1535 1636 1615 1658 cum
1646 1624 1808 1657 Pan-isius
1838 1624 1973 1658 suerint
2006 1624 2136 1658 faciant

257 1690 403 1738 publice
429 1690 521 1724 illud
546 1691 657 1734 idem,
682 1691 858 1737 ipsosque
880 1686 982 1737 juxta
1008 1684 1275 1726 ordinationem
1302 1691 1500 1737 predictam
1526 1690 1570 1725 ab
1595 1691 1839 1725 Universitate
1861 1702 1926 1724 seu
1948 1691 2134 1737 magistris

257 1764 294 1806 et
313 1757 518 1792 scolaribus
543 1758 705 1792 Parisius
732 1758 1043 1801 commorantibus
1069 1765 1267 1805 procurent
1287 1758 1400 1804 recipi
1422 1758 1516 1792 bona
1537 1757 1621 1800 fide,
1644 1764 1679 1791 et
1699 1764 1823 1791 contra
1850 1757 2010 1803 predicta
2032 1770 2135 1791 num-

257 1836 363 1871 quam
398 1831 563 1870 prestent
595 1824 789 1859 consilium
825 1825 883 1859 vel
917 1837 1122 1860 assensum.
1164 1826 1307 1867 Tercio,
1339 1825 1438 1871 quod
1472 1825 1632 1859 scienter
1659 1826 1877 1870 juramenta,
1913 1831 2043 1858 statuta
2077 1824 2134 1858 vel

257 1889 502 1938 obligationes
530 1903 604 1925 non
630 1892 763 1926 saciant
789 1904 854 1926 seu
880 1904 898 1926 a
923 1892 1111 1939 religiosis
1130 1892 1190 1927 vel
1214 1892 1295 1926 aliis
1321 1893 1467 1938 exigant
1490 1891 1548 1926 vel
1576 1898 1748 1938 quantum
1770 1891 1807 1924 in
1828 1891 1882 1924 eis
1903 1892 2012 1925 suerit
2038 1892 2134 1938 exigi

256 1957 478 2005 permittant,
513 1970 579 2004 per
612 1970 683 2004 que
716 1958 775 1993 vel
809 1971 902 2005 quos
936 1958 1156 2005 infringatur
1189 1959 1369 1993 ordinatio
1399 1959 1620 2005 supradicta,
1655 1970 1721 1992 seu
1756 1964 1880 1992 contra
1913 1970 1990 1991 eam
2026 1958 2134 1992 modo

257 2023 423 2070 quolibet
448 2025 627 2059 veniatur.
656 2026 811 2071 Quarto,
839 2025 938 2072 quod
966 2038 1040 2060 non
1065 2033 1264 2072 procurent
1287 2038 1354 2060 nec
1380 2032 1553 2072 quantuni
1580 2026 1616 2059 in
1643 2025 1698 2059 eis
1725 2031 1782 2059 est
1805 2025 1884 2058 fieri
1912 2025 2133 2071 permittant,

257 2090 356 2136 quod
390 2091 597 2125 Parisiense
631 2092 791 2126 studium
825 2092 964 2139 absque
999 2093 1145 2127 licentia
1179 2093 1318 2127 domini
1357 2105 1448 2139 pape
1480 2092 1672 2126 occasione
1707 2093 1921 2137 cujusquam
1962 2092 2134 2137 preterite

258 2156 476 2191 turbationis
501 2169 567 2191 seu
595 2158 676 2192 facti
702 2158 924 2193 dissolvatur
949 2172 1014 2194 seu
1035 2160 1107 2194 alio
1128 2160 1378 2194 transferatur.
1403 2160 1551 2205 Quinto,
1573 2159 1671 2204 quod
1693 2165 1761 2192 tam
1789 2159 1824 2191 in
1852 2159 2009 2192 Romana
2034 2159 2133 2191 curia

258 2234 363 2269 quam
398 2223 560 2258 Parisius
593 2223 689 2259 bona
722 2224 794 2259 fide
826 2238 866 2259 ac
901 2226 980 2260 sine
1015 2226 1142 2260 fraude
1177 2239 1250 2260 non
1284 2225 1476 2260 adiciendo
1509 2225 1647 2271 aliquid
1681 2225 1853 2266 scienter,
1887 2225 1984 2270 quod
2020 2225 2134 2270 sapiat

258 2289 397 2336 aliquid
430 2290 682 2337 principaliter
713 2291 772 2326 vel
805 2299 1089 2338 consequenter,
1124 2293 1191 2327 sed
1228 2293 1296 2327 ista
1331 2304 1401 2338 que
1436 2293 1490 2326 eis
1529 2292 1566 2325 in
1599 2291 1668 2325 hoc
1700 2291 1851 2325 articulo
1890 2291 2134 2336 injunguntur

258 2356 448 2402 predicent
481 2355 626 2403 publice
660 2363 696 2391 01
728 2358 764 2391 111
797 2358 940 2393 civitate
975 2359 1174 2394 Parisiensi
1204 2359 1343 2405 pluries
1379 2365 1416 2392 et
1454 2358 1491 2391 in
1525 2358 1682 2392 diversis
1712 2357 1816 2399 locis,
1853 2363 1889 2390 et
1921 2364 2134 2392 asseverent

258 2422 416 2456 fideliter
443 2423 479 2456 in
507 2423 600 2469 ipsis
627 2424 939 2470 predicationibus
966 2425 1209 2472 infrascripta,
1236 2425 1378 2459 scilicet
1399 2437 1406 2458 ε
1430 2425 1528 2470 quod
1555 2423 1754 2470 reprobent
1780 2423 1943 2457 libellum
1974 2424 2011 2457 in
2041 2424 2132 2470 ipsis

258 2488 582 2536 predicationibus,
619 2491 681 2536 qui
716 2502 833 2538 nuper
867 2492 934 2525 suit
967 2504 1032 2538 per
1061 2504 1242 2526 summum
1274 2491 1481 2538 pontificem
1512 2491 1813 2536 condempnatuS,
1849 2497 1884 2524 et
1916 2502 2062 2524 errores
2095 2492 2132 2525 in

258 2556 338 2602 ipso
372 2563 578 2599 contentos,
615 2558 677 2603 qui
712 2565 798 2592 sunt
831 2565 956 2593 contra
990 2556 1231 2605 infrascripta,
1268 2571 1338 2605 que
1373 2559 1410 2592 in
1439 2558 1530 2604 ipsis
1561 2556 1871 2603 predicationibus
1901 2564 2065 2591 asserant
2098 2565 2134 2592 et

257 2622 449 2664 affirment,
469 2623 641 2658 videlicet
661 2624 707 2658 de
727 2631 906 2671 potestate
929 2626 1079 2660 Romani
1101 2626 1297 2672 pontilicis,
1320 2625 1417 2671 quod
1440 2625 1556 2671 possit
1577 2624 1823 2670 predicatores
1844 2630 1880 2658 et
1898 2624 2132 2659 confessores

258 2688 401 2723 mittere
421 2688 558 2736 ubique
584 2702 650 2737 per
674 2691 847 2725 mundum
871 2693 974 2738 juxta
1000 2704 1065 2726 sue
1092 2692 1359 2738 beneplacitum
1384 2691 1581 2726 voluntatis
1606 2691 1686 2724 sine
1706 2702 1890 2724 consensu
1919 2691 2131 2725 inferiorum

257 2754 478 2802 prelatorum
514 2768 828 2805 quorumcumque
861 2771 926 2793 seu
964 2758 1243 2805 parrochialium
1278 2758 1530 2799 sacerdotum;
1565 2758 1649 2792 item
1680 2757 1778 2803 quod
1805 2756 2070 2803 archiepiscopi
2099 2765 2133 2792 et

257 2821 422 2869 episcopi
453 2823 489 2857 in
520 2823 599 2858 suis
629 2824 841 2859 diocesibus
871 2825 1051 2861 licentiam
1083 2826 1169 2860 dare
1200 2826 1342 2872 possint
1371 2824 1583 2872 predicandi
1613 2830 1649 2858 et
1676 2824 1931 2858 consessiones
1960 2824 2131 2858 audiendi

257 2887 337 2923 sine
363 2901 548 2924 consensu
577 2890 790 2926 inferiorum
819 2892 1048 2927 sacerdotum
1077 2892 1135 2927 vel
1163 2899 1344 2927 rectorum
1372 2891 1622 2934 ecclesiarum,
1651 2903 1733 2925 cum
1760 2890 1920 2924 viderint
1946 2891 2131 2936 expedire,

257 2954 429 3002 quodque
461 2956 710 3003 predicatores
743 2965 779 2992 01
805 2959 1040 2994 consessores
1071 2959 1123 2993 sic
1151 2959 1254 2993 missi
1285 2959 1428 3006 possint
1453 2957 1568 2992 libere
1595 2957 1782 3004 predicare
1808 2963 1842 2990 ct
1867 2956 1963 2990 licite
1989 2957 2132 2990 conses-
