2580 3528
263 391 360 432 1271]
603 399 651 422 AB
683 399 790 422 Auno
822 398 900 421 uec
934 398 1066 427 usqua
1100 398 1150 420 An
1184 398 1414 421 pmmrpuu
1449 399 1490 421 iv
1524 400 1612 422 nse.
1649 401 1786 423 ΝΛΜ.
2067 393 2131 427 497

259 474 340 509 aliis
366 472 659 520 quampluribus,
687 479 726 506 ut
750 472 953 518 percipere,
978 478 1079 518 pater
1103 478 1239 514 sancte,
1268 472 1452 518 potuistis,
1474 485 1545 518 que
1572 473 1610 506 in
1629 473 1724 507 libro
1753 486 1861 519 quem
1891 475 1934 508 ad
1964 488 2030 509 vos
2051 477 2133 510 misi

260 540 406 587 plenius
426 539 671 573 continentur.
693 539 796 583 Quos
816 550 962 582 errores
983 538 1128 584 quidam
1155 539 1339 572 nominate
1363 539 1515 572 scientie
1541 539 1577 572 in
1606 540 1796 573 manifesto
1817 541 1911 573 tueri
1932 542 2096 575 nituntur
2108 542 2133 583 ⁴,

259 619 341 640 cum
362 613 482 640 tamen
501 618 622 640 coram
644 605 830 647 omnibus,
851 606 913 651 qui
933 605 1064 639 adesse
1088 605 1296 647 voluerunt,
1323 612 1495 651 quantum
1523 606 1568 639 ad
1588 607 1847 651 possessiones
1868 607 2134 642 ecclesiasticas

258 685 278 707 a
305 673 481 719 magistro
506 673 551 707 G.
580 672 626 706 de
653 671 894 706 Abbatisvilla
918 672 956 706 in
983 671 1094 706 scolis
1120 671 1266 717 publice
1290 672 1510 706 contrarium
1536 672 1642 718 plane
1670 679 1705 706 et
1729 673 1889 706 dilucide
1915 685 1980 719 per
2007 686 2134 708 omnes

259 746 468 774 sanctorum
489 739 690 785 scripturas
710 739 820 772 suerit
839 739 1153 780 determinatum⁵,
1176 750 1283 784 quem
1304 745 1343 772 ut
1361 751 1380 772 a
1399 738 1568 784 pluribus
1583 739 1745 773 creditur
1766 740 1911 785 quidam
1933 740 1969 773 in
1991 741 2134 774 occulto

259 812 408 852 propter
427 805 496 840 hoc
518 805 614 852 apud
635 812 803 851 potentes
828 812 864 839 et
890 805 1021 839 divites
1047 812 1300 851 persecuntur.
1326 805 1433 849 Quod
1458 812 1576 839 autem
1603 818 1714 852 super
1737 806 1802 840 hac
1823 807 1971 840 materia
1992 819 2035 840 ex
2055 809 2135 852 ejus

259 872 563 907 determinatione
587 871 737 919 collegi,
763 878 799 906 et
822 884 840 906 a
864 871 971 906 dictis
996 878 1202 910 sanctorum
1231 872 1421 905 doctorum
1448 872 1624 918 colligere
1653 873 1767 918 potui,
1788 880 1909 907 vestre
1930 874 2136 919 paternitati

260 939 464 974 transmitto
477 940 502 982 ⁸,
524 946 562 973 ut
587 939 649 985 qui
671 939 801 972 eximia
828 938 1080 985 temporalium
1109 938 1203 972 dona
1229 938 1335 972 vobis
1361 938 1408 972 ob
1437 946 1682 985 paupertatem
1712 940 1855 973 mittere
1885 952 1958 973 non
1985 952 2134 986 possum

261 1006 360 1040 istud
386 1005 643 1040 munusculum
670 1005 714 1039 de
740 1011 950 1051 paupertate
975 1017 1015 1038 ac
1041 1017 1120 1039 mee
1145 1005 1297 1039 scientie
1324 1005 1497 1051 parvitate
1524 1005 1686 1039 habeatis
1710 1013 1910 1052 acceptum,
1940 1014 2136 1052 pensantes

261 1072 360 1118 quod
385 1072 564 1106 Dominus
590 1072 712 1118 potius
738 1078 900 1117 acceptat
926 1078 1083 1105 mentem
1111 1071 1385 1105 misericordem
1413 1078 1449 1105 et
1470 1072 1508 1104 in
1532 1072 1756 1106 conferendo
1783 1073 1893 1106 animi
1919 1072 2136 1119 largitatem,

261 1151 366 1185 quam
388 1139 461 1173 dati
482 1139 729 1184 quantitatem.
750 1138 936 1172 Audacius
956 1138 1062 1172 etiam
1083 1138 1151 1172 hoc
1170 1138 1276 1180 facio,
1303 1138 1386 1184 quia
1407 1151 1424 1171 a
1450 1139 1606 1172 terrenis
1632 1138 1933 1185 occupationibus
1955 1151 2050 1173 nunc
2071 1152 2137 1174 vos

261 1206 475 1252 impeditum
505 1217 579 1239 non
606 1205 731 1246 credO,
763 1211 798 1239 et
826 1205 888 1250 qui
915 1205 1117 1238 minoratur
1143 1205 1262 1246 actu',
1290 1211 1388 1238 recte
1417 1205 1461 1238 de
1489 1205 1665 1251 sapientia
1687 1205 1880 1251 judicabit,
1908 1206 2137 1252 distinguere

261 1272 382 1306 sciens
403 1272 499 1305 inter
517 1283 645 1306 verum
667 1278 703 1305 et
721 1271 866 1313 salsum,
889 1278 926 1304 et
944 1284 963 1304 a
983 1278 1108 1305 sancto
1130 1283 1327 1317 segregare
1356 1271 1595 1317 prophanum.
1624 1273 1726 1318 Rogo
1752 1272 1864 1318 igitur
1883 1279 1958 1306 toto
1979 1273 2137 1307 caritatis

259 1339 389 1372 affectu
419 1345 455 1372 et
484 1337 640 1372 obsecro
671 1337 709 1371 in
738 1337 895 1371 Domino
924 1337 1036 1371 Jhesu
1065 1337 1226 1380 Christo,
1255 1345 1293 1371 ut
1320 1337 1452 1371 librum
1481 1338 1613 1383 si-wque
1643 1339 1762 1372 minus
1790 1346 1886 1372 recte
1917 1339 2010 1387 dicta
2039 1347 2136 1381 sunt,

259 1405 466 1451 corrigatis,
494 1416 561 1438 nec
587 1416 667 1438 mee
692 1404 829 1438 malitie
855 1404 920 1438 sed
948 1404 1070 1450 potius
1098 1403 1296 1438 infirmitati
1322 1411 1358 1437 et
1382 1404 1593 1450 ignorancie
1620 1405 1815 1450 deputetis.
1843 1406 1879 1439 Si
1907 1405 2025 1451 aliqua
2050 1418 2138 1440 vero

259 1472 371 1518 digna
390 1471 498 1506 laude
519 1471 750 1506 inveniantur
770 1470 921 1513 ibidem,
943 1483 1017 1504 non
1038 1470 1126 1504 mihi
1151 1471 1217 1505 sed
1242 1471 1378 1505 sanctis
1404 1471 1567 1517 patribus
1592 1471 1702 1505 immo
1729 1472 1850 1517 potius
1875 1473 1920 1514 ei,
1947 1485 1965 1505 a
1992 1485 2064 1518 quo
2084 1479 2140 1506 est

260 1538 381 1573 omnis
409 1538 559 1579 veritas,
589 1537 783 1572 tribuatur.
813 1539 916 1584 Rogo
946 1538 1110 1584 insuper,
1141 1545 1256 1584 pater,
1286 1550 1352 1584 pro
1381 1537 1487 1572 vobis
1517 1545 1553 1572 et
1581 1537 1736 1572 obsecro
1765 1539 1959 1572 Dominum
1989 1539 2137 1573 Jhesum

261 1604 462 1647 Christum,
484 1611 659 1651 quantum
681 1616 759 1638 mea
779 1604 970 1639 infirmitas
991 1605 1092 1647 sinit,
1114 1617 1159 1638 ne
1179 1605 1217 1638 in
1242 1605 1375 1638 vestris
1401 1604 1699 1638 tribulationibus
1720 1605 1911 1647 deficiatis,
1939 1618 2029 1651 quas
2051 1606 2140 1652 pati-

261 1672 351 1706 mini
371 1683 438 1718 pro
465 1672 631 1714 veritate,
657 1671 755 1705 istud
782 1671 1006 1714 existimans,
1033 1671 1117 1718 quia
1142 1672 1173 1706 si
1201 1671 1382 1718 particeps
1407 1672 1510 1705 suero
1537 1671 1795 1714 tribulationis,
1823 1684 1886 1705 ero
1914 1679 1950 1706 et
1973 1673 2140 1706 consola-

263 1738 387 1781 tionis,
414 1745 450 1772 et
475 1739 506 1772 si
533 1739 746 1785 compatior,
774 1738 1021 1785 conregnabo.
1050 1740 1093 1772 Et
1117 1739 1149 1772 si
1174 1739 1270 1772 enim
1293 1740 1417 1784 justus
1442 1739 1550 1784 perit,
1571 1745 1627 1772 est
1652 1739 1733 1782 (etsi
1758 1739 1802 1772 ad
1828 1739 1896 1772 hoc
1916 1740 2045 1785 juvare
2066 1752 2140 1773 non

262 1806 394 1851 potest)
410 1805 473 1851 qui
489 1805 668 1851 recogitat
682 1805 720 1839 in
737 1805 848 1839 corde
865 1817 952 1847 suo;
970 1805 1056 1839 licet
1071 1805 1167 1839 enim
1184 1804 1318 1839 absens
1335 1805 1402 1839 sim
1419 1817 1586 1851 corpore,
1605 1805 1671 1839 sed
1688 1812 1806 1839 tamen
1823 1806 1860 1839 in
1876 1806 2038 1852 presenti
2059 1818 2139 1840 sum

261 1871 420 1906 caritate.
439 1872 547 1915 Quod
564 1872 596 1906 si
611 1873 649 1906 in
665 1871 733 1906 hoc
750 1872 886 1906 mundo
903 1878 1039 1906 tantum
1057 1884 1259 1918 speramus,
1283 1871 1568 1906 miserabiliores
1585 1884 1711 1906 sumus
1728 1872 1899 1906 omnibus
1915 1872 2138 1907 hominibus.

263 1937 319 1972 lbi
339 1938 453 1985 igitur
473 1939 582 1973 bonis
605 1938 781 1985 operibus
802 1939 938 1973 sanctis
958 1938 1257 1973 meditationibus
1278 1950 1296 1972 a
1315 1939 1442 1972 mundi
1463 1938 1601 1972 exclusi
1627 1939 1823 1985 cupiditate
1844 1939 2050 1982 tendamus,
2078 1939 2140 1973 ubi

263 2004 343 2039 sine
363 2004 436 2039 fine
463 2012 500 2039 et
529 2017 683 2052 corpore
708 2005 985 2052 nobismetipsis
1010 2012 1202 2052 presentes
1227 2006 1377 2047 erimus,
1404 2005 1488 2051 quia
1513 2005 1544 2040 si
1569 2005 1676 2040 talem
1701 2005 1890 2052 diligimus
1915 2005 2011 2040 hunc
2037 2018 2141 2040 mun-

264 2071 364 2114 dum,
394 2083 468 2106 non
497 2073 573 2118 jam
603 2072 734 2119 gaudia
771 2072 961 2119 diligimus
990 2073 1055 2107 sed
1086 2072 1242 2119 flagella.
1274 2073 1503 2106 Presenciam
1534 2073 1640 2106 etiam
1671 2085 1768 2106 nunc
1801 2073 1967 2119 corporis
2001 2073 2140 2115 videre,

264 2143 366 2183 pater
394 2137 601 2182 karissime,
634 2139 818 2174 desidero.
851 2139 922 2174 Sed
950 2147 1068 2174 tamen
1098 2139 1164 2173 hae
1192 2139 1327 2186 dignus
1354 2139 1471 2173 adhuc
1499 2151 1572 2173 non
1600 2139 1663 2181 sui,
1693 2151 1759 2173 nec
1788 2140 1893 2173 etiam
1924 2147 1963 2173 ut
1988 2153 2006 2173 a
2036 2139 2140 2173 vobis

264 2203 434 2238 solatium
455 2203 630 2239 haberem
651 2205 805 2251 alicujus
826 2207 1008 2253 responsi.
1032 2207 1107 2240 Hoc
1127 2213 1247 2240 tamen
1272 2218 1345 2240 non
1372 2206 1507 2252 deputo
1533 2205 1705 2252 superbie
1733 2213 1793 2239 aut
1813 2205 1947 2239 malitie
1968 2206 2026 2239 vel
2047 2206 2141 2239 indi-

264 2270 443 2317 gnationi,
466 2271 532 2305 sed
554 2271 676 2318 potius
697 2272 868 2318 prudenti
889 2273 1041 2315 cautele,
1069 2273 1152 2319 quia
1177 2273 1289 2307 multe
1315 2273 1448 2306 insidie
1475 2279 1559 2306 sunt
1580 2272 1719 2313 dolosi3
1747 2279 1895 2318 propter
1915 2272 2013 2318 quod
2034 2273 2140 2306 etiam

264 2337 401 2371 cavetis
425 2336 470 2371 ab
495 2338 625 2380 amico,
652 2350 699 2372 ne
725 2338 956 2373 occasionem
981 2338 1164 2385 prebeatis
1189 2339 1349 2373 inimico.
1380 2339 1450 2373 Sed
1472 2345 1590 2372 tamen
1611 2338 1756 2384 quando
1782 2338 1959 2384 placuerit
1978 2345 2014 2372 et
2033 2351 2142 2385 expe-

266 2403 344 2438 dire
374 2410 494 2438 vestra
524 2405 699 2439 sanctitas
727 2405 960 2451 judicaverit,
996 2405 1041 2439 de
1074 2412 1197 2440 vestro
1232 2412 1325 2440 statu
1361 2411 1397 2439 et
1425 2405 1580 2451 qualiter
1609 2404 1707 2451 quod
1737 2405 1838 2439 mitto
1868 2412 1903 2439 et
1938 2405 2019 2439 misi
2053 2406 2142 2440 alias

267 2470 463 2517 acceptatis
493 2470 581 2504 mihi
614 2483 762 2518 quoquo
787 2472 896 2506 modo
920 2471 1067 2518 aliquod
1093 2472 1261 2506 solatium
1287 2471 1482 2518 prebeatis.
1505 2471 1676 2506 Orantem
1698 2471 1870 2505 continue
1892 2484 1957 2518 pro
1979 2484 2036 2506 me
2060 2485 2143 2507 ves-

268 2543 357 2571 tram
384 2537 612 2572 sanctitatem
638 2538 818 2573 Dominus
843 2538 977 2573 Jhesus
1004 2538 1174 2574 Christus
1199 2538 1380 2573 custodiat
1405 2545 1440 2572 et
1464 2545 1670 2581 conservet,
1700 2545 1807 2585 atque
1831 2537 1876 2572 ab
1903 2539 2001 2572 omni
2028 2539 2142 2574 tribu-

269 2603 406 2638 latione
426 2603 572 2647 liberet,
594 2617 679 2639 vere
701 2605 902 2640 reverende
923 2612 1029 2652 atque
1050 2605 1276 2640 honorabilis
1297 2612 1408 2652 pater.
1431 2605 1559 2639 Amen.

362 2708 430 2734 Bibl.
447 2710 568 2735 Univers.
586 2710 670 2735 Parin.
686 2719 736 2736 ms.
750 2714 769 2736 t.
786 2712 819 2741 11,
834 2713 892 2742 40¹,
908 2712 952 2737 rol.
969 2711 1101 2737 322b-328.

362 2811 386 2836 1.
408 2811 437 2836 ln
457 2812 629 2845 nub-equenti
648 2813 770 2846 epi-mola,
791 2822 858 2847 quae
876 2818 917 2838 ent
934 2823 1092 2848 responsum
1107 2815 1140 2839 nd
1161 2814 1208 2839 han
1226 2815 1337 2843 litteras,
1353 2814 1468 2847 scriptor
1482 2814 1638 2847 designatur
1656 2822 1704 2847 pei·
1718 2814 1759 2844 N„
1775 2814 1798 2838 i·
1813 2822 1874 2839 vero
1889 2815 1923 2839 ad
1938 2823 2015 2847 quem
2030 2815 2144 2839 directae

268 2857 352 2883 erunt.
368 2863 417 2888 por
431 2855 463 2880 G.
479 2856 532 2881 Inte
546 2857 577 2882 N.
592 2860 633 2882 eut
647 2857 775 2890 magister
790 2858 914 2883 Nlcolan·
933 2859 1115 2884 the-aurarius
1135 2858 1312 2887 Lexoviennia,
1337 2858 1381 2891 qul
1407 2858 1491 2883 eidem
1515 2857 1644 2891 mugi-tro
1663 2858 1694 2883 G.
1715 2858 1882 2890 opunculum,
1907 2858 2034 2882 directum
2054 2862 2145 2882 contra

268 2897 373 2931 aliqua·
393 2900 560 2932 quae-ueno-
580 2909 612 2926 οι
632 2901 740 2935 script-i·
761 2902 890 2927 lobanni-
908 2903 1040 2928 Poekbam
1059 2903 1226 2934 (Truentus
1243 2903 1380 2935 pauperis
1399 2906 1502 2929 contra
1517 2902 1712 2934 imffpiffl‘ssm?
1728 2904 1763 2927 οἳ·
1785 2911 1867 2935 *uim*
1887 2903 1919 2927 “d
1938 2907 1987 2926 ¹¹⁸²*
2002 2904 2056 2933 357)
2072 2907 2097 2927 ⁰⁸
2117 2904 2144 2927 S·

268 2941 384 2968 Thon-o
404 2945 524 2974 (Contra
535 2947 712 2972 retrahentes
730 2954 749 2972 a
767 2947 917 2980 relim'om's
938 2948 1079 2981 (nm-essu,
1099 2957 1191 2982 opu-c.
1209 2949 1247 2979 19)
1269 2948 1423 2980 desumpta·
1443 2947 1583 2972 dedicavit.
1599 2947 1640 2972 Cf.
1662 2955 1724 2971 mun.
1746 2947 1773 2971 in
1793 2947 1860 2971 Bibl.
1881 2953 1932 2971 nni.
1954 2948 2037 2971 ruris.
2061 2948 2144 2977 15986,

397 2989 495 3015 Chare.
516 2989 597 3016 Unio.
614 2990 712 3018 Paris.
728 2990 750 3017 1.
1990 2993 2021 3015 63
