2580 3528
235 408 333 450 1274]
571 418 619 440 AB
652 417 760 440 anno
793 417 870 440 mcc
904 417 1036 446 usqua
1071 417 1120 439 AD
1155 417 1384 439 PfflerPux
1419 418 1459 439 1v
1494 418 1582 440 nec..
1619 419 1756 441 snm-c.
2044 410 2109 443 505

234 492 375 535 damus,
403 491 467 525 ubi
496 490 694 526 translatus
730 491 859 532 suerat,
891 491 1149 537 complevisse,
1177 490 1284 524 nobis
1314 490 1559 525 benivolentia
1591 499 1710 525 vestra
1744 492 1815 525 cito
1849 494 2108 526 communicari

234 565 418 605 procuret,
441 565 478 592 et
496 558 705 604 specialiter
725 569 837 604 super
857 557 990 592 librum
1011 558 1196 604 Simplicii
1206 558 1230 599 ⁰,
1254 570 1366 604 super
1386 557 1518 591 librum
1545 557 1588 592 de
1610 558 1682 592 celo
1706 564 1740 592 et
1760 558 1930 597 mundo⁷;
1954 567 1989 593 et
2008 571 2108 604 expo.

233 625 399 660 sitionem
425 625 553 671 Tymei
563 625 575 642 ⁶
597 624 771 667 Platonis,
797 637 837 658 ac
864 624 998 658 librum
1026 624 1070 659 de
1092 636 1266 671 aquarum
1292 624 1544 659 conductibus⁸
1571 631 1607 658 et
1641 626 1796 671 ingeniis
1818 625 2043 671 erigendis⁸;
2064 626 2109 659 de

234 691 369 738 quibus
387 691 496 725 nobis
517 691 704 726 mittendis
720 691 871 738 speciali
891 691 1136 737 promissione
1156 692 1292 725 fecerat
1310 692 1546 726 mentionem.
1565 692 1601 726 Si
1618 704 1686 737 qua
1707 692 1895 726 similiter⁸
1911 693 1955 726 ad
1971 693 2108 738 loycam

235 758 454 805 pertinentia
484 759 702 805 composuit,
731 759 826 792 sicut
857 758 1003 804 quando
1034 759 1190 792 recessit
1215 771 1234 792 a
1263 758 1371 792 nobis
1398 758 1584 792 humiliter
1608 759 1803 805 petivimus
1829 759 1874 793 ab
1901 759 2042 801 eodem,
2069 771 2111 792 ea

234 831 355 860 vestra
379 825 589 872 benignitas
614 832 742 859 nostro
769 826 1038 859 communicare
1068 825 1226 872 collegio
1247 825 1431 872 dignetur.
1454 827 1498 859 Et
1518 826 1613 859 sicut
1632 825 1763 860 melius
1787 833 1908 860 vestra
1935 826 2109 860 discretio

235 893 348 934 novit,
366 893 404 926 in
423 892 492 926 hoc
512 904 667 938 nequam
689 892 814 926 seculo
835 892 1009 938 periculis
1029 892 1154 926 multis
1174 904 1302 926 sumus
1322 893 1491 938 expositi,
1513 893 1755 926 fraternaliter
1774 893 1945 939 precibus
1967 893 2109 927 devotis

236 959 482 1006 exposcimus,
508 965 548 993 ut
573 959 611 992 in
633 958 701 993 hoc
727 966 851 993 vestro
871 959 1030 1006 capitulo
1055 959 1204 1005 speciali
1229 959 1358 993 affectu
1384 971 1452 993 nos
1477 960 1679 993 orationum
1706 966 1907 994 vestrarum
1934 961 2110 1006 suffragio

236 1026 474 1072 supportetis.
508 1027 607 1060 Hanc
641 1032 759 1060 autem
791 1025 945 1060 litteram
981 1025 1115 1072 sigillis
1157 1026 1308 1060 rectoris
1343 1033 1379 1060 et
1414 1033 1688 1072 procuratorum
1721 1027 1906 1060 voluimus
1941 1028 2108 1073 sigillari.

237 1094 366 1127 Datum
384 1093 546 1127 Parisius
566 1105 662 1127 anno
682 1093 829 1127 Domini
845 1093 1159 1135 MCC⁰LXX⁰IV',
1177 1093 1236 1127 die
1257 1093 1428 1127 mercurii
1449 1100 1531 1127 ante
1552 1094 1804 1127 Inventionem
1827 1101 1950 1128 sancte
1966 1095 2108 1129 Crucis.

327 1178 376 1202 Hs.
394 1178 468 1202 Rom.
485 1178 571 1210 Capp.
585 1178 704 1210 general.
719 1178 782 1203 otd.
796 1178 891 1202 Praed.
907 1180 984 1208 (saec.
1002 1178 1080 1210 xm),
1097 1179 1143 1202 l'ol.
1157 1179 1196 1202 60.
1210 1192 1238 1196 —
1249 1178 1319 1202 Bibl.
1334 1181 1387 1202 nat.
1404 1178 1500 1208 Paris.,
1515 1187 1579 1202 mss.
1594 1179 1640 1202 lat.
1658 1179 1734 1203 14707
1753 1179 1909 1210 (Ludovicus
1923 1180 2110 1212 anleotanus),

235 1223 280 1247 [οἱ.
300 1222 379 1251 18⁸⁸:
399 1222 477 1246 11414
492 1223 572 1253 (saec.
592 1223 654 1252 XV),
671 1223 716 1246 sol.
737 1223 776 1246 25.
797 1222 837 1246 Ibi
856 1222 990 1246 invenitur
1004 1222 1111 1246 rubrica
1127 1231 1132 1246 t
1150 1231 1162 1246 <t
1181 1223 1288 1251 Littera,
1304 1231 1383 1255 quam
1402 1223 1476 1247 misit
1492 1223 1657 1247 Universitas
1677 1223 1834 1247 Parisiensis
1852 1224 1974 1256 Capitulo
1993 1225 2112 1257 generali

237 1268 349 1292 fratrum
363 1267 562 1292 Predicatorum
577 1267 609 1290 de
623 1267 698 1291 obitu
712 1266 783 1291 beati
798 1267 898 1291 Thome
911 1267 943 1290 de
957 1267 1068 1299 Aquino,
1084 1267 1129 1291 ubi
1145 1267 1211 1299 petit
1225 1275 1321 1299 corpus
1337 1276 1414 1291 suum
1429 1271 1455 1291 et
1469 1268 1572 1300 aliquos
1587 1268 1670 1291 libros
1685 1268 1802 1300 ejusdem
1817 1269 1932 1292 doctoris
1948 1277 1969 1293 ι).
1987 1269 2110 1300 Bulaeus,

234 1312 280 1341 111,
295 1313 352 1337 408.

329 1383 351 1407 1.
369 1382 443 1408 Obiit
461 1391 503 1407 an.
521 1383 591 1411 1274,
607 1382 695 1406 Martii
708 1383 731 1411 7,
748 1382 774 1406 in
789 1385 919 1406 conventu
933 1382 1044 1406 Cisterc.
1060 1382 1142 1406 Fossa
1157 1383 1237 1410 Nova,
1256 1390 1369 1414 pergens
1385 1383 1418 1406 ad
1433 1383 1580 1406 Concilium
1598 1383 1781 1414 Lugdunense.
1796 1398 1827 1402 -
1842 1385 1864 1408 2.
1881 1385 1953 1408 Anno
1969 1386 2029 1409 1272
2044 1386 2112 1409 cele-

235 1427 396 1452 brato-Vide
409 1427 520 1460 iusuper
537 1426 607 1451 infra
621 1435 648 1452 n.
663 1429 686 1451 5.
701 1441 733 1445 -
743 1427 766 1451 3.
781 1427 892 1450 Valleot.
910 1435 916 1450 2
934 1435 946 1450 κ
962 1427 1080 1451 doctrine
1096 1427 1253 1450 documenta
1268 1430 1294 1451 et
1309 1427 1497 1451 inestimabilia
1514 1428 1627 1451 fomenta
1639 1436 1660 1451 ».
1676 1441 1707 1446 —
1721 1429 1744 1452 4.
1758 1429 1867 1452 Valleot.
1886 1437 1891 1452 z
1909 1438 1921 1452 (ι
1937 1429 2073 1454 inhumata
2089 1438 2110 1454 u.

233 1485 265 1491 —
274 1474 298 1497 ⁵.
309 1472 355 1496 Bis
370 1472 487 1496 Thomas
499 1479 516 1496 ι
530 1471 640 1496 Parisiis
656 1471 766 1495 recessit
780 1474 806 1495 et
820 1471 846 1495 in
862 1471 966 1495 Italiam
980 1479 1102 1495 reversus
1118 1475 1166 1495 est.
1178 1471 1266 1495 Primo
1276 1480 1319 1495 an.
1331 1472 1473 1497 1260-1261.
1486 1473 1532 1495 An.
1549 1472 1610 1496 1265
1624 1473 1770 1504 capitulum
1784 1473 1947 1504 provinciale
1962 1474 2113 1506 provinciae

236 1517 369 1542 &manae
391 1517 526 1549 Anagniae
550 1516 712 1540 celebratum
731 1516 784 1548 ipsi
808 1515 930 1548 injunxit,
947 1524 959 1540 (ι
975 1516 1045 1548 quod
1065 1519 1152 1540 teneat
1178 1516 1295 1540 studium
1315 1517 1395 1540 Rome
1416 1525 1438 1545 »‚
1459 1516 1610 1548 adduntque
1630 1517 1780 1540 definitores
1797 1525 1803 1540 :
1826 1526 1838 1540 «ι
1857 1521 1883 1541 et
1902 1519 2024 1542 volumus
2043 1508 2113 1551 quod

235 1561 362 1586 fatribus
387 1561 433 1594 qm'
458 1564 530 1585 stant
553 1569 642 1585 secum
665 1561 699 1585 ad
723 1561 883 1585 studendum
901 1560 1074 1593 provideatur
1091 1561 1119 1584 in
1138 1561 1295 1585 necessariis
1315 1561 1479 1585 vestimentis
1506 1569 1522 1585 a
1541 1561 1723 1590 conventibus,
1748 1562 1780 1585 de
1802 1570 1914 1594 quorum
1935 1563 2114 1595 predicatione

236 1609 374 1631 nexerunt
391 1605 541 1638 originum
562 1605 585 1630 si
606 1608 694 1630 autem
715 1605 755 1629 illi
773 1605 909 1629 studentes
924 1605 1023 1629 inventi
1039 1605 1136 1629 suerint
1151 1605 1314 1638 negligentes
1330 1605 1356 1629 in
1371 1606 1468 1634 studio,
1484 1606 1578 1629 damus
1600 1609 1757 1638 potestatem
1779 1607 1855 1630 fratri
1875 1607 1973 1631 Thomc
1993 1608 2062 1639 quod
2080 1609 2114 1631 ad

235 1654 380 1675 conventu·
395 1659 458 1675 suos
473 1650 560 1683 possit
574 1658 618 1674 eos
633 1650 765 1674 remittere
781 1658 803 1674 υ.
819 1650 867 1674 Hs.
886 1650 960 1674 Rom.
977 1649 1060 1682 Capp.
1077 1650 1205 1682 general„
1226 1650 1270 1675 rol.
1287 1650 1340 1674 139.
1358 1651 1404 1674 An.
1422 1651 1483 1674 1269
1502 1650 1598 1674 iterum
1613 1650 1729 1675 Parisios
1744 1651 1824 1680 venit,
1841 1655 1866 1675 et
1881 1653 1995 1676 secundo
2010 1653 2114 1676 duobus

235 1695 313 1720 annis
343 1694 459 1728 peractis
491 1694 598 1719 Italiam
623 1694 708 1727 petiit.
734 1695 807 1719 Anno
840 1695 902 1718 1272
923 1694 1072 1726 capitulum
1094 1694 1258 1726 provinciale
1288 1695 1420 1719 Romanae
1450 1695 1603 1727 provinciae
1627 1695 1774 1719 Florentino
1799 1696 1960 1720 celebratum
1989 1697 2082 1720 statuit
2106 1705 2112 1721 :

238 1748 250 1764 s
266 1739 389 1764 Studium
404 1739 528 1771 generale
542 1739 676 1772 theologie
690 1742 819 1772 quantum
834 1739 867 1763 ad
882 1739 969 1763 locum
986 1742 1012 1763 et
1025 1747 1153 1771 personas
1171 1742 1197 1764 et
1210 1747 1348 1763 numerum
1364 1739 1526 1763 studentium
1541 1740 1730 1763 committimus
1744 1741 1863 1772 plenarie
1878 1741 1953 1765 fratri
1969 1741 2068 1765 'rhome
2082 1742 2115 1766 de

238 1784 340 1817 Aquino
355 1792 376 1808 ι.
394 1784 442 1808 Μι.
459 1784 544 1813 Rom„
565 1784 610 1808 tol.
627 1783 699 1808 11125.
714 1783 844 1808 'rhomam
859 1783 997 1816 Neapolim
1012 1787 1041 1807 ut
1055 1784 1142 1807 locum
1157 1783 1238 1808 studii
1253 1784 1366 1816 elegisse
1380 1784 1463 1816 liquet
1481 1793 1512 1808 ex
1526 1785 1573 1808 Del
1587 1784 1706 1813 Giudice,
1724 1786 1820 1810 Codice
1837 1785 1950 1817 diplom.
1969 1786 2014 1810 del
2027 1793 2115 1817 reyno

235 1829 267 1854 di
282 1829 366 1854 Cario
378 1828 403 1859 l,
422 1828 442 1857 Ι,
459 1829 515 1853 257.
530 1841 562 1848 -
575 1829 600 1853 8.
617 1828 655 1853 Λᾶ
669 1837 717 1853 nos
736 1836 788 1852 non
811 1828 940 1860 pervenit,
960 1831 986 1852 et
1003 1829 1069 1852 forte
1084 1828 1153 1852 sicut
1166 1831 1192 1852 et
1206 1828 1252 1852 alii
1270 1832 1324 1852 tres
1346 1828 1415 1853 infra
1432 1829 1580 1853 nominatos
1595 1837 1647 1853 non
1662 1829 1777 1861 scripsit.
1794 1843 1825 1848 -—-
1839 1831 1861 1853 7.
1881 1830 1908 1854 S.
1927 1830 2042 1854 Thomas
2062 1838 2115 1854 non

236 1872 379 1905 complevit
401 1873 633 1902 commentarium.
648 1881 732 1906 neque
746 1873 852 1905 longius
868 1881 948 1905 quam
969 1873 1003 1896 ad
1024 1873 1083 1897 lect.
1107 1874 1121 1896 8
1143 1873 1207 1897 libri
1226 1873 1262 1897 m
1281 1873 1413 1905 perduxit.
1429 1887 1458 1891 —
1474 1874 1496 1897 8.
1514 1873 1561 1897 Ms.
1583 1874 1657 1898 Rom.
1674 1881 1680 1897 :
1703 1882 1715 1897 «
1735 1874 1891 1906 simpliciter
1911 1883 1933 1899 υ.
1949 1876 2013 1900 -9,
2028 1875 2112 1899 Paris.

237 1917 314 1942 11414
330 1925 337 1942 :
353 1926 366 1942 s
380 1917 542 1942 uccmtn
558 1926 582 1942 ι.

235 2034 350 2073 448.
372 2045 526 2072 Primasm
540 2048 653 2072 statuta
667 2044 769 2071 domun
785 2045 940 2072 Sor-bonae.

1439 2089 1503 2115 luto
1518 2097 1557 2115 aa.
1575 2089 1653 2119 1274,
1668 2089 1777 2122 laqueti
1789 2090 1828 2116 15.

326 2161 422 2196 Volo
449 2162 549 2208 quod
575 2162 804 2197 consuetudo
830 2175 901 2209 que
921 2162 966 2196 ab
985 2162 1096 2197 inicio
1116 2163 1153 2196 in
1178 2162 1244 2197 hac
1269 2163 1377 2197 domo
1403 2163 1448 2197 de
1472 2163 1651 2197 bonorum
1680 2164 1835 2197 consilio
1861 2164 2023 2197 instituta
2049 2164 2116 2198 suit

240 2228 390 2262 omnino
419 2234 599 2271 servetur,
634 2235 671 2263 et
703 2229 735 2263 si
765 2229 848 2275 quis
877 2241 995 2276 usque
1024 2242 1120 2263 nunc
1149 2237 1405 2276 transgressus
1438 2230 1560 2270 fuerit,
1595 2230 1764 2264 decetero
1800 2230 2006 2276 transgredi
2041 2242 2114 2264 non

207 2340 210 2345 ,
239 2301 436 2340 presumat.

329 2361 460 2395 Nullus
481 2361 595 2408 igitur
614 2362 781 2396 comedat
799 2374 928 2396 carnes
949 2362 1047 2396 intus
1067 2363 1105 2396 in
1125 2363 1294 2398 Adventu
1319 2363 1477 2405 Domini,
1504 2375 1570 2397 nec
1596 2364 1708 2397 eciam
1734 2364 1770 2396 in
1797 2363 1855 2397 die
1882 2363 1968 2397 lune
1990 2375 2056 2397 nec
2076 2364 2114 2397 in

240 2427 300 2462 die
320 2428 446 2462 martis
467 2428 710 2475 carnisprivii,
733 2440 800 2463 nec
820 2441 839 2462 a
860 2429 919 2463 die
938 2429 1179 2463 Ascensionis
1199 2441 1316 2475 usque
1337 2430 1380 2463 ad
1401 2429 1679 2464 Penthecosten.

330 2495 419 2529 Item
448 2494 534 2529 volo
561 2495 660 2541 quod
692 2501 842 2541 propter
868 2496 1151 2530 commestiones
1175 2497 1286 2530 saetas
1317 2496 1354 2530 in
1384 2497 1538 2530 cameris
1563 2497 1802 2530 communitas
1830 2509 1903 2530 non
1930 2504 2112 2544 gravetur.

241 2561 348 2606 Quod
370 2562 401 2595 si
422 2573 496 2595 non
518 2561 636 2608 possit
655 2561 734 2596 fieri
760 2562 951 2608 equalitas,
977 2562 1110 2597 melius
1134 2569 1190 2597 est
1214 2563 1312 2609 quod
1337 2569 1508 2609 gravetur
1532 2563 1656 2597 socius
1680 2563 1878 2598 comedens
1902 2564 1939 2598 in
1960 2577 2113 2607 camera,

241 2639 346 2675 quam
368 2634 440 2662 tota
461 2629 713 2663 communitas.

331 2696 420 2730 Item
450 2694 574 2730 nullus
594 2696 760 2730 comedat
779 2696 816 2730 in
837 2708 977 2731 camera
998 2696 1069 2730 nisi
1090 2709 1134 2730 ex
1157 2709 1276 2731 causa.
1306 2697 1342 2731 Si
1369 2696 1505 2743 hospes
1529 2696 1636 2731 alicui
1662 2698 1927 2744 supervenerit,
1950 2698 2117 2732 comedat

243 2761 280 2795 in
306 2761 399 2796 aula.
429 2761 466 2796 Si
493 2768 612 2796 autem
640 2762 694 2796 illi
722 2762 823 2797 socio
852 2775 925 2797 non
952 2763 1118 2797 videatur
1143 2763 1343 2810 expediens
1370 2763 1472 2798 ill‘um
1502 2763 1683 2810 hospitem
1710 2764 1747 2798 in
1772 2764 1887 2798 aulam
1919 2765 2114 2806 adducere,

243 2827 410 2862 comedat
434 2828 471 2862 in
500 2840 657 2872 camera,
684 2836 720 2864 et
747 2841 848 2864 suam
877 2841 943 2876 pro
973 2842 1013 2864 se
1042 2842 1115 2863 non
1145 2842 1211 2876 pro
1241 2829 1384 2876 hospite
1413 2830 1640 2878 integraliter
1669 2830 1798 2865 haheat
1824 2832 2046 2878 porcionem.
2079 2832 2115 2865 Si

243 2900 361 2928 autem
382 2894 466 2941 plus
486 2894 644 2930 voluerit
662 2895 721 2930 vel
741 2908 808 2943 pro
828 2908 868 2931 se
887 2896 946 2932 vel
967 2908 1033 2943 pro
1054 2896 1211 2943 hospite,
1237 2897 1334 2931 istud
1360 2896 1504 2932 solvere
1529 2904 1705 2932 teneatur.
1733 2898 1769 2932 Si
1790 2910 1877 2933 vero
1897 2898 2033 2944 hospes
2054 2898 2115 2932 ille

244 2961 354 2995 suerit
386 2973 543 3007 persona
577 2962 703 2997 valens
734 2962 792 2998 vel
826 2963 920 3007 talis,
952 2976 1017 3011 per
1050 2974 1156 3011 quem
1193 2964 1309 3011 possit
1342 2964 1474 2998 domus
1507 2965 1628 3010 juvari
1661 2964 1719 2999 vel
1752 2965 1875 2999 socius
1910 2964 2116 3011 promoveri

371 3019 466 3045 Charc.
489 3020 567 3045 Untv.
586 3020 680 3047 Parta.
699 3021 719 3045 Ι.
1961 3024 1989 3046 We
