2580 3528
230 412 328 455 1277]
572 423 620 445 ΑΒ
653 422 759 445 auno
792 422 870 446 nce
903 422 1036 452 tisoni:
1070 422 1119 445 An
1153 422 1383 445 Pmmppun
1418 423 1458 445 iv
1492 423 1581 446 nnc.
1618 424 1755 447 ruine.
2037 417 2100 450 541

227 503 360 531 cuntur
378 496 607 542 frequentius
633 495 795 542 pericula
821 507 1074 542 personarum.
1104 497 1148 530 Et
1175 496 1274 542 quod
1301 497 1450 542 gravius
1477 504 1534 530 est
1558 497 1763 539 ferendum,
1791 498 1828 531 in
1855 506 2102 544 contemptum

227 563 328 598 illius
347 563 410 610 qui
429 562 632 598 vendentes
651 570 687 597 et
706 570 870 597 ementes
891 563 999 609 ejecit
1019 563 1064 597 de
1080 562 1231 609 templo,
1252 563 1297 596 ad
1317 562 1574 597 abominabilia
1591 575 1719 597 manus
1736 576 1821 598 suas
1838 565 2103 598 detestabiliter

227 630 480 673 extendentes,
501 630 599 676 quod
619 636 676 664 est
699 630 798 664 dictu
823 629 1015 672 horribile,
1041 630 1208 676 factoque
1236 629 1467 676 nephandius
1494 630 1531 664 in
1556 630 1648 676 ipsis
1669 631 1852 672 ecclesiis,
1875 631 1959 664 dum
1981 631 2102 665 divina

226 696 413 731 celebrare
433 696 612 731 deberent
630 696 759 739 officia,
788 697 895 730 etiam
916 708 1028 742 super
1048 696 1162 731 sacris
1183 696 1359 730 altaribus
1379 696 1442 730 ubi
1463 709 1598 742 corpus
1619 704 1655 730 et
1675 697 1826 743 sanguis
1848 697 2103 743 Redemptoris

227 764 344 798 nostri
377 775 443 810 per
475 763 704 798 sacerdotum
739 763 982 798 ministerium
1014 770 1262 805 consecratur,
1306 775 1378 797 non
1413 764 1493 797 sine
1527 770 1612 798 nota
1646 763 1806 798 heretice
1839 764 2025 810 pravitatis
2059 764 2103 797 ad

227 829 371 864 taxillos
390 830 519 864 ludere
539 842 613 864 non
632 837 818 872 verentur,
840 841 974 863 nomen
994 829 1180 864 Creatoris
1201 830 1318 876 ipsius
1340 837 1376 863 et
1394 829 1563 876 Virginis
1585 830 1754 876 gloriose
1774 837 1810 864 et
1829 830 1981 864 aliorum
2004 842 2103 864 sanc-

228 903 345 931 torum
367 897 512 931 Domini
533 903 641 943 prout
660 897 697 930 in
716 897 814 931 ludis
835 897 1059 943 hujusmodi,
1082 897 1144 942 qui
1165 909 1238 930 non
1260 897 1337 930 ludi
1363 897 1429 930 sed
1454 897 1606 931 crimina
1626 904 1712 931 sunt
1731 897 1921 938 censendi,
1947 897 1991 931 ab
2012 897 2103 943 ipsis

228 963 415 998 lusoribus
436 964 606 998 usitatum
626 970 683 998 est
701 963 793 1006 fieri,
815 963 1124 1010 blasphemantes.
1148 965 1192 1014 Et
1211 964 1264 998 sic
1285 964 1383 1009 quod
1403 963 1448 997 ad
1468 964 1598 998 salutis
1619 964 1850 998 commodum
1871 964 2102 1010 antiquorum

227 1031 429 1065 introduxit
456 1031 616 1073 devotio,
642 1031 686 1065 ad
715 1031 917 1077 lugendum
947 1030 1168 1076 pertrahitur
1197 1030 1345 1064 exitium
1375 1030 1589 1064 animarum.
1612 1032 1686 1064 Nos
1716 1031 1849 1077 itaque,
1882 1031 1943 1076 qui
1971 1037 2102 1065 statum

228 1098 446 1132 Parisiensis
475 1098 587 1132 studii
616 1098 694 1132 sore
724 1109 941 1144 prosperum
971 1104 1007 1131 et
1035 1097 1229 1131 honestum
1259 1097 1304 1131 ab
1333 1098 1439 1131 annis
1465 1098 1603 1132 teneris
1628 1098 1852 1139 affectamus,
1881 1104 1950 1132 tam
1981 1098 2103 1144 perni-

226 1165 366 1199 ciosum
387 1163 541 1199 abusum
566 1176 585 1198 a
610 1176 684 1198 non
710 1164 836 1210 paucis
862 1164 968 1198 annis
994 1163 1160 1197 inolitum
1185 1164 1223 1197 in
1243 1164 1462 1210 vituperium
1485 1164 1627 1198 ordinis
1647 1164 1842 1206 clericalis,
1865 1176 1908 1198 ex
1927 1176 1999 1209 quo
2022 1175 2104 1210 pre-

227 1231 314 1266 dicti
343 1231 455 1266 studii
483 1231 707 1265 deformatur
734 1230 922 1272 honestas,
950 1231 1136 1276 profectus
1165 1230 1361 1264 scolarium
1388 1230 1627 1276 spiritualiter
1652 1238 1688 1264 et
1714 1230 1963 1277 temporaliter
1989 1231 2104 1277 impe·

227 1298 337 1340 ditur,
367 1298 489 1332 divina
518 1298 688 1343 majestas
717 1297 915 1331 offenditur
943 1304 980 1331 et
1007 1297 1219 1331 scandalum
1249 1297 1287 1330 in
1317 1297 1453 1343 populo
1483 1304 1694 1347 generatur,
1725 1298 1916 1343 cupientes
1946 1297 1990 1331 ab
2020 1298 2100 1343 ipso

226 1365 349 1400 studio
370 1365 516 1411 penitus
536 1363 694 1406 aboleri;
721 1370 890 1398 verentes
911 1364 1018 1398 etiam
1039 1375 1086 1397 ne
1106 1363 1188 1397 talis
1209 1363 1334 1409 lapsus
1355 1363 1550 1398 scolarium
1572 1364 1834 1410 predictorum,
1857 1364 1887 1398 si
1909 1364 2011 1398 illum
2033 1364 2102 1398 sub

226 1431 519 1466 dissimulatione
538 1431 800 1465 transeundum
822 1431 1047 1472 duxerimus,
1070 1430 1179 1464 nobis
1205 1430 1249 1464 ad
1276 1430 1418 1476 culpam
1448 1443 1467 1464 a
1493 1431 1660 1464 districto
1682 1431 1808 1476 judice
1834 1431 1965 1464 debeat
1989 1431 2102 1477 impu—

227 1499 324 1534 tari:
349 1498 579 1540 insolentias,
609 1498 857 1540 enormitates,
885 1497 1058 1540 ludibria,
1088 1504 1124 1531 et
1153 1509 1328 1531 excessus
1357 1497 1544 1543 predictos
1575 1509 1644 1543 qua
1673 1498 1861 1543 fungimur
1890 1498 2102 1532 auctoritate

226 1566 396 1601 decetero
423 1565 503 1599 fieri
529 1564 780 1612 prohibentes,
809 1576 874 1599 eos
900 1564 962 1610 qui
982 1570 1108 1598 contra
1133 1571 1293 1598 nostram
1319 1563 1605 1610 prohibitionem
1631 1564 1844 1610 hujusmodi
1869 1565 1994 1598 venire
2021 1576 2104 1610 pre-

226 1633 463 1680 sumpserint,
494 1632 571 1667 sive
601 1632 684 1666 talia
711 1631 792 1666 fieri
820 1631 1108 1678 procuraverint,
1138 1631 1197 1665 vel
1226 1638 1266 1665 ut
1299 1630 1386 1665 fiant
1419 1643 1524 1677 opem
1559 1638 1595 1665 et
1624 1643 1786 1677 operam,
1820 1630 2014 1665 consilium
2045 1631 2103 1665 vel

226 1700 385 1735 savorem
415 1699 630 1746 prebuerint
656 1705 718 1733 aut
745 1710 980 1741 consensum,
1012 1698 1400 1732 excommunicationis
1429 1698 1613 1732 sententie
1642 1709 1749 1744 quam
1780 1698 1817 1731 in
1850 1698 1952 1744 ipsos
1987 1699 2103 1744 profe·

226 1768 340 1802 rimus
366 1767 447 1813 ipso
473 1767 567 1801 facto
592 1765 763 1800 volumus
789 1765 992 1811 subjacere.
1022 1767 1063 1799 In
1089 1765 1195 1811 cujus
1225 1765 1278 1799 rei
1298 1765 1548 1799 testimonium
1577 1764 1740 1811 sigillum
1768 1771 1933 1798 nostrum
1955 1776 2102 1810 presen-

226 1833 325 1869 tibus
344 1834 476 1868 litteris
495 1833 666 1867 duximus
685 1832 956 1879 apponendum.
986 1833 1063 1866 Dat.
1086 1832 1248 1866 Parisius
1274 1832 1336 1878 viij
1366 1832 1415 1866 id.
1443 1831 1671 1871 Decembris,
1702 1831 1938 1877 pontificatus
1965 1831 2104 1865 domini

196 1944 202 1951 Ι
224 1901 401 1936 Johannis
422 1912 513 1947 pape
533 1901 618 1934 XXI
639 1912 734 1934 anno
755 1899 886 1946 primo.

319 1999 456 2032 erigi-mle
475 1998 502 2023 in
521 1998 598 2023 Arch.
614 2001 668 2023 nat.
685 1997 771 2022 Paris.
786 1997 819 2022 M.
834 1998 891 2027 68¹,
911 2001 940 2021 n⁰
959 1997 981 2021 7.
1006 1996 1131 2030 Sigillum
1145 2005 1198 2022 cer.
1213 1997 1272 2021 rub.
1288 1997 1338 2021 col.
1359 1997 1473 2021 taeniolo
1493 1997 1589 2021 memb.
1610 1997 1780 2029 appenditur.
1801 1997 1953 2021 Pertincbnt
1972 1997 2004 2021 ad
2026 1997 2102 2021 Arch.

226 2043 348 2069 univers.
363 2057 395 2063 —
409 2043 533 2072 Bulaeus.
546 2043 593 2073 ΙΙΙ,
608 2043 664 2067 4³1.

225 2170 339 2208 471.
361 2179 506 2207 lohannes
528 2181 599 2207 XXI
616 2179 762 2217 Stephano
784 2180 919 2217 episcopo
938 2179 1102 2206 parisiensi
1119 2177 1221 2205 scribit
1243 2181 1274 2204 ut
1296 2177 1332 2205 de
1352 2177 1498 2204 erroribus
1517 2181 1617 2204 contra
1636 2177 1734 2213 fidem,
1757 2178 1808 2214 qui
1828 2178 1951 2204 Parisiis
1976 2178 2011 2204 de
2036 2186 2104 2204 novo

313 2228 462 2265 pullulare
475 2228 618 2264 dicuntur,
635 2229 773 2266 inquirat.

1430 2277 1506 2307 1277,
1520 2277 1640 2303 danum-ia·
1652 2276 1691 2306 18,
1709 2276 1818 2303 vitoe-cm.

320 2379 341 2386 ..
373 2353 555 2399 Episcopo
590 2352 799 2387 Parisiensi.
836 2351 974 2386 Relatio
1009 2352 1118 2385 nimis
1150 2351 1342 2397 implacida
1376 2357 1541 2385 nostrum
1577 2362 1693 2396 nuper
1729 2350 1888 2384 turbavit
1925 2351 2101 2393 auditum,

227 2419 433 2454 amaricavit
452 2426 488 2454 et
513 2419 686 2462 animum,
713 2419 812 2465 quod
832 2418 1007 2459 Parisius,
1029 2418 1092 2452 ubi
1112 2418 1195 2452 sons
1223 2418 1329 2451 vivus
1355 2417 1534 2463 sapientie
1559 2417 1729 2451 salutaris
1754 2416 2007 2451 habundanter
2031 2416 2102 2451 huc

229 2498 345 2532 usque
365 2486 529 2520 scaturiit
548 2498 636 2520 suos
656 2485 755 2520 rivos
775 2485 1055 2532 limpidissimos
1074 2484 1182 2518 fidem
1204 2484 1462 2530 patefacientes
1482 2483 1697 2517 catholicam
1722 2495 1839 2529 usque
1859 2483 1903 2517 ad
1926 2484 2102 2518 terminos

227 2552 329 2587 orbis
356 2559 451 2587 terre
477 2552 700 2595 diffundens,
728 2552 873 2599 quidam
901 2563 1048 2586 errores
1074 2551 1112 2585 in
1139 2550 1381 2597 prejudicium
1409 2550 1574 2596 ejusdem
1596 2549 1681 2584 fidei
1707 2550 1753 2584 de
1778 2562 1873 2584 novo
1900 2550 2101 2596 pullulasse

227 2619 410 2654 dicuntur.
438 2619 618 2654 Volumus
642 2619 763 2666 itaque
790 2618 929 2665 tibique
955 2618 1167 2653 auctoritate
1193 2617 1418 2663 presentium
1443 2617 1607 2651 districte
1628 2617 1868 2663 precipiendo
1889 2617 2101 2651 mandamus

228 2687 398 2733 quatinus
418 2685 616 2733 diligenter
635 2686 744 2721 facias
764 2686 896 2732 inspici
916 2685 974 2720 vel
994 2684 1166 2731 inquiri¹,
1187 2697 1206 2718 a
1226 2683 1361 2730 quibus
1381 2683 1551 2730 personis
1572 2690 1608 2717 et
1628 2683 1665 2717 in
1686 2683 1821 2730 quibus
1842 2683 1934 2718 locis
1955 2695 2101 2718 errores

228 2752 438 2799 huiusmodi
458 2753 545 2788 dicti
565 2760 650 2787 sunt
669 2753 747 2788 sive
767 2753 908 2799 scripti,
929 2759 965 2786 et
983 2764 1054 2798 que
1075 2751 1250 2786 didiceris
1265 2750 1343 2785 sive
1363 2750 1564 2792 inveneris,
1585 2750 1791 2796 conscripta
1813 2749 1971 2784 fideliter
1992 2750 2099 2783 nobis

229 2831 294 2866 per
314 2826 412 2854 tuum
435 2821 601 2855 nuntium
621 2820 866 2855 transmittere
891 2818 1109 2865 quamcitius
1134 2830 1207 2852 non
1233 2817 1390 2852 omittas.
1419 2818 1498 2851 Dat.
1524 2815 1680 2851 Viterbii
1707 2829 1752 2851 xv
1779 2816 1848 2851 kal.
1872 2816 2098 2854 Februarii’,

229 2898 323 2922 anno
343 2887 472 2934 primo.

322 2980 384 3013 Reg-
401 2980 458 3005 Vnt.
473 2980 602 3006 soh-unt·
615 2980 679 3010 xxi.
694 2989 736 3013 ep.
758 2981 812 3010 1⁶9,
828 2981 872 3005 fol.
889 2981 927 3005 ⁶7.
945 2994 975 2999 —
990 2980 1113 3008 Bulaeus.
1130 2979 1175 3007 ΙΙΙ,
1191 2979 1245 3003 ¹1³¹.
1262 2991 1293 2998 -
1307 2977 1440 3003 Johnnne·
1457 2977 1511 3001 xx!
1527 2977 1672 3002 vocabatur
1690 2977 1819 3009 megi-tei-
1839 2977 1931 3001 Petu-un
1955 2976 2098 3007 Hispanus,
