<?xml version="1.0" encoding="UTF-8"?>
<!DOCTYPE html PUBLIC "-//W3C//DTD XHTML 1.0 Transitional//EN"
    "http://www.w3.org/TR/xhtml1/DTD/xhtml1-transitional.dtd">
<html xmlns="http://www.w3.org/1999/xhtml" xml:lang="en" lang="en">
 <head>
  <title>
</title>
<meta http-equiv="Content-Type" content="text/html;charset=utf-8" />
  <meta name='ocr-system' content='tesseract 3.04.00' />
  <meta name='ocr-capabilities' content='ocr_page ocr_carea ocr_par ocr_line ocrx_word'/>
</head>
<body>
  <div class='ocr_page' id='page_1' title='image "./chartulariumuniv01univuoft_0279.png"; bbox 0 0 2580 3528; ppageno 0'>
   <div class='ocr_carea' id='block_1_1' title="bbox 0 0 138 3528">
    <p class='ocr_par' dir='ltr' id='par_1_1' title="bbox 0 0 138 3528">
     <span class='ocr_line' id='line_1_1' title="bbox 0 0 138 3528; baseline 0 0"><span class='ocrx_word' id='word_1_1' title='bbox 0 0 138 3528; x_wconf 95' lang='lat' dir='ltr'> </span> 
     </span>
    </p>
   </div>
   <div class='ocr_carea' id='block_1_2' title="bbox 259 439 2132 480">
    <p class='ocr_par' dir='ltr' id='par_1_2' title="bbox 259 439 2132 480">
     <span class='ocr_line' id='line_1_2' title="bbox 259 439 2132 480; baseline 0.001 -7"><span class='ocrx_word' id='word_1_2' title='bbox 259 439 356 480; x_wconf 87' lang='lat'>1252]</span> <span class='ocrx_word' id='word_1_3' title='bbox 593 449 640 471; x_wconf 72' lang='grc' dir='ltr'>ΑΒ</span> <span class='ocrx_word' id='word_1_4' title='bbox 674 448 782 471; x_wconf 69' lang='lat' dir='ltr'>Anno</span> <span class='ocrx_word' id='word_1_5' title='bbox 816 448 895 471; x_wconf 71' lang='lat' dir='ltr'>lucc</span> <span class='ocrx_word' id='word_1_6' title='bbox 928 448 1062 478; x_wconf 66' lang='lat' dir='ltr'>usque</span> <span class='ocrx_word' id='word_1_7' title='bbox 1095 449 1144 471; x_wconf 62' lang='lat' dir='ltr'>an</span> <span class='ocrx_word' id='word_1_8' title='bbox 1179 449 1410 472; x_wconf 73' lang='lat' dir='ltr'>rmurpnu</span> <span class='ocrx_word' id='word_1_9' title='bbox 1444 450 1485 472; x_wconf 90' lang='lat' dir='ltr'>1v</span> <span class='ocrx_word' id='word_1_10' title='bbox 1519 451 1607 474; x_wconf 73' lang='lat' dir='ltr'>nse.</span> <span class='ocrx_word' id='word_1_11' title='bbox 1644 451 1780 474; x_wconf 66' lang='lat' dir='ltr'>rame.</span> <span class='ocrx_word' id='word_1_12' title='bbox 2068 443 2132 476; x_wconf 89' lang='lat'>237</span> 
     </span>
    </p>
   </div>
   <div class='ocr_carea' id='block_1_3' title="bbox 254 521 2134 968">
    <p class='ocr_par' dir='ltr' id='par_1_3' title="bbox 254 521 2134 968">
     <span class='ocr_line' id='line_1_3' title="bbox 256 521 2132 569; baseline 0.001 -13"><span class='ocrx_word' id='word_1_13' title='bbox 256 523 452 569; x_wconf 76' lang='lat' dir='ltr'>magistros</span> <span class='ocrx_word' id='word_1_14' title='bbox 485 528 522 556; x_wconf 86' lang='lat' dir='ltr'>et</span> <span class='ocrx_word' id='word_1_15' title='bbox 554 521 716 556; x_wconf 86' lang='lat' dir='ltr'>scolares</span> <span class='ocrx_word' id='word_1_16' title='bbox 749 533 951 567; x_wconf 88' lang='lat' dir='ltr'>eorumque</span> <span class='ocrx_word' id='word_1_17' title='bbox 984 529 1162 556; x_wconf 88' lang='lat' dir='ltr'>rectorem</span> <span class='ocrx_word' id='word_1_18' title='bbox 1193 522 1250 556; x_wconf 86' lang='lat' dir='ltr'>vel</span> <span class='ocrx_word' id='word_1_19' title='bbox 1283 530 1540 568; x_wconf 78' lang='lat' dir='ltr'>procuratores</span> <span class='ocrx_word' id='word_1_20' title='bbox 1570 531 1695 558; x_wconf 89' lang='lat' dir='ltr'>contra</span> <span class='ocrx_word' id='word_1_21' title='bbox 1725 525 1977 558; x_wconf 74' lang='lat' dir='ltr'>concessionis</span> <span class='ocrx_word' id='word_1_22' title='bbox 2008 533 2132 559; x_wconf 88' lang='lat' dir='ltr'>nostre</span> 
     </span>
     <span class='ocr_line' id='line_1_4' title="bbox 256 588 2133 637; baseline 0.001 -14"><span class='ocrx_word' id='word_1_23' title='bbox 256 596 420 624; x_wconf 86' lang='lat' dir='ltr'>tenorem</span> <span class='ocrx_word' id='word_1_24' title='bbox 444 601 518 622; x_wconf 91' lang='lat' dir='ltr'>non</span> <span class='ocrx_word' id='word_1_25' title='bbox 542 589 730 635; x_wconf 86' lang='lat' dir='ltr'>permittas</span> <span class='ocrx_word' id='word_1_26' title='bbox 751 600 864 635; x_wconf 90' lang='lat' dir='ltr'>super</span> <span class='ocrx_word' id='word_1_27' title='bbox 882 588 954 623; x_wconf 91' lang='lat' dir='ltr'>hiis</span> <span class='ocrx_word' id='word_1_28' title='bbox 974 588 1019 622; x_wconf 90' lang='lat' dir='ltr'>ab</span> <span class='ocrx_word' id='word_1_29' title='bbox 1039 588 1224 635; x_wconf 89' lang='lat' dir='ltr'>aliquibus</span> <span class='ocrx_word' id='word_1_30' title='bbox 1243 589 1407 624; x_wconf 82' lang='lat' dir='ltr'><strong>indebite</strong></span> <span class='ocrx_word' id='word_1_31' title='bbox 1426 590 1626 632; x_wconf 83' lang='lat' dir='ltr'>molestari,</span> <span class='ocrx_word' id='word_1_32' title='bbox 1649 591 1903 625; x_wconf 81' lang='lat' dir='ltr'>molestatores</span> <span class='ocrx_word' id='word_1_33' title='bbox 1923 591 2133 637; x_wconf 88' lang='lat' dir='ltr'>hujusmodi</span> 
     </span>
     <span class='ocr_line' id='line_1_5' title="bbox 256 655 2132 703; baseline 0.001 -13"><span class='ocrx_word' id='word_1_34' title='bbox 256 668 322 702; x_wconf 86' lang='lat' dir='ltr'>per</span> <span class='ocrx_word' id='word_1_35' title='bbox 362 667 554 690; x_wconf 83' lang='lat' dir='ltr'>censuram</span> <span class='ocrx_word' id='word_1_36' title='bbox 593 655 877 689; x_wconf 86' lang='lat' dir='ltr'>ecclesiasticam</span> <span class='ocrx_word' id='word_1_37' title='bbox 915 655 1160 701; x_wconf 81' lang='lat' dir='ltr'>appellatione</span> <span class='ocrx_word' id='word_1_38' title='bbox 1198 657 1402 702; x_wconf 89' lang='lat' dir='ltr'>postposita</span> <span class='ocrx_word' id='word_1_39' title='bbox 1440 657 1724 703; x_wconf 89' lang='lat' dir='ltr'>compescendo,</span> <span class='ocrx_word' id='word_1_40' title='bbox 1764 670 1837 691; x_wconf 93' lang='lat' dir='ltr'>non</span> <span class='ocrx_word' id='word_1_41' title='bbox 1881 657 2061 699; x_wconf 85' lang='lat' dir='ltr'>obstante,</span> <span class='ocrx_word' id='word_1_42' title='bbox 2102 658 2132 691; x_wconf 90' lang='lat' dir='ltr'>si</span> 
     </span>
     <span class='ocr_line' id='line_1_6' title="bbox 254 721 2134 770; baseline 0.001 -14"><span class='ocrx_word' id='word_1_43' title='bbox 254 722 439 768; x_wconf 87' lang='lat' dir='ltr'>aliquibus</span> <span class='ocrx_word' id='word_1_44' title='bbox 472 734 491 756; x_wconf 88' lang='lat' dir='ltr'>a</span> <span class='ocrx_word' id='word_1_45' title='bbox 525 721 613 756; x_wconf 90' lang='lat' dir='ltr'>sede</span> <span class='ocrx_word' id='word_1_46' title='bbox 647 722 846 768; x_wconf 88' lang='lat' dir='ltr'>apostolica</span> <span class='ocrx_word' id='word_1_47' title='bbox 880 722 928 756; x_wconf 87' lang='lat' dir='ltr'>sit</span> <span class='ocrx_word' id='word_1_48' title='bbox 960 722 1155 764; x_wconf 86' lang='lat' dir='ltr'>indultum,</span> <span class='ocrx_word' id='word_1_49' title='bbox 1191 723 1290 769; x_wconf 93' lang='lat' dir='ltr'>quod</span> <span class='ocrx_word' id='word_1_50' title='bbox 1324 724 1630 758; x_wconf 89' lang='lat' dir='ltr'>excommunicari</span> <span class='ocrx_word' id='word_1_51' title='bbox 1659 731 1721 758; x_wconf 87' lang='lat' dir='ltr'>aut</span> <span class='ocrx_word' id='word_1_52' title='bbox 1749 724 1919 758; x_wconf 90' lang='lat' dir='ltr'>interdici</span> <span class='ocrx_word' id='word_1_53' title='bbox 1952 731 2134 770; x_wconf 85' lang='lat' dir='ltr'>nequeant</span> 
     </span>
     <span class='ocr_line' id='line_1_7' title="bbox 254 789 2133 837; baseline 0.001 -14"><span class='ocrx_word' id='word_1_54' title='bbox 254 789 313 824; x_wconf 86' lang='lat' dir='ltr'>vel</span> <span class='ocrx_word' id='word_1_55' title='bbox 342 789 534 835; x_wconf 77' lang='lat' dir='ltr'>suspendi,</span> <span class='ocrx_word' id='word_1_56' title='bbox 565 800 631 822; x_wconf 88' lang='lat' dir='ltr'>seu</span> <span class='ocrx_word' id='word_1_57' title='bbox 658 789 920 822; x_wconf 89' lang='lat' dir='ltr'>constitutione</span> <span class='ocrx_word' id='word_1_58' title='bbox 949 789 994 822; x_wconf 91' lang='lat' dir='ltr'>de</span> <span class='ocrx_word' id='word_1_59' title='bbox 1025 789 1167 822; x_wconf 87' lang='lat' dir='ltr'>duabus</span> <span class='ocrx_word' id='word_1_60' title='bbox 1197 789 1306 824; x_wconf 89' lang='lat' dir='ltr'>dietis</span> <span class='ocrx_word' id='word_1_61' title='bbox 1337 790 1432 824; x_wconf 89' lang='lat' dir='ltr'>edita</span> <span class='ocrx_word' id='word_1_62' title='bbox 1462 791 1499 824; x_wconf 91' lang='lat' dir='ltr'>in</span> <span class='ocrx_word' id='word_1_63' title='bbox 1530 791 1696 825; x_wconf 91' lang='lat' dir='ltr'>Concilio</span> <span class='ocrx_word' id='word_1_64' title='bbox 1726 791 1904 837; x_wconf 85' lang='lat' dir='ltr'>generali⁷</span> <span class='ocrx_word' id='word_1_65' title='bbox 1935 791 2133 824; x_wconf 89' lang='lat' dir='ltr'>dummodo</span> 
     </span>
     <span class='ocr_line' id='line_1_8' title="bbox 256 855 2131 904; baseline 0.001 -14"><span class='ocrx_word' id='word_1_66' title='bbox 256 855 348 890; x_wconf 85' lang='lat' dir='ltr'>ultra</span> <span class='ocrx_word' id='word_1_67' title='bbox 373 856 513 890; x_wconf 87' lang='lat' dir='ltr'>tertiam</span> <span class='ocrx_word' id='word_1_68' title='bbox 540 855 599 890; x_wconf 89' lang='lat' dir='ltr'>vel</span> <span class='ocrx_word' id='word_1_69' title='bbox 621 862 783 901; x_wconf 86' lang='lat' dir='ltr'>quartam</span> <span class='ocrx_word' id='word_1_70' title='bbox 803 855 936 902; x_wconf 90' lang='lat' dir='ltr'>aliquis</span> <span class='ocrx_word' id='word_1_71' title='bbox 957 862 1056 889; x_wconf 86' lang='lat' dir='ltr'>extra</span> <span class='ocrx_word' id='word_1_72' title='bbox 1076 868 1177 890; x_wconf 88' lang='lat' dir='ltr'>suam</span> <span class='ocrx_word' id='word_1_73' title='bbox 1199 856 1385 902; x_wconf 85' lang='lat' dir='ltr'>dyocesim</span> <span class='ocrx_word' id='word_1_74' title='bbox 1405 858 1617 892; x_wconf 86' lang='lat' dir='ltr'>auctoritate</span> <span class='ocrx_word' id='word_1_75' title='bbox 1643 858 1868 904; x_wconf 88' lang='lat' dir='ltr'>presentium</span> <span class='ocrx_word' id='word_1_76' title='bbox 1889 858 1933 892; x_wconf 87' lang='lat' dir='ltr'>ad</span> <span class='ocrx_word' id='word_1_77' title='bbox 1953 858 2131 903; x_wconf 89' lang='lat' dir='ltr'>judicium</span> 
     </span>
     <span class='ocr_line' id='line_1_9' title="bbox 256 922 1655 968; baseline 0.001 -12"><span class='ocrx_word' id='word_1_78' title='bbox 256 934 330 960; x_wconf 88' lang='lat' dir='ltr'>non</span> <span class='ocrx_word' id='word_1_79' title='bbox 349 922 523 956; x_wconf 82' lang='lat' dir='ltr'>trahatur.</span> <span class='ocrx_word' id='word_1_80' title='bbox 546 923 625 956; x_wconf 87' lang='lat' dir='ltr'>Dat.</span> <span class='ocrx_word' id='word_1_81' title='bbox 647 922 790 956; x_wconf 89' lang='lat' dir='ltr'>Perusii</span> <span class='ocrx_word' id='word_1_82' title='bbox 812 922 881 956; x_wconf 88' lang='lat' dir='ltr'>kal.</span> <span class='ocrx_word' id='word_1_83' title='bbox 902 922 1016 964; x_wconf 82' lang='lat' dir='ltr'>Junii,</span> <span class='ocrx_word' id='word_1_84' title='bbox 1037 923 1270 968; x_wconf 77' lang='lat' dir='ltr'>pontificatus</span> <span class='ocrx_word' id='word_1_85' title='bbox 1291 924 1407 957; x_wconf 88' lang='lat' dir='ltr'>nostri</span> <span class='ocrx_word' id='word_1_86' title='bbox 1428 936 1523 957; x_wconf 91' lang='lat' dir='ltr'>anno</span> <span class='ocrx_word' id='word_1_87' title='bbox 1544 936 1655 958; x_wconf 92' lang='lat' dir='ltr'>nono.</span> 
     </span>
    </p>
   </div>
   <div class='ocr_carea' id='block_1_4' title="bbox 254 1020 2132 1099">
    <p class='ocr_par' dir='ltr' id='par_1_4' title="bbox 254 1020 2132 1099">
     <span class='ocr_line' id='line_1_10' title="bbox 349 1020 2132 1055; baseline 0.002 -11"><span class='ocrx_word' id='word_1_88' title='bbox 349 1021 412 1045; x_wconf 78' lang='lat' dir='ltr'>Cod.</span> <span class='ocrx_word' id='word_1_89' title='bbox 428 1021 486 1045; x_wconf 70' lang='lat' dir='ltr'>Vnt.</span> <span class='ocrx_word' id='word_1_90' title='bbox 502 1021 567 1053; x_wconf 77' lang='lat' dir='ltr'>Reg.</span> <span class='ocrx_word' id='word_1_91' title='bbox 582 1021 638 1050; x_wconf 75' lang='grc'><strong>406,</strong></span> <span class='ocrx_word' id='word_1_92' title='bbox 654 1021 698 1045; x_wconf 77' lang='lat' dir='ltr'>fol.</span> <span class='ocrx_word' id='word_1_93' title='bbox 716 1020 771 1044; x_wconf 61' lang='lat'>16⁵.</span> <span class='ocrx_word' id='word_1_94' title='bbox 787 1020 856 1044; x_wconf 82' lang='lat' dir='ltr'>Bibl.</span> <span class='ocrx_word' id='word_1_95' title='bbox 873 1021 1006 1053; x_wconf 75' lang='lat' dir='ltr'>Phinipps</span> <span class='ocrx_word' id='word_1_96' title='bbox 1022 1021 1048 1044; x_wconf 90' lang='lat' dir='ltr'>in</span> <span class='ocrx_word' id='word_1_97' title='bbox 1061 1021 1243 1051; x_wconf 53' lang='lat' dir='ltr'>Chltenham,</span> <span class='ocrx_word' id='word_1_98' title='bbox 1259 1030 1309 1046; x_wconf 78' lang='lat' dir='ltr'>ms.</span> <span class='ocrx_word' id='word_1_99' title='bbox 1328 1023 1384 1051; x_wconf 81' lang='grc'>876,</span> <span class='ocrx_word' id='word_1_100' title='bbox 1400 1022 1444 1046; x_wconf 77' lang='lat' dir='ltr'>sul.</span> <span class='ocrx_word' id='word_1_101' title='bbox 1462 1022 1517 1048; x_wconf 63' lang='lat'>17⁵.</span> <span class='ocrx_word' id='word_1_102' title='bbox 1532 1022 1578 1046; x_wconf 89' lang='lat' dir='ltr'>ubi</span> <span class='ocrx_word' id='word_1_103' title='bbox 1593 1023 1685 1046; x_wconf 70' lang='lat' dir='ltr'>titulus</span> <span class='ocrx_word' id='word_1_104' title='bbox 1701 1031 1712 1046; x_wconf 76' lang='lat' dir='ltr'>a</span> <span class='ocrx_word' id='word_1_105' title='bbox 1728 1023 1899 1047; x_wconf 68' lang='lat' dir='ltr'>Censen-vatio</span> <span class='ocrx_word' id='word_1_106' title='bbox 1914 1023 2032 1055; x_wconf 70' lang='lat' dir='ltr'>ejusdem</span> <span class='ocrx_word' id='word_1_107' title='bbox 2046 1023 2132 1055; x_wconf 83' lang='lat' dir='ltr'>privi-</span> 
     </span>
     <span class='ocr_line' id='line_1_11' title="bbox 254 1065 1766 1099; baseline 0.001 -10"><span class='ocrx_word' id='word_1_108' title='bbox 254 1065 326 1097; x_wconf 73' lang='lat' dir='ltr'>legii,</span> <span class='ocrx_word' id='word_1_109' title='bbox 342 1069 372 1089; x_wconf 84' lang='lat' dir='ltr'>ut</span> <span class='ocrx_word' id='word_1_110' title='bbox 386 1065 475 1089; x_wconf 78' lang='lat' dir='ltr'>nullus</span> <span class='ocrx_word' id='word_1_111' title='bbox 491 1073 513 1094; x_wconf 65' lang='grc' dir='ltr'>υ,</span> <span class='ocrx_word' id='word_1_112' title='bbox 529 1069 579 1090; x_wconf 76' lang='grc' dir='ltr'>σω.</span> <span class='ocrx_word' id='word_1_113' title='bbox 593 1078 626 1084; x_wconf 89' lang='grc'>-</span> <span class='ocrx_word' id='word_1_114' title='bbox 639 1065 764 1094; x_wconf 77' lang='lat' dir='ltr'>Bulaeus,</span> <span class='ocrx_word' id='word_1_115' title='bbox 781 1066 827 1094; x_wconf 79' lang='grc' dir='ltr'>ΙΙΙ,</span> <span class='ocrx_word' id='word_1_116' title='bbox 844 1066 890 1089; x_wconf 70' lang='grc'>242</span> <span class='ocrx_word' id='word_1_117' title='bbox 905 1065 962 1095; x_wconf 83' lang='lat' dir='ltr'>(ubi</span> <span class='ocrx_word' id='word_1_118' title='bbox 977 1074 1026 1098; x_wconf 82' lang='lat' dir='ltr'>per</span> <span class='ocrx_word' id='word_1_119' title='bbox 1036 1074 1153 1090; x_wconf 80' lang='lat' dir='ltr'>errorem</span> <span class='ocrx_word' id='word_1_120' title='bbox 1167 1069 1273 1098; x_wconf 79' lang='lat' dir='ltr'>typogr.</span> <span class='ocrx_word' id='word_1_121' title='bbox 1287 1076 1302 1088; x_wconf 78' lang='grc' dir='ltr'>ει</span> <span class='ocrx_word' id='word_1_122' title='bbox 1315 1075 1357 1090; x_wconf 76' lang='lat' dir='ltr'>an.</span> <span class='ocrx_word' id='word_1_123' title='bbox 1369 1068 1384 1091; x_wconf 88' lang='grc'><strong>4</strong></span> <span class='ocrx_word' id='word_1_124' title='bbox 1400 1067 1432 1099; x_wconf 82' lang='lat'>»);</span> <span class='ocrx_word' id='word_1_125' title='bbox 1448 1067 1522 1091; x_wconf 75' lang='lat' dir='ltr'>deest</span> <span class='ocrx_word' id='word_1_126' title='bbox 1536 1067 1608 1099; x_wconf 78' lang='lat' dir='ltr'>apud</span> <span class='ocrx_word' id='word_1_127' title='bbox 1625 1067 1766 1092; x_wconf 80' lang='lat' dir='ltr'>Jourdain.</span> 
     </span>
    </p>
   </div>
   <div class='ocr_carea' id='block_1_5' title="bbox 255 1249 2132 1345">
    <p class='ocr_par' dir='ltr' id='par_1_5' title="bbox 255 1249 2132 1345">
     <span class='ocr_line' id='line_1_12' title="bbox 255 1249 2132 1297; baseline 0.002 -10"><span class='ocrx_word' id='word_1_128' title='bbox 255 1249 369 1288; x_wconf 80' lang='lat'>211.</span> <span class='ocrx_word' id='word_1_129' title='bbox 393 1259 575 1286; x_wconf 69' lang='lat' dir='ltr'>Innocentius</span> <span class='ocrx_word' id='word_1_130' title='bbox 597 1260 642 1286; x_wconf 86' lang='lat' dir='ltr'>IV</span> <span class='ocrx_word' id='word_1_131' title='bbox 657 1259 806 1295; x_wconf 72' lang='lat' dir='ltr'>magistris</span> <span class='ocrx_word' id='word_1_132' title='bbox 821 1263 849 1286; x_wconf 77' lang='lat' dir='ltr'>el</span> <span class='ocrx_word' id='word_1_133' title='bbox 862 1259 1045 1286; x_wconf 80' lang='lat' dir='ltr'>scholaribus</span> <span class='ocrx_word' id='word_1_134' title='bbox 1068 1260 1286 1287; x_wconf 73' lang='lat' dir='ltr'>Parisieusibus</span> <span class='ocrx_word' id='word_1_135' title='bbox 1308 1261 1446 1296; x_wconf 82' lang='lat' dir='ltr'>concedit,</span> <span class='ocrx_word' id='word_1_136' title='bbox 1471 1270 1506 1287; x_wconf 84' lang='lat' dir='ltr'>ne</span> <span class='ocrx_word' id='word_1_137' title='bbox 1529 1261 1638 1297; x_wconf 81' lang='lat' dir='ltr'>aliquis</span> <span class='ocrx_word' id='word_1_138' title='bbox 1663 1261 1756 1288; x_wconf 82' lang='lat' dir='ltr'>eundo</span> <span class='ocrx_word' id='word_1_139' title='bbox 1780 1266 1808 1288; x_wconf 74' lang='lat' dir='ltr'>et</span> <span class='ocrx_word' id='word_1_140' title='bbox 1831 1262 1976 1289; x_wconf 78' lang='lat' dir='ltr'>redeundo</span> <span class='ocrx_word' id='word_1_141' title='bbox 2001 1264 2132 1291; x_wconf 66' lang='lat' dir='ltr'>Parisios</span> 
     </span>
     <span class='ocr_line' id='line_1_13' title="bbox 344 1307 1158 1345; baseline 0.001 -11"><span class='ocrx_word' id='word_1_142' title='bbox 344 1317 435 1335; x_wconf 74' lang='lat' dir='ltr'>causa</span> <span class='ocrx_word' id='word_1_143' title='bbox 449 1307 543 1338; x_wconf 72' lang='lat' dir='ltr'>studii</span> <span class='ocrx_word' id='word_1_144' title='bbox 554 1317 608 1345; x_wconf 83' lang='lat' dir='ltr'>pro</span> <span class='ocrx_word' id='word_1_145' title='bbox 622 1308 749 1345; x_wconf 72' lang='lat' dir='ltr'>pedagio</span> <span class='ocrx_word' id='word_1_146' title='bbox 764 1308 881 1345; x_wconf 82' lang='lat' dir='ltr'>aliquid</span> <span class='ocrx_word' id='word_1_147' title='bbox 894 1308 1003 1335; x_wconf 69' lang='lat' dir='ltr'>solvere</span> <span class='ocrx_word' id='word_1_148' title='bbox 1018 1313 1158 1336; x_wconf 78' lang='lat' dir='ltr'>teneatur.</span> 
     </span>
    </p>
   </div>
   <div class='ocr_carea' id='block_1_6' title="bbox 251 1356 2133 2017">
    <p class='ocr_par' dir='ltr' id='par_1_6' title="bbox 1527 1356 1845 1385">
     <span class='ocr_line' id='line_1_14' title="bbox 1527 1356 1845 1385; baseline 0.003 -3"><span class='ocrx_word' id='word_1_149' title='bbox 1527 1356 1600 1385; x_wconf 81' lang='grc'><strong><em>1262,</em></strong></span> <span class='ocrx_word' id='word_1_150' title='bbox 1615 1356 1687 1382; x_wconf 66' lang='lat' dir='ltr'>duni}</span> <span class='ocrx_word' id='word_1_151' title='bbox 1697 1357 1723 1384; x_wconf 82' lang='lat'>5.</span> <span class='ocrx_word' id='word_1_152' title='bbox 1739 1357 1845 1383; x_wconf 73' lang='grc' dir='ltr'>Ροηιεῐῖ.</span> 
     </span>
    </p>

    <p class='ocr_par' dir='ltr' id='par_1_7' title="bbox 251 1436 2133 1871">
     <span class='ocr_line' id='line_1_15' title="bbox 343 1436 2133 1486; baseline 0.002 -16"><span class='ocrx_word' id='word_1_153' title='bbox 343 1436 580 1470; x_wconf 85' lang='lat' dir='ltr'>Innocentius</span> <span class='ocrx_word' id='word_1_154' title='bbox 619 1436 815 1482; x_wconf 88' lang='lat' dir='ltr'>episeopus</span> <span class='ocrx_word' id='word_1_155' title='bbox 849 1448 980 1471; x_wconf 88' lang='lat' dir='ltr'>servus</span> <span class='ocrx_word' id='word_1_156' title='bbox 1019 1449 1208 1471; x_wconf 86' lang='lat' dir='ltr'>servorum</span> <span class='ocrx_word' id='word_1_157' title='bbox 1249 1438 1315 1471; x_wconf 91' lang='lat' dir='ltr'>Dei</span> <span class='ocrx_word' id='word_1_158' title='bbox 1350 1438 1494 1472; x_wconf 90' lang='lat' dir='ltr'>dilectis</span> <span class='ocrx_word' id='word_1_159' title='bbox 1533 1439 1619 1472; x_wconf 84' lang='lat' dir='ltr'>filiis</span> <span class='ocrx_word' id='word_1_160' title='bbox 1657 1439 1840 1473; x_wconf 88' lang='lat' dir='ltr'>universis</span> <span class='ocrx_word' id='word_1_161' title='bbox 1879 1441 2063 1486; x_wconf 85' lang='lat' dir='ltr'>magistris</span> <span class='ocrx_word' id='word_1_162' title='bbox 2097 1448 2133 1475; x_wconf 87' lang='lat' dir='ltr'>et</span> 
     </span>
     <span class='ocr_line' id='line_1_16' title="bbox 253 1502 2132 1553; baseline 0.002 -15"><span class='ocrx_word' id='word_1_163' title='bbox 253 1503 458 1538; x_wconf 83' lang='lat' dir='ltr'>scolaribus</span> <span class='ocrx_word' id='word_1_164' title='bbox 495 1502 766 1537; x_wconf 87' lang='lat' dir='ltr'>Parisiensibus</span> <span class='ocrx_word' id='word_1_165' title='bbox 805 1503 957 1537; x_wconf 90' lang='lat' dir='ltr'>salutem</span> <span class='ocrx_word' id='word_1_166' title='bbox 997 1510 1032 1537; x_wconf 87' lang='lat' dir='ltr'>et</span> <span class='ocrx_word' id='word_1_167' title='bbox 1069 1504 1303 1550; x_wconf 86' lang='lat' dir='ltr'>apostolicam</span> <span class='ocrx_word' id='word_1_168' title='bbox 1344 1504 1652 1539; x_wconf 89' lang='lat' dir='ltr'>benedictionem.</span> <span class='ocrx_word' id='word_1_169' title='bbox 1691 1505 1868 1539; x_wconf 88' lang='lat' dir='ltr'>Volentes</span> <span class='ocrx_word' id='word_1_170' title='bbox 1906 1519 1972 1540; x_wconf 82' lang='lat' dir='ltr'>vos</span> <span class='ocrx_word' id='word_1_171' title='bbox 2010 1508 2132 1553; x_wconf 88' lang='lat' dir='ltr'>quiete</span> 
     </span>
     <span class='ocr_line' id='line_1_17' title="bbox 252 1569 2131 1618; baseline 0.002 -14"><span class='ocrx_word' id='word_1_172' title='bbox 252 1569 432 1604; x_wconf 83' lang='lat' dir='ltr'>libertatis</span> <span class='ocrx_word' id='word_1_173' title='bbox 462 1570 692 1616; x_wconf 85' lang='lat' dir='ltr'>prerogativa</span> <span class='ocrx_word' id='word_1_174' title='bbox 721 1570 896 1616; x_wconf 77' lang='lat' dir='ltr'>gaudere,</span> <span class='ocrx_word' id='word_1_175' title='bbox 925 1577 964 1604; x_wconf 91' lang='lat' dir='ltr'>ut</span> <span class='ocrx_word' id='word_1_176' title='bbox 992 1570 1104 1604; x_wconf 90' lang='lat' dir='ltr'>nichil</span> <span class='ocrx_word' id='word_1_177' title='bbox 1132 1570 1240 1604; x_wconf 90' lang='lat' dir='ltr'>alicui</span> <span class='ocrx_word' id='word_1_178' title='bbox 1268 1583 1333 1616; x_wconf 90' lang='lat' dir='ltr'>pro</span> <span class='ocrx_word' id='word_1_179' title='bbox 1361 1571 1517 1618; x_wconf 86' lang='lat' dir='ltr'>pedagio</span> <span class='ocrx_word' id='word_1_180' title='bbox 1543 1579 1673 1606; x_wconf 88' lang='lat' dir='ltr'>euntes</span> <span class='ocrx_word' id='word_1_181' title='bbox 1699 1572 1859 1606; x_wconf 86' lang='lat' dir='ltr'>Parisius</span> <span class='ocrx_word' id='word_1_182' title='bbox 1884 1585 1991 1607; x_wconf 87' lang='lat' dir='ltr'>causa</span> <span class='ocrx_word' id='word_1_183' title='bbox 2019 1575 2131 1607; x_wconf 89' lang='lat' dir='ltr'>studii</span> 
     </span>
     <span class='ocr_line' id='line_1_18' title="bbox 251 1637 2131 1685; baseline 0.003 -15"><span class='ocrx_word' id='word_1_184' title='bbox 251 1643 312 1671; x_wconf 88' lang='lat' dir='ltr'>aut</span> <span class='ocrx_word' id='word_1_185' title='bbox 335 1637 467 1670; x_wconf 84' lang='lat' dir='ltr'>exinde</span> <span class='ocrx_word' id='word_1_186' title='bbox 492 1637 536 1670; x_wconf 87' lang='lat' dir='ltr'>ad</span> <span class='ocrx_word' id='word_1_187' title='bbox 561 1637 708 1683; x_wconf 88' lang='lat' dir='ltr'>propria</span> <span class='ocrx_word' id='word_1_188' title='bbox 728 1637 927 1671; x_wconf 87' lang='lat' dir='ltr'>redeuntes</span> <span class='ocrx_word' id='word_1_189' title='bbox 947 1637 1092 1671; x_wconf 88' lang='lat' dir='ltr'>solvere</span> <span class='ocrx_word' id='word_1_190' title='bbox 1119 1638 1328 1679; x_wconf 87' lang='lat' dir='ltr'>teneamini,</span> <span class='ocrx_word' id='word_1_191' title='bbox 1354 1638 1413 1671; x_wconf 86' lang='lat' dir='ltr'>vel</span> <span class='ocrx_word' id='word_1_192' title='bbox 1440 1639 1484 1671; x_wconf 87' lang='lat' dir='ltr'>ad</span> <span class='ocrx_word' id='word_1_193' title='bbox 1511 1639 1548 1672; x_wconf 94' lang='lat' dir='ltr'>id</span> <span class='ocrx_word' id='word_1_194' title='bbox 1574 1638 1744 1684; x_wconf 90' lang='lat' dir='ltr'>compelli</span> <span class='ocrx_word' id='word_1_195' title='bbox 1769 1639 1813 1672; x_wconf 86' lang='lat' dir='ltr'>ab</span> <span class='ocrx_word' id='word_1_196' title='bbox 1838 1639 1960 1685; x_wconf 87' lang='lat' dir='ltr'>aliquo</span> <span class='ocrx_word' id='word_1_197' title='bbox 1982 1641 2131 1675; x_wconf 85' lang='lat' dir='ltr'>valeatis</span> 
     </span>
     <span class='ocr_line' id='line_1_19' title="bbox 252 1702 2131 1752; baseline 0.002 -15"><span class='ocrx_word' id='word_1_198' title='bbox 252 1703 520 1737; x_wconf 88' lang='lat' dir='ltr'>consuetudine</span> <span class='ocrx_word' id='word_1_199' title='bbox 558 1702 720 1749; x_wconf 85' lang='lat' dir='ltr'>qualibet</span> <span class='ocrx_word' id='word_1_200' title='bbox 758 1716 832 1737; x_wconf 92' lang='lat' dir='ltr'>non</span> <span class='ocrx_word' id='word_1_201' title='bbox 870 1703 1037 1738; x_wconf 88' lang='lat' dir='ltr'>obstante</span> <span class='ocrx_word' id='word_1_202' title='bbox 1076 1705 1288 1738; x_wconf 87' lang='lat' dir='ltr'>auctoritate</span> <span class='ocrx_word' id='word_1_203' title='bbox 1326 1705 1432 1739; x_wconf 89' lang='lat' dir='ltr'>vobis</span> <span class='ocrx_word' id='word_1_204' title='bbox 1475 1705 1700 1751; x_wconf 88' lang='lat' dir='ltr'>presentium</span> <span class='ocrx_word' id='word_1_205' title='bbox 1746 1706 1994 1752; x_wconf 82' lang='lat' dir='ltr'>indulgemus.</span> <span class='ocrx_word' id='word_1_206' title='bbox 2034 1708 2131 1741; x_wconf 91' lang='lat' dir='ltr'>Nulli</span> 
     </span>
     <span class='ocr_line' id='line_1_20' title="bbox 252 1771 2130 1820; baseline 0.002 -16"><span class='ocrx_word' id='word_1_207' title='bbox 252 1782 356 1817; x_wconf 85' lang='lat' dir='ltr'>ergo,</span> <span class='ocrx_word' id='word_1_208' title='bbox 381 1775 461 1811; x_wconf 67' lang='lat' dir='ltr'>etc„</span> <span class='ocrx_word' id='word_1_209' title='bbox 489 1776 615 1804; x_wconf 89' lang='lat' dir='ltr'>nostre</span> <span class='ocrx_word' id='word_1_210' title='bbox 640 1771 907 1813; x_wconf 73' lang='lat' dir='ltr'>concessionis,</span> <span class='ocrx_word' id='word_1_211' title='bbox 935 1776 1000 1806; x_wconf 86' lang='lat' dir='ltr'>etc.</span> <span class='ocrx_word' id='word_1_212' title='bbox 1029 1771 1066 1805; x_wconf 87' lang='lat' dir='ltr'>Si</span> <span class='ocrx_word' id='word_1_213' title='bbox 1093 1771 1176 1817; x_wconf 91' lang='lat' dir='ltr'>quis</span> <span class='ocrx_word' id='word_1_214' title='bbox 1203 1778 1336 1814; x_wconf 78' lang='lat' dir='ltr'>autem,</span> <span class='ocrx_word' id='word_1_215' title='bbox 1364 1778 1428 1806; x_wconf 89' lang='lat' dir='ltr'>etc.</span> <span class='ocrx_word' id='word_1_216' title='bbox 1460 1773 1539 1806; x_wconf 85' lang='lat' dir='ltr'>Dat.</span> <span class='ocrx_word' id='word_1_217' title='bbox 1568 1773 1710 1807; x_wconf 85' lang='lat' dir='ltr'>Perusii</span> <span class='ocrx_word' id='word_1_218' title='bbox 1737 1785 1823 1806; x_wconf 93' lang='lat' dir='ltr'>non.</span> <span class='ocrx_word' id='word_1_219' title='bbox 1849 1774 1961 1814; x_wconf 76' lang='lat' dir='ltr'>Junii,</span> <span class='ocrx_word' id='word_1_220' title='bbox 1985 1775 2130 1820; x_wconf 82' lang='lat' dir='ltr'>pontili-</span> 
     </span>
     <span class='ocr_line' id='line_1_21' title="bbox 252 1837 738 1871; baseline 0 -1"><span class='ocrx_word' id='word_1_221' title='bbox 252 1843 354 1871; x_wconf 88' lang='lat' dir='ltr'>catus</span> <span class='ocrx_word' id='word_1_222' title='bbox 374 1837 491 1871; x_wconf 89' lang='lat' dir='ltr'>nostri</span> <span class='ocrx_word' id='word_1_223' title='bbox 511 1849 606 1870; x_wconf 90' lang='lat' dir='ltr'>anno</span> <span class='ocrx_word' id='word_1_224' title='bbox 628 1849 738 1871; x_wconf 91' lang='lat' dir='ltr'>nono.</span> 
     </span>
    </p>

    <p class='ocr_par' dir='ltr' id='par_1_8' title="bbox 252 1934 2128 2017">
     <span class='ocr_line' id='line_1_22' title="bbox 344 1934 2128 1972; baseline 0.003 -14"><span class='ocrx_word' id='word_1_225' title='bbox 344 1934 481 1967; x_wconf 74' lang='lat' dir='ltr'>Originale</span> <span class='ocrx_word' id='word_1_226' title='bbox 500 1935 527 1958; x_wconf 85' lang='lat' dir='ltr'>in</span> <span class='ocrx_word' id='word_1_227' title='bbox 542 1935 619 1959; x_wconf 78' lang='lat' dir='ltr'>Arch.</span> <span class='ocrx_word' id='word_1_228' title='bbox 642 1938 696 1959; x_wconf 76' lang='lat' dir='ltr'>nat.</span> <span class='ocrx_word' id='word_1_229' title='bbox 715 1935 799 1960; x_wconf 80' lang='lat' dir='ltr'>Puris.</span> <span class='ocrx_word' id='word_1_230' title='bbox 817 1935 844 1960; x_wconf 88' lang='lat' dir='ltr'>L.</span> <span class='ocrx_word' id='word_1_231' title='bbox 861 1937 916 1966; x_wconf 81' lang='lat'><strong>247,</strong></span> <span class='ocrx_word' id='word_1_232' title='bbox 934 1940 964 1959; x_wconf 74' lang='lat'>¹1⁰</span> <span class='ocrx_word' id='word_1_233' title='bbox 986 1937 1039 1960; x_wconf 80' lang='grc'>202.</span> <span class='ocrx_word' id='word_1_234' title='bbox 1058 1936 1134 1960; x_wconf 78' lang='lat' dir='ltr'>Bulla</span> <span class='ocrx_word' id='word_1_235' title='bbox 1156 1937 1282 1968; x_wconf 80' lang='lat' dir='ltr'>plumbea</span> <span class='ocrx_word' id='word_1_236' title='bbox 1298 1937 1350 1960; x_wconf 80' lang='lat' dir='ltr'>mis</span> <span class='ocrx_word' id='word_1_237' title='bbox 1367 1937 1443 1961; x_wconf 78' lang='lat' dir='ltr'>serie.</span> <span class='ocrx_word' id='word_1_238' title='bbox 1465 1938 1526 1961; x_wconf 80' lang='lat' dir='ltr'>navi</span> <span class='ocrx_word' id='word_1_239' title='bbox 1545 1941 1571 1962; x_wconf 80' lang='lat' dir='ltr'>et</span> <span class='ocrx_word' id='word_1_240' title='bbox 1591 1938 1665 1962; x_wconf 67' lang='lat' dir='ltr'>rub-³1</span> <span class='ocrx_word' id='word_1_241' title='bbox 1681 1939 1778 1963; x_wconf 82' lang='lat' dir='ltr'>coloris</span> <span class='ocrx_word' id='word_1_242' title='bbox 1800 1940 1968 1972; x_wconf 75' lang='lat' dir='ltr'>appenditur.</span> <span class='ocrx_word' id='word_1_243' title='bbox 1986 1940 2013 1963; x_wconf 87' lang='lat' dir='ltr'>ln</span> <span class='ocrx_word' id='word_1_244' title='bbox 2035 1949 2128 1964; x_wconf 76' lang='lat' dir='ltr'>aversa</span> 
     </span>
     <span class='ocr_line' id='line_1_23' title="bbox 252 1979 2126 2017; baseline 0.003 -14"><span class='ocrx_word' id='word_1_245' title='bbox 252 1979 406 2004; x_wconf 73' lang='lat' dir='ltr'>membrana</span> <span class='ocrx_word' id='word_1_246' title='bbox 428 1979 527 2012; x_wconf 74' lang='lat' dir='ltr'>legitur</span> <span class='ocrx_word' id='word_1_247' title='bbox 546 1988 551 2004; x_wconf 90' lang='lat'>:</span> <span class='ocrx_word' id='word_1_248' title='bbox 575 1988 587 2003; x_wconf 77' lang='grc' dir='ltr'><strong>α</strong></span> <span class='ocrx_word' id='word_1_249' title='bbox 602 1980 650 2004; x_wconf 82' lang='lat' dir='ltr'>Th.</span> <span class='ocrx_word' id='word_1_250' title='bbox 667 1980 699 2004; x_wconf 87' lang='lat' dir='ltr'>de</span> <span class='ocrx_word' id='word_1_251' title='bbox 719 1981 816 2004; x_wconf 78' lang='lat' dir='ltr'>Sancto</span> <span class='ocrx_word' id='word_1_252' title='bbox 836 1980 931 2012; x_wconf 76' lang='lat' dir='ltr'>Egidio</span> <span class='ocrx_word' id='word_1_253' title='bbox 947 1989 968 2004; x_wconf 86' lang='lat'>».</span> <span class='ocrx_word' id='word_1_254' title='bbox 990 1981 1142 2005; x_wconf 78' lang='lat' dir='ltr'>Pertinebnt</span> <span class='ocrx_word' id='word_1_255' title='bbox 1160 1981 1193 2005; x_wconf 83' lang='lat' dir='ltr'>ad</span> <span class='ocrx_word' id='word_1_256' title='bbox 1216 1981 1293 2006; x_wconf 81' lang='lat' dir='ltr'>Arch.</span> <span class='ocrx_word' id='word_1_257' title='bbox 1312 1982 1435 2006; x_wconf 81' lang='lat' dir='ltr'>Univers.</span> <span class='ocrx_word' id='word_1_258' title='bbox 1452 1995 1481 2001; x_wconf 79' lang='lat'>-</span> <span class='ocrx_word' id='word_1_259' title='bbox 1495 1983 1558 2014; x_wconf 79' lang='lat' dir='ltr'>Reg.</span> <span class='ocrx_word' id='word_1_260' title='bbox 1575 1983 1632 2007; x_wconf 79' lang='lat' dir='ltr'>Vnt.</span> <span class='ocrx_word' id='word_1_261' title='bbox 1650 1983 1793 2008; x_wconf 79' lang='lat' dir='ltr'>lnnocentii</span> <span class='ocrx_word' id='word_1_262' title='bbox 1810 1985 1843 2008; x_wconf 84' lang='lat' dir='ltr'>1v</span> <span class='ocrx_word' id='word_1_263' title='bbox 1860 1993 1902 2008; x_wconf 81' lang='lat' dir='ltr'>un.</span> <span class='ocrx_word' id='word_1_264' title='bbox 1919 1986 1942 2013; x_wconf 83' lang='grc'>9,</span> <span class='ocrx_word' id='word_1_265' title='bbox 1956 1993 1997 2017; x_wconf 87' lang='lat' dir='ltr'>ep.</span> <span class='ocrx_word' id='word_1_266' title='bbox 2013 1985 2068 2013; x_wconf 82' lang='grc'><strong>415,</strong></span> <span class='ocrx_word' id='word_1_267' title='bbox 2082 1985 2126 2008; x_wconf 86' lang='lat' dir='ltr'>fol.</span> 
     </span>
    </p>
   </div>
   <div class='ocr_carea' id='block_1_7' title="bbox 251 2023 2128 2101">
    <p class='ocr_par' dir='ltr' id='par_1_9' title="bbox 251 2023 2128 2101">
     <span class='ocr_line' id='line_1_24' title="bbox 251 2023 2128 2059; baseline 0.004 -12"><span class='ocrx_word' id='word_1_268' title='bbox 251 2023 305 2048; x_wconf 78' lang='lat'>¹85.</span> <span class='ocrx_word' id='word_1_269' title='bbox 331 2024 395 2048; x_wconf 83' lang='lat' dir='ltr'>Cod.</span> <span class='ocrx_word' id='word_1_270' title='bbox 417 2024 475 2048; x_wconf 76' lang='lat' dir='ltr'>Vnt.</span> <span class='ocrx_word' id='word_1_271' title='bbox 491 2024 556 2056; x_wconf 72' lang='lat' dir='ltr'>neg.</span> <span class='ocrx_word' id='word_1_272' title='bbox 576 2025 632 2054; x_wconf 78' lang='grc'><strong>406,</strong></span> <span class='ocrx_word' id='word_1_273' title='bbox 655 2025 700 2048; x_wconf 82' lang='lat' dir='ltr'>l&#39;ol.</span> <span class='ocrx_word' id='word_1_274' title='bbox 722 2025 759 2048; x_wconf 82' lang='lat'>16.</span> <span class='ocrx_word' id='word_1_275' title='bbox 785 2025 848 2048; x_wconf 87' lang='lat' dir='ltr'>Cod.</span> <span class='ocrx_word' id='word_1_276' title='bbox 869 2025 927 2049; x_wconf 79' lang='lat' dir='ltr'>Vnt.</span> <span class='ocrx_word' id='word_1_277' title='bbox 948 2025 1096 2057; x_wconf 75' lang='lat' dir='ltr'>Reg.1283,</span> <span class='ocrx_word' id='word_1_278' title='bbox 1115 2026 1159 2050; x_wconf 78' lang='lat' dir='ltr'>rol.</span> <span class='ocrx_word' id='word_1_279' title='bbox 1174 2026 1228 2054; x_wconf 80' lang='lat'>101,</span> <span class='ocrx_word' id='word_1_280' title='bbox 1249 2027 1322 2050; x_wconf 76' lang='lat'>105¹.</span> <span class='ocrx_word' id='word_1_281' title='bbox 1343 2026 1412 2050; x_wconf 81' lang='lat' dir='ltr'>Bihl.</span> <span class='ocrx_word' id='word_1_282' title='bbox 1434 2027 1566 2059; x_wconf 72' lang='lat' dir='ltr'>Phillipps</span> <span class='ocrx_word' id='word_1_283' title='bbox 1582 2027 1607 2051; x_wconf 88' lang='lat' dir='ltr'>in</span> <span class='ocrx_word' id='word_1_284' title='bbox 1619 2028 1799 2057; x_wconf 81' lang='lat' dir='ltr'>Cheltenham,</span> <span class='ocrx_word' id='word_1_285' title='bbox 1817 2037 1865 2053; x_wconf 84' lang='lat' dir='ltr'>ms.</span> <span class='ocrx_word' id='word_1_286' title='bbox 1882 2030 1936 2058; x_wconf 77' lang='lat'>876,</span> <span class='ocrx_word' id='word_1_287' title='bbox 1954 2030 2128 2059; x_wconf 70' lang='lat' dir='ltr'>sol.16¹²‚nub</span> 
     </span>
     <span class='ocr_line' id='line_1_25' title="bbox 251 2067 1090 2101; baseline 0.002 -9"><span class='ocrx_word' id='word_1_288' title='bbox 251 2067 375 2092; x_wconf 77' lang='lat' dir='ltr'>rubrica:</span> <span class='ocrx_word' id='word_1_289' title='bbox 393 2077 406 2092; x_wconf 74' lang='grc' dir='ltr'><strong>α</strong></span> <span class='ocrx_word' id='word_1_290' title='bbox 418 2068 456 2092; x_wconf 77' lang='lat' dir='ltr'>Ne</span> <span class='ocrx_word' id='word_1_291' title='bbox 469 2068 567 2101; x_wconf 72' lang='lat' dir='ltr'>aliquis</span> <span class='ocrx_word' id='word_1_292' title='bbox 579 2076 602 2097; x_wconf 71' lang='lat' dir='ltr'>n,</span> <span class='ocrx_word' id='word_1_293' title='bbox 617 2072 667 2094; x_wconf 76' lang='lat' dir='ltr'>ete.</span> <span class='ocrx_word' id='word_1_294' title='bbox 684 2072 713 2093; x_wconf 85' lang='lat' dir='ltr'>ut.</span> <span class='ocrx_word' id='word_1_295' title='bbox 729 2077 820 2101; x_wconf 69' lang='lat' dir='ltr'>supra.</span> <span class='ocrx_word' id='word_1_296' title='bbox 836 2069 960 2098; x_wconf 76' lang='lat' dir='ltr'>Bulaeus,</span> <span class='ocrx_word' id='word_1_297' title='bbox 974 2070 1020 2098; x_wconf 79' lang='lat' dir='ltr'>ln,</span> <span class='ocrx_word' id='word_1_298' title='bbox 1036 2071 1090 2094; x_wconf 77' lang='lat'>243.</span> 
     </span>
    </p>
   </div>
   <div class='ocr_carea' id='block_1_8' title="bbox 246 2251 2125 2972">
    <p class='ocr_par' dir='ltr' id='par_1_10' title="bbox 252 2251 1839 2339">
     <span class='ocr_line' id='line_1_26' title="bbox 252 2251 956 2299; baseline 0.004 -12"><span class='ocrx_word' id='word_1_299' title='bbox 252 2251 365 2288; x_wconf 83' lang='lat'>212.</span> <span class='ocrx_word' id='word_1_300' title='bbox 391 2261 573 2288; x_wconf 71' lang='lat' dir='ltr'>Comen-vatio</span> <span class='ocrx_word' id='word_1_301' title='bbox 585 2261 731 2298; x_wconf 66' lang='lat' dir='ltr'>privilegii</span> <span class='ocrx_word' id='word_1_302' title='bbox 742 2262 956 2299; x_wconf 73' lang='lat' dir='ltr'>praecedentis.</span> 
     </span>
     <span class='ocr_line' id='line_1_27' title="bbox 1516 2309 1839 2339; baseline 0.003 -4"><span class='ocrx_word' id='word_1_303' title='bbox 1516 2309 1595 2338; x_wconf 77' lang='lat'><strong><em>1252,</em></strong></span> <span class='ocrx_word' id='word_1_304' title='bbox 1609 2309 1680 2335; x_wconf 70' lang='lat' dir='ltr'>duni}</span> <span class='ocrx_word' id='word_1_305' title='bbox 1691 2310 1717 2339; x_wconf 83' lang='lat'>5.</span> <span class='ocrx_word' id='word_1_306' title='bbox 1734 2310 1839 2336; x_wconf 65' lang='lat' dir='ltr'>Petunti.</span> 
     </span>
    </p>

    <p class='ocr_par' dir='ltr' id='par_1_11' title="bbox 246 2387 2125 2972">
     <span class='ocr_line' id='line_1_28' title="bbox 343 2387 2125 2438; baseline 0.004 -18"><span class='ocrx_word' id='word_1_307' title='bbox 343 2387 580 2421; x_wconf 87' lang='lat' dir='ltr'>Innocentius</span> <span class='ocrx_word' id='word_1_308' title='bbox 599 2387 797 2434; x_wconf 88' lang='lat' dir='ltr'>episcopus</span> <span class='ocrx_word' id='word_1_309' title='bbox 817 2400 947 2423; x_wconf 83' lang='lat' dir='ltr'>servus</span> <span class='ocrx_word' id='word_1_310' title='bbox 968 2401 1157 2423; x_wconf 89' lang='lat' dir='ltr'>servorum</span> <span class='ocrx_word' id='word_1_311' title='bbox 1185 2391 1251 2424; x_wconf 90' lang='lat' dir='ltr'>Dei</span> <span class='ocrx_word' id='word_1_312' title='bbox 1276 2391 1475 2425; x_wconf 84' lang='lat' dir='ltr'>venerabili</span> <span class='ocrx_word' id='word_1_313' title='bbox 1496 2392 1597 2425; x_wconf 83' lang='lat' dir='ltr'>fratri</span> <span class='ocrx_word' id='word_1_314' title='bbox 1620 2418 1641 2424; x_wconf 93' lang='lat'>..</span> <span class='ocrx_word' id='word_1_315' title='bbox 1664 2393 1838 2438; x_wconf 87' lang='lat' dir='ltr'>episcopo</span> <span class='ocrx_word' id='word_1_316' title='bbox 1862 2393 2125 2429; x_wconf 85' lang='lat' dir='ltr'>Silvanectensi</span> 
     </span>
     <span class='ocr_line' id='line_1_29' title="bbox 251 2453 2125 2506; baseline 0.004 -20"><span class='ocrx_word' id='word_1_317' title='bbox 251 2453 404 2488; x_wconf 85' lang='lat' dir='ltr'>salutem</span> <span class='ocrx_word' id='word_1_318' title='bbox 435 2460 470 2487; x_wconf 90' lang='lat' dir='ltr'>et</span> <span class='ocrx_word' id='word_1_319' title='bbox 498 2453 733 2500; x_wconf 87' lang='lat' dir='ltr'>apostolicam</span> <span class='ocrx_word' id='word_1_320' title='bbox 769 2454 1075 2489; x_wconf 84' lang='lat' dir='ltr'>benedictionem.</span> <span class='ocrx_word' id='word_1_321' title='bbox 1110 2456 1287 2491; x_wconf 87' lang='lat' dir='ltr'>Volentes</span> <span class='ocrx_word' id='word_1_322' title='bbox 1316 2457 1471 2491; x_wconf 89' lang='lat' dir='ltr'>dilectos</span> <span class='ocrx_word' id='word_1_323' title='bbox 1505 2457 1600 2491; x_wconf 85' lang='lat' dir='ltr'>filios</span> <span class='ocrx_word' id='word_1_324' title='bbox 1634 2459 1827 2493; x_wconf 89' lang='lat' dir='ltr'>universos</span> <span class='ocrx_word' id='word_1_325' title='bbox 1862 2461 2056 2506; x_wconf 86' lang='lat' dir='ltr'>magistros</span> <span class='ocrx_word' id='word_1_326' title='bbox 2091 2469 2125 2495; x_wconf 91' lang='lat' dir='ltr'>et</span> 
     </span>
     <span class='ocr_line' id='line_1_30' title="bbox 250 2519 2123 2574; baseline 0.005 -21"><span class='ocrx_word' id='word_1_327' title='bbox 250 2519 411 2554; x_wconf 86' lang='lat' dir='ltr'>scolares</span> <span class='ocrx_word' id='word_1_328' title='bbox 442 2520 669 2555; x_wconf 77' lang='lat' dir='ltr'>Parisienses</span> <span class='ocrx_word' id='word_1_329' title='bbox 699 2521 820 2567; x_wconf 91' lang='lat' dir='ltr'>quiete</span> <span class='ocrx_word' id='word_1_330' title='bbox 851 2521 1030 2556; x_wconf 83' lang='lat' dir='ltr'>libertatis</span> <span class='ocrx_word' id='word_1_331' title='bbox 1060 2523 1288 2568; x_wconf 78' lang='lat' dir='ltr'>prerogativa</span> <span class='ocrx_word' id='word_1_332' title='bbox 1318 2524 1494 2569; x_wconf 79' lang='lat' dir='ltr'>gaudere,</span> <span class='ocrx_word' id='word_1_333' title='bbox 1525 2531 1563 2558; x_wconf 92' lang='lat' dir='ltr'>ut</span> <span class='ocrx_word' id='word_1_334' title='bbox 1594 2524 1707 2559; x_wconf 84' lang='lat' dir='ltr'>nichil</span> <span class='ocrx_word' id='word_1_335' title='bbox 1735 2525 1842 2559; x_wconf 80' lang='lat' dir='ltr'>alicui</span> <span class='ocrx_word' id='word_1_336' title='bbox 1873 2539 1938 2572; x_wconf 90' lang='lat' dir='ltr'>pro</span> <span class='ocrx_word' id='word_1_337' title='bbox 1968 2528 2123 2574; x_wconf 85' lang='lat' dir='ltr'>pedagio</span> 
     </span>
     <span class='ocr_line' id='line_1_31' title="bbox 249 2587 2124 2636; baseline 0.005 -16"><span class='ocrx_word' id='word_1_338' title='bbox 249 2593 380 2621; x_wconf 88' lang='lat' dir='ltr'>euntes</span> <span class='ocrx_word' id='word_1_339' title='bbox 409 2587 571 2621; x_wconf 83' lang='lat' dir='ltr'>Parisius</span> <span class='ocrx_word' id='word_1_340' title='bbox 598 2599 704 2621; x_wconf 87' lang='lat' dir='ltr'>causa</span> <span class='ocrx_word' id='word_1_341' title='bbox 733 2587 859 2629; x_wconf 74' lang='lat' dir='ltr'>studii,</span> <span class='ocrx_word' id='word_1_342' title='bbox 886 2595 947 2622; x_wconf 85' lang='lat' dir='ltr'>aut</span> <span class='ocrx_word' id='word_1_343' title='bbox 973 2589 1104 2623; x_wconf 86' lang='lat' dir='ltr'>exinde</span> <span class='ocrx_word' id='word_1_344' title='bbox 1131 2589 1175 2623; x_wconf 91' lang='lat' dir='ltr'>ad</span> <span class='ocrx_word' id='word_1_345' title='bbox 1207 2590 1352 2636; x_wconf 85' lang='lat' dir='ltr'>propria</span> <span class='ocrx_word' id='word_1_346' title='bbox 1382 2590 1580 2625; x_wconf 88' lang='lat' dir='ltr'>redeuntes</span> <span class='ocrx_word' id='word_1_347' title='bbox 1607 2591 1751 2626; x_wconf 84' lang='lat' dir='ltr'>solvere</span> <span class='ocrx_word' id='word_1_348' title='bbox 1781 2599 1972 2627; x_wconf 81' lang='lat' dir='ltr'>teneantur</span> <span class='ocrx_word' id='word_1_349' title='bbox 1997 2595 2054 2628; x_wconf 88' lang='lat' dir='ltr'>vel</span> <span class='ocrx_word' id='word_1_350' title='bbox 2081 2595 2124 2629; x_wconf 82' lang='lat' dir='ltr'>ad</span> 
     </span>
     <span class='ocr_line' id='line_1_32' title="bbox 250 2653 2125 2704; baseline 0.005 -18"><span class='ocrx_word' id='word_1_351' title='bbox 250 2653 285 2687; x_wconf 92' lang='lat' dir='ltr'>id</span> <span class='ocrx_word' id='word_1_352' title='bbox 306 2653 476 2699; x_wconf 89' lang='lat' dir='ltr'>compelli</span> <span class='ocrx_word' id='word_1_353' title='bbox 496 2653 540 2687; x_wconf 86' lang='lat' dir='ltr'>ab</span> <span class='ocrx_word' id='word_1_354' title='bbox 560 2653 682 2700; x_wconf 84' lang='lat' dir='ltr'>aliquo</span> <span class='ocrx_word' id='word_1_355' title='bbox 702 2654 857 2696; x_wconf 74' lang='lat' dir='ltr'>valeant,</span> <span class='ocrx_word' id='word_1_356' title='bbox 878 2655 1145 2689; x_wconf 87' lang='lat' dir='ltr'>consuetudine</span> <span class='ocrx_word' id='word_1_357' title='bbox 1173 2655 1335 2702; x_wconf 89' lang='lat' dir='ltr'>qualibet</span> <span class='ocrx_word' id='word_1_358' title='bbox 1360 2669 1432 2690; x_wconf 90' lang='lat' dir='ltr'>non</span> <span class='ocrx_word' id='word_1_359' title='bbox 1458 2656 1625 2692; x_wconf 84' lang='lat' dir='ltr'>obstante</span> <span class='ocrx_word' id='word_1_360' title='bbox 1655 2671 1720 2704; x_wconf 90' lang='lat' dir='ltr'>per</span> <span class='ocrx_word' id='word_1_361' title='bbox 1747 2658 1886 2693; x_wconf 90' lang='lat' dir='ltr'>litteras</span> <span class='ocrx_word' id='word_1_362' title='bbox 1907 2667 2050 2695; x_wconf 86' lang='lat' dir='ltr'>nostras</span> <span class='ocrx_word' id='word_1_363' title='bbox 2070 2662 2125 2695; x_wconf 84' lang='lat' dir='ltr'>eis</span> 
     </span>
     <span class='ocr_line' id='line_1_33' title="bbox 249 2719 2123 2773; baseline 0.004 -19"><span class='ocrx_word' id='word_1_364' title='bbox 249 2719 419 2754; x_wconf 86' lang='lat' dir='ltr'>duximus</span> <span class='ocrx_word' id='word_1_365' title='bbox 439 2720 719 2767; x_wconf 86' lang='lat' dir='ltr'>indulgendum.</span> <span class='ocrx_word' id='word_1_366' title='bbox 742 2722 920 2765; x_wconf 85' lang='lat' dir='ltr'>Quocirca</span> <span class='ocrx_word' id='word_1_367' title='bbox 941 2722 1153 2757; x_wconf 79' lang='lat' dir='ltr'>fraternitati</span> <span class='ocrx_word' id='word_1_368' title='bbox 1176 2729 1235 2757; x_wconf 88' lang='lat' dir='ltr'>tue</span> <span class='ocrx_word' id='word_1_369' title='bbox 1257 2735 1322 2769; x_wconf 88' lang='lat' dir='ltr'>per</span> <span class='ocrx_word' id='word_1_370' title='bbox 1337 2723 1535 2770; x_wconf 82' lang='lat' dir='ltr'>apostolica</span> <span class='ocrx_word' id='word_1_371' title='bbox 1555 2725 1687 2771; x_wconf 86' lang='lat' dir='ltr'>scripta</span> <span class='ocrx_word' id='word_1_372' title='bbox 1709 2726 1934 2769; x_wconf 82' lang='lat' dir='ltr'>mandamus,</span> <span class='ocrx_word' id='word_1_373' title='bbox 1952 2729 2123 2773; x_wconf 86' lang='lat' dir='ltr'>quatinus</span> 
     </span>
     <span class='ocr_line' id='line_1_34' title="bbox 249 2786 2121 2840; baseline 0.004 -20"><span class='ocrx_word' id='word_1_374' title='bbox 249 2786 443 2833; x_wconf 82' lang='lat' dir='ltr'>magistros</span> <span class='ocrx_word' id='word_1_375' title='bbox 471 2794 506 2822; x_wconf 88' lang='lat' dir='ltr'>et</span> <span class='ocrx_word' id='word_1_376' title='bbox 529 2787 691 2822; x_wconf 87' lang='lat' dir='ltr'>scolares</span> <span class='ocrx_word' id='word_1_377' title='bbox 717 2788 901 2834; x_wconf 89' lang='lat' dir='ltr'>predictos</span> <span class='ocrx_word' id='word_1_378' title='bbox 926 2795 1051 2823; x_wconf 85' lang='lat' dir='ltr'>contra</span> <span class='ocrx_word' id='word_1_379' title='bbox 1076 2790 1329 2824; x_wconf 84' lang='lat' dir='ltr'>concessionis</span> <span class='ocrx_word' id='word_1_380' title='bbox 1356 2797 1479 2825; x_wconf 88' lang='lat' dir='ltr'>nostre</span> <span class='ocrx_word' id='word_1_381' title='bbox 1507 2798 1669 2826; x_wconf 89' lang='lat' dir='ltr'>tenorem</span> <span class='ocrx_word' id='word_1_382' title='bbox 1697 2805 1769 2826; x_wconf 92' lang='lat' dir='ltr'>non</span> <span class='ocrx_word' id='word_1_383' title='bbox 1797 2794 1983 2839; x_wconf 85' lang='lat' dir='ltr'>permittas</span> <span class='ocrx_word' id='word_1_384' title='bbox 2011 2807 2121 2840; x_wconf 87' lang='lat' dir='ltr'>super</span> 
     </span>
     <span class='ocr_line' id='line_1_35' title="bbox 247 2851 2119 2904; baseline 0.004 -17"><span class='ocrx_word' id='word_1_385' title='bbox 247 2851 319 2887; x_wconf 89' lang='lat' dir='ltr'>hiis</span> <span class='ocrx_word' id='word_1_386' title='bbox 338 2852 383 2887; x_wconf 84' lang='lat' dir='ltr'>ab</span> <span class='ocrx_word' id='word_1_387' title='bbox 403 2853 587 2900; x_wconf 86' lang='lat' dir='ltr'>aliquibus</span> <span class='ocrx_word' id='word_1_388' title='bbox 607 2854 770 2889; x_wconf 91' lang='lat' dir='ltr'>indebite</span> <span class='ocrx_word' id='word_1_389' title='bbox 796 2855 994 2897; x_wconf 75' lang='lat' dir='ltr'>molestari,</span> <span class='ocrx_word' id='word_1_390' title='bbox 1016 2855 1271 2891; x_wconf 84' lang='lat' dir='ltr'>molestatores</span> <span class='ocrx_word' id='word_1_391' title='bbox 1295 2856 1506 2903; x_wconf 88' lang='lat' dir='ltr'>hujusmodi</span> <span class='ocrx_word' id='word_1_392' title='bbox 1532 2871 1597 2904; x_wconf 77' lang='lat' dir='ltr'>per</span> <span class='ocrx_word' id='word_1_393' title='bbox 1621 2871 1812 2894; x_wconf 86' lang='lat' dir='ltr'>censuram</span> <span class='ocrx_word' id='word_1_394' title='bbox 1839 2860 2119 2895; x_wconf 79' lang='lat' dir='ltr'>ecclesiasticam</span> 
     </span>
     <span class='ocr_line' id='line_1_36' title="bbox 246 2919 2118 2972; baseline 0.004 -19"><span class='ocrx_word' id='word_1_395' title='bbox 246 2919 489 2966; x_wconf 80' lang='lat' dir='ltr'>appellatione</span> <span class='ocrx_word' id='word_1_396' title='bbox 524 2921 724 2967; x_wconf 86' lang='lat' dir='ltr'>postposita</span> <span class='ocrx_word' id='word_1_397' title='bbox 759 2922 1041 2968; x_wconf 72' lang='lat' dir='ltr'>compescendo,</span> <span class='ocrx_word' id='word_1_398' title='bbox 1077 2935 1150 2956; x_wconf 89' lang='lat' dir='ltr'>non</span> <span class='ocrx_word' id='word_1_399' title='bbox 1185 2923 1365 2966; x_wconf 86' lang='lat' dir='ltr'>obstante,</span> <span class='ocrx_word' id='word_1_400' title='bbox 1397 2925 1428 2958; x_wconf 88' lang='lat' dir='ltr'>si</span> <span class='ocrx_word' id='word_1_401' title='bbox 1457 2924 1642 2971; x_wconf 81' lang='lat' dir='ltr'>aliquibus</span> <span class='ocrx_word' id='word_1_402' title='bbox 1672 2939 1690 2960; x_wconf 86' lang='lat' dir='ltr'>a</span> <span class='ocrx_word' id='word_1_403' title='bbox 1721 2926 1808 2960; x_wconf 76' lang='lat' dir='ltr'>sede</span> <span class='ocrx_word' id='word_1_404' title='bbox 1842 2927 2039 2972; x_wconf 78' lang='lat' dir='ltr'>apostolica</span> <span class='ocrx_word' id='word_1_405' title='bbox 2074 2928 2118 2960; x_wconf 70' lang='lat' dir='ltr'>sit</span> 
     </span>
    </p>
   </div>
   <div class='ocr_carea' id='block_1_9' title="bbox 249 2985 2118 3039">
    <p class='ocr_par' dir='ltr' id='par_1_12' title="bbox 249 2985 2118 3039">
     <span class='ocr_line' id='line_1_37' title="bbox 249 2985 2118 3039; baseline 0.004 -20"><span class='ocrx_word' id='word_1_406' title='bbox 249 2985 443 3029; x_wconf 84' lang='lat' dir='ltr'>indultum,</span> <span class='ocrx_word' id='word_1_407' title='bbox 464 2987 561 3033; x_wconf 91' lang='lat' dir='ltr'>quod</span> <span class='ocrx_word' id='word_1_408' title='bbox 583 2989 887 3023; x_wconf 87' lang='lat' dir='ltr'>excommunicari</span> <span class='ocrx_word' id='word_1_409' title='bbox 908 2996 969 3023; x_wconf 86' lang='lat' dir='ltr'>aut</span> <span class='ocrx_word' id='word_1_410' title='bbox 988 2989 1156 3023; x_wconf 89' lang='lat' dir='ltr'>interdici</span> <span class='ocrx_word' id='word_1_411' title='bbox 1179 2997 1359 3036; x_wconf 87' lang='lat' dir='ltr'>nequeant</span> <span class='ocrx_word' id='word_1_412' title='bbox 1381 3003 1445 3037; x_wconf 86' lang='lat' dir='ltr'>per</span> <span class='ocrx_word' id='word_1_413' title='bbox 1466 2991 1603 3026; x_wconf 82' lang='lat' dir='ltr'>litteras</span> <span class='ocrx_word' id='word_1_414' title='bbox 1619 2993 1838 3038; x_wconf 79' lang='lat' dir='ltr'>apostolicas</span> <span class='ocrx_word' id='word_1_415' title='bbox 1855 2993 1910 3027; x_wconf 76' lang='lat' dir='ltr'>vel</span> <span class='ocrx_word' id='word_1_416' title='bbox 1928 2994 2118 3039; x_wconf 80' lang='lat' dir='ltr'>suspendi,</span> 
     </span>
    </p>
   </div>
  </div>
 </body>
</html>
