2580 3528
486 409 552 441 396
1067 417 1387 440 annTULAan
1422 415 1613 437 UNIVERS.
1652 415 1780 438 rmus.
2266 408 2366 450 [1259

486 499 565 526 tuas
595 492 734 525 litteras
764 492 929 525 intimare
960 503 1149 537 procures,
1181 498 1220 523 ut
1248 497 1371 523 contra
1402 489 1508 522 talem
1539 489 1751 522 nominatim
1782 497 1817 523 et
1845 491 1994 536 gravius
2023 491 2252 537 procedatur.
2284 493 2363 526 Dat.

485 559 652 604 Anagnis
681 559 742 603 viij
774 559 842 591 kal.
874 558 1045 603 Augusti7
1078 557 1309 602 pontificatus
1340 556 1456 588 nostri
1487 568 1581 588 anno
1612 556 1752 601 quinto.

578 670 647 694 131111.
664 670 818 693 Ususmaris
834 669 859 692 in
876 669 987 692 Archivo
1003 668 1119 700 generali
1135 668 1198 691 Ord.
1213 667 1316 695 Praed.,
1332 676 1358 698 p.
1375 668 1414 690 49.
1427 667 1524 698 Ripoll‚
1540 667 1619 692 Bull.
1639 668 1704 692 Ord.
1718 668 1831 697 Praed„
1847 669 1867 697 l,
1883 669 1937 698 379,
1953 673 1983 692 n⁰
1998 670 2052 698 245,

579 755 601 777 1.
620 754 776 778 Guillelmus
794 754 825 776 de
839 753 913 777 Grez.

484 880 596 916 345.
620 888 788 914 .·1ἶε.Υαηᾱεν
802 890 846 915 IV
857 888 897 913 acl
911 888 1105 913 Haimericum
1121 887 1328 913 cancellarium
1343 888 1439 913 Paris.
1457 887 1493 913 de
1508 887 1694 914 licentiandis
1710 888 1739 914 in
1755 897 1934 925 quacumque
1948 889 2100 924 facultate.

1713 978 1790 1008 12⁵9,
1807 978 1870 1004 Julii
1879 979 1924 1009 25,
1939 979 2075 1012 Anaynlao.

570 1051 777 1084 Alexander
803 1051 998 1096 episcopus
1024 1063 1153 1084 servus
1179 1063 1368 1084 servorum
1396 1051 1462 1084 Dei
1484 1051 1616 1085 dilecto
1642 1051 1718 1085 filio
1744 1053 1960 1086 cancellario
1986 1054 2183 1087 Parisiensi
2209 1054 2359 1089 salutem

482 1125 517 1150 et
541 1117 775 1162 apostolicam
806 1117 1113 1150 benedictionem.
1145 1118 1374 1151 Presentium
1406 1118 1470 1151 tibi
1500 1119 1726 1160 auctoritate7
1757 1125 1820 1153 etc.
1850 1120 1943 1154 Sicut
1971 1132 2081 1165 supra
2110 1125 2148 1154 n⁰
2171 1122 2248 1156 337.
2280 1123 2358 1156 Dat.

479 1184 645 1229 Anagnie
670 1185 731 1229 viij
759 1184 827 1217 kal.
854 1184 1025 1229 Augusti7
1054 1184 1286 1229 pontificatus
1312 1185 1428 1218 nostri
1454 1198 1549 1218 anno
1575 1186 1715 1231 quinto.

572 1283 634 1305 Cod.
651 1283 708 1305 Vnt.
725 1283 787 1314 Reg.
804 1284 858 1311 406,
876 1283 920 1305 sol.
937 1282 992 1306 22¹).
1010 1282 1078 1306 Bibl.
1095 1283 1227 1314 phillipps
1244 1283 1270 1306 in
1279 1283 1460 1312 Cheltenham,
1477 1292 1525 1307 ms.
1539 1285 1593 1311 876,
1609 1285 1653 1308 sol.
1666 1286 1704 1309 29.
1721 1285 1760 1309 Cf.
1773 1286 1806 1309 ad
1822 1285 1871 1309 hoc
1885 1289 1975 1309 notam
1990 1286 2023 1309 ad
2036 1290 2065 1309 n⁰
2075 1287 2129 1310 303.
2142 1287 2205 1310 Cod.
2217 1287 2357 1311 Rutenens.

478 1327 560 1358 Capp.
578 1328 693 1358 general.
711 1327 773 1350 Ord.
791 1327 884 1350 praed.
901 1327 934 1350 ad
950 1327 1012 1351 Ord.
1026 1327 1170 1358 pertinens,
1183 1336 1210 1359 p.
1227 1329 1281 1356 262,
1298 1328 1343 1351 uhi
1358 1329 1555 1359 praemittitur:
1568 1338 1579 1352 «
1591 1329 1728 1353 Universis
1744 1333 1880 1361 presentes
1894 1330 1996 1354 litteras
2010 1330 2169 1362 inspecturis
2185 1327 2358 1356 cancellarius

476 1371 634 1394 Parisiensis
650 1371 731 1395 vitam
747 1372 860 1394 beatam.
877 1371 1018 1400 Noveritis,
1035 1372 1105 1403 quod
1116 1380 1165 1403 ego
1179 1380 1247 1395 anno
1263 1373 1367 1395 Domini
1382 1373 1470 1397 MCCL
1486 1382 1554 1396 nono
1569 1382 1658 1397 mense
1675 1374 1825 1406 Septembri
1840 1375 1927 1406 recepi
1951 1375 2054 1399 litteras
2071 1376 2171 1399 domini
2185 1384 2255 1408 pape
2268 1376 2296 1400 in
2309 1376 2358 1401 hec

475 1416 557 1439 verba
573 1425 635 1439 )).-
647 1417 770 1444 Bulaeus,
788 1417 830 1444 lll,
847 1417 901 1445 346,
918 1416 1077 1439 mentionem
1093 1416 1156 1440 facit
1171 1417 1266 1440 harum
1281 1417 1430 1440 litterarum
1446 1418 1478 1441 ud
1494 1418 1538 1441 fin.
1555 1418 1619 1441 Julii
1635 1426 1678 1442 an.
1695 1419 1764 1443 1258.
1781 1420 1857 1443 Recte
1872 1419 2010 1452 Jourdain,
2027 1425 2057 1443 n⁰
2072 1421 2125 1444 177.

473 1622 607 1659 3453.
624 1631 781 1657 Ludovicus
794 1633 841 1667 IX,
853 1634 1027 1658 Francorum
1041 1642 1100 1664 ret,
1114 1633 1258 1667 fratribus
1274 1633 1374 1659 domus
1387 1635 1413 1660 S.
1426 1635 1568 1660 Μαῖαν-ἰπὶ
1580 1634 1723 1670 quasdam
1735 1635 1924 1661 domunculas
1936 1639 2003 1662 ante
2010 1636 2158 1672 palatium
2172 1637 2355 1665 Thermarum

562 1681 659 1716 donat,
679 1690 751 1716 quas
766 1684 875 1715 fratres
892 1681 989 1708 eodem
1006 1686 1132 1718 tempore
1148 1682 1271 1708 Roberto
1287 1682 1323 1708 de
1339 1682 1469 1709 Sorbona
1485 1683 1679 1710 vendiderunt.

1667 1774 1746 1803 1259,
1762 1781 1851 1800 mense
1865 1774 1939 1804 ιΙυΙΙο,
1955 1774 2067 1801 cor-bom.

560 1845 766 1878 Ludovicus
798 1845 864 1878 Dei
894 1845 1008 1890 gratia
1039 1847 1261 1878 Francorum
1293 1858 1367 1879 rcx.
1399 1848 1577 1881 Noverint
1600 1848 1764 1882 universi
1794 1855 1985 1894 presentes
2015 1850 2150 1894 pariter
2179 1857 2215 1884 et
2241 1852 2353 1886 futuri

471 1912 568 1956 quod
598 1924 665 1944 nos
695 1912 827 1944 intuitu
859 1912 1003 1957 pietatis
1035 1919 1070 1945 et
1099 1925 1164 1958 pro
1196 1913 1314 1946 anime
1345 1921 1470 1947 nostre
1501 1921 1536 1947 et
1565 1921 1838 1948 antecessorum
1868 1922 2078 1949 nostrorum
2108 1917 2285 1961 remedio,
2318 1926 2353 1953 et

470 1978 507 2010 in
533 1979 913 2023 recompensacionem
936 1980 1125 2024 cujusdam
1146 1979 1320 2025 granchie
1342 1981 1410 2014 site
1432 1988 1514 2014 ante
1534 1981 1710 2026 palacium
1733 1983 1957 2024 Termarum,
1981 1983 2152 2029 contigue
2177 1985 2351 2030 granchie

470 2057 540 2089 que
569 2045 637 2077 suit
664 2045 839 2078 Johannis
871 2046 915 2078 de
946 2046 1184 2088 Castellione‚
1216 2059 1322 2092 quam
1353 2047 1397 2080 ad
1428 2059 1520 2093 opus
1551 2055 1716 2081 nostrum
1748 2048 1792 2081 de
1821 2048 2007 2082 voluntate
2036 2050 2185 2083 fratrum
2220 2051 2351 2086 domus

470 2112 589 2145 Sancti
620 2112 790 2145 Maturini
819 2113 1052 2154 Parisiensis7
1075 2113 1225 2146 Ordinis
1252 2115 1380 2147 Sancte
1406 2115 1592 2148 Trinitatis
1619 2122 1654 2148 et
1678 2115 1926 2160 Captivorum,
1952 2116 2183 2160 retinuimus,
2211 2118 2349 2152 eisdem

467 2178 639 2211 fratribus
671 2179 838 2211 dedimus
869 2186 904 2212 et
933 2180 1186 2213 concessimus
1216 2180 1252 2212 in
1283 2193 1409 2225 puram
1440 2187 1476 2214 et
1500 2188 1710 2226 perpetuam
1733 2182 1969 2216 elemosinam
1996 2184 2170 2228 quasdam
2196 2184 2350 2218 domun-

467 2245 566 2278 culas
597 2245 684 2278 sitas
714 2252 795 2278 ante
826 2246 960 2279 dictum
992 2246 1182 2292 palacium,
1210 2247 1382 2280 videlicet
1406 2259 1513 2280 unam
1540 2260 1610 2293 que
1641 2249 1708 2282 fuit
1732 2248 1911 2282 Gileberti
1937 2249 2217 2293 barbitonsoris‚
2244 2251 2347 2285 aliam

468 2324 537 2356 que
562 2312 629 2345 suit
657 2312 853 2357 Apriliosc,
882 2320 917 2346 ct
941 2313 1045 2346 aliam
1078 2326 1148 2358 que
1178 2314 1245 2347 suit
1275 2314 1424 2347 Roberti
1455 2314 1650 2359 presbiteri
1682 2316 1801 2348 Sancti
1832 2316 2021 2350 Benedicti
2051 2318 2281 2360 parisiensis,
2314 2325 2350 2352 et

468 2390 627 2411 cameras
662 2391 732 2423 que
766 2380 914 2412 suerunt
943 2380 1108 2413 Gausridi
1140 2379 1316 2422 Chauvel,
1348 2393 1437 2425 quas
1469 2393 1672 2414 emeramus
1702 2381 1746 2414 ab
1777 2381 1915 2414 eisdem
1951 2384 2132 2427 personis.
2169 2385 2276 2428 Quod
2296 2390 2349 2418 'ut
2383 2380 2386 2383 Δ

468 2451 580 2476 ratum
603 2451 638 2477 et
658 2444 786 2477 stabile
808 2453 1016 2490 permaneat
1035 2446 1072 2479 in
1093 2447 1268 2489 futurum,
1291 2453 1482 2492 presentes
1503 2447 1641 2480 litteras
1663 2447 1777 2493 sigilli
1798 2448 1914 2481 nostri
1934 2448 2087 2482 fecimus
2104 2450 2347 2495 impressione

467 2510 612 2543 muniri.
665 2511 794 2544 Actum
833 2512 998 2546 Corbolii
1036 2525 1130 2546 anno
1166 2513 1312 2546 Domini
1346 2513 1541 2547 millesimo
1576 2514 1853 2547 ducentensimo
1894 2515 2198 2560 quinquagesimo
2234 2527 2345 2560 nono²

470 2588 595 2608 mense
624 2577 733 2609 Julio.

563 2673 698 2704 Originule
720 2674 746 2697 in
769 2675 845 2698 Arch.
862 2679 915 2699 nat.
932 2676 1015 2700 Paris.
1034 2677 1059 2700 S.
1076 2677 1147 2706 6213,
1170 2681 1199 2700 n⁰
1218 2678 1257 2701 67.
1276 2678 1402 2709 Superest
1423 2678 1567 2701 taeniolum
1591 2678 1769 2702 membranae.
1786 2692 1816 2696 —
1835 2679 1944 2703 cartul.
1965 2680 1999 2703 de
2022 2679 2052 2703 la
2066 2679 2218 2708 Sorbonne,
2234 2679 2261 2703 in
2275 2679 2345 2704 Bibl.

468 2720 521 2741 nat.
538 2717 632 2746 Puris,
648 2726 697 2741 ms.
714 2719 759 2742 lat.
777 2720 861 2748 16069,
875 2720 919 2743 fol.
936 2721 959 2743 1.
974 2734 1004 2738 —
1021 2721 1073 2744 Has
1090 2722 1184 2745 domus
1200 2722 1329 2754 Rogerius
1345 2722 1465 2746 minister
1482 2724 1507 2746 S.
1522 2723 1648 2746 Muturini
1661 2726 1784 2754 totusque
1796 2726 1940 2747 conventus
1955 2723 2130 2747 vendiderunt
2139 2727 2164 2747 et
2178 2723 2348 2756 quitaverunt

467 2761 558 2784 eodem
573 2770 641 2784 anno
656 2762 797 2794 eodemque
822 2772 909 2787 mense
925 2765 1053 2796 magistro
1069 2766 1183 2789 Roberto
1194 2767 1226 2790 de
1240 2767 1368 2790 sorbonn.
1386 2766 1522 2799 Originule
1538 2767 1564 2790 in
1575 2767 1652 2791 Arch.
1664 2770 1728 2796 nat.,
1740 2767 1757 2790 l.
1770 2775 1802 2796 c.,
1814 2771 1844 2790 n⁰
1854 2768 1892 2791 66.
1905 2768 1995 2792 Restat
2009 2767 2153 2792 taeniolum
2167 2768 2345 2794 membranae.

470 2806 577 2830 cartul.
593 2807 625 2830 de
639 2806 667 2830 la
682 2807 834 2837 Sor-bonne,
849 2809 893 2831 fol.
910 2809 964 2832 111².
