2580 3528
470 389 536 422 406
1053 402 1374 425 CHARTULAMUM
1409 403 1599 425 nxtvssns.
1637 404 1765 425 rmus.
2248 393 2349 436 [1259

471 475 685 519 recognovit
708 481 742 507 et
765 476 930 509 consessa
955 483 1009 509 est
1032 477 1183 521 injure,
1209 489 1248 509 se
1271 477 1482 510 vendidisse
1507 484 1542 510 et
1564 489 1653 522 pure
1676 477 1899 510 venditionis
1922 478 2069 511 nomine
2091 478 2346 524 inperpetuum

470 541 631 585 quitasse
659 542 757 574 fratri
782 543 911 575 Joanni
932 543 1066 575 vicario
1087 543 1249 588 generali
1275 544 1425 577 Ordinis
1453 543 1714 576 Heremitarum
1741 544 1855 577 sancti
1879 545 2077 590 Augustini
2103 546 2250 579 nomine
2279 557 2348 580 suo

471 614 506 639 et
543 608 690 640 fratrum
723 620 871 641 suornm
903 609 1066 654 ejusdem
1098 610 1247 642 Ordinis
1278 609 1494 642 Parisiensis
1525 621 1590 654 pro
1621 609 1788 654 ducentis
1817 609 2144 657 librisrparisiens.
2171 613 2245 657 jam
2276 612 2348 646 sibi

471 673 602 706 solutis
632 674 668 706 in
700 675 850 719 pecunia
882 682 1077 715 numerata,
1110 682 1218 720 prout
1246 676 1323 720 ipsa
1354 675 1587 720 Theophania
1617 676 1654 708 in
1678 676 1762 720 jure
1792 677 1959 710 consessa
1990 684 2046 711 est
2074 690 2194 711 coram
2225 678 2347 721 nobis,

471 741 690 773 renuncians
714 753 885 785 expresse
912 742 1115 786 exceptioni
1139 754 1211 786 non
1236 748 1421 774 numerate
1445 742 1611 790 pecu-nie,
1637 734 1710 774 non
1734 749 1878 788 recepte
1901 750 1937 776 et
1959 756 2032 777 non
2055 744 2186 787 solute,
2211 745 2348 780 cedens

470 807 588 839 eidem
618 807 717 839 fratri
742 807 870 840 Joanni
895 814 927 840 et
953 807 1124 840 fratribus
1151 808 1227 840 suis
1254 808 1418 852 ejusdem
1445 808 1595 841 Ordinis
1622 820 1686 853 per
1711 809 1867 842 eundem
1893 821 1931 843 ac
1958 811 2181 844 transferens
2207 813 2348 857 specia-

471 873 553 906 liter
582 874 619 905 in
650 874 785 906 eisdem
813 886 918 906 omne
938 875 1014 917 jus,
1041 874 1256 915 dominium,
1283 874 1553 919 proprietatem,
1582 875 1856 920 possessionem
1883 883 1918 909 et
1943 876 2143 922 quamlibet
2166 879 2346 912 actionem

472 939 601 972 realem
643 946 675 972 et
715 940 956 984 personalem,
995 952 1064 984 que
1102 947 1135 972 et
1173 940 1270 985 quod
1301 940 1371 973 sibi
1401 947 1613 986 competunt
1640 941 1699 975 vel
1727 949 1934 987 competere
1969 951 2125 988 possunt
2162 945 2200 977 in
2238 945 2348 979 domo

470 1006 629 1050 predicta
667 1013 699 1038 et
737 1007 815 1050 ejus
852 1006 1082 1051 pertinentiis
1118 1006 1413 1052 quibuscunque,
1451 1007 1563 1041 nichil
1599 1008 1670 1041 sibi
1705 1008 1763 1042 vel
1800 1009 1877 1042 suis
1916 1009 2116 1043 heredibus
2138 1011 2348 1047 retinendo

470 1072 614 1116 penitus
637 1072 673 1104 in
697 1072 833 1105 eadem.
858 1074 901 1105 Et
926 1073 1092 1117 promisit
1117 1073 1211 1106 dieta
1236 1073 1470 1119 Theophania
1486 1074 1702 1116 voluntarie,
1727 1082 1856 1120 sponte
1880 1083 1915 1109 et
1937 1088 2011 1109 non
2031 1084 2152 1110 coacta
2173 1077 2244 1111 fide
2267 1078 2348 1113 data

469 1139 505 1170 in
541 1151 647 1171 manu
685 1145 820 1179 nostra,
859 1139 957 1183 quod
993 1146 1116 1172 contra
1146 1140 1394 1173 venditionem
1425 1147 1461 1174 et
1490 1141 1724 1186 quitationem
1763 1141 1974 1187 hujusmodi
2005 1144 2089 1188 jure
2125 1143 2347 1188 hereditarie

469 1205 606 1237 ratione
643 1205 738 1237 dotis
775 1205 946 1246 dotalicii,
979 1213 1203 1251 conquestus
1232 1207 1290 1240 vel
1320 1207 1390 1240 alio
1421 1207 1528 1240 modo
1560 1220 1624 1253 per
1654 1220 1693 1241 se
1722 1208 1780 1242 vel
1810 1221 1875 1254 per
1904 1209 2013 1242 alium
2044 1222 2118 1242 non
2152 1211 2275 1244 veniet
2309 1211 2347 1255 in

467 1272 640 1312 futurum,
674 1278 709 1304 et
740 1272 837 1316 qnod
868 1272 998 1305 dictam
1030 1273 1177 1306 domum
1207 1286 1288 1306 cum
1320 1274 1416 1307 dieto
1441 1274 1588 1319 jardino
1619 1282 1654 1308 et
1687 1275 1858 1309 omnibus
1889 1275 1970 1309 aliis
2001 1277 2231 1322 pertinentiis
2268 1277 2348 1313 suis

468 1345 574 1382 prout
603 1350 642 1370 se
672 1345 885 1383 comportat,
917 1345 955 1371 nt
984 1339 1119 1372 dictum
1151 1346 1218 1381 est,
1249 1340 1430 1374 venditam
1461 1341 1506 1374 ad
1535 1353 1685 1374 censum
1721 1342 1923 1387 predictum
1954 1342 2092 1388 absque
2126 1343 2197 1376 alio
2234 1355 2347 1386 onere

466 1405 543 1437 sive
575 1404 798 1449 obligatione
831 1405 979 1450 prefatis
1005 1406 1178 1439 fratribus
1211 1407 1297 1440 dieti
1329 1407 1492 1449 Ordinis,
1524 1408 1586 1453 qui
1616 1408 1724 1441 modo
1755 1415 1841 1441 sunt
1871 1408 2007 1442 ibidem
2041 1416 2076 1442 et
2107 1410 2169 1455 qui
2200 1410 2251 1443 ibi
2278 1422 2347 1457 pro

466 1478 627 1515 tempore
651 1471 783 1504 suerint
807 1471 843 1503 in
867 1478 1067 1516 posterum,
1092 1472 1136 1505 ad
1159 1473 1293 1507 dictum
1318 1486 1469 1507 censum
1493 1475 1642 1519 quittam
1666 1481 1701 1507 et
1723 1474 1874 1508 liberam
1897 1475 2145 1520 garantizabit,
2173 1477 2347 1511 desendet

464 1544 501 1570 et
535 1537 703 1570 liberabit
738 1538 775 1570 in
806 1538 946 1582 judicio
983 1546 1018 1572 et
1053 1546 1151 1572 extra
1182 1540 1376 1584 judicium,
1415 1541 1738 1586 quocienscunque
1775 1554 1868 1586 opus
1905 1542 2026 1583 fuerit,
2065 1543 2224 1588 propriis
2267 1543 2347 1577 suis

465 1604 671 1649 sumptibus
702 1611 737 1637 et
765 1605 935 1650 expensis
965 1612 1089 1638 contra
1121 1619 1260 1640 omnes.
1294 1608 1337 1640 Et
1367 1607 1411 1640 de
1442 1614 1538 1640 recta
1568 1608 1740 1653 garandia
1770 1608 1919 1641 ferenda
1946 1620 1985 1642 se
2011 1615 2046 1642 et
2069 1608 2229 1643 heredes
2256 1622 2346 1644 suos

463 1677 500 1703 et
520 1671 638 1704 onmia
662 1671 754 1704 bona
778 1684 841 1705 sua
865 1679 900 1705 et
922 1672 1097 1705 heredum
1121 1685 1270 1706 suorum
1295 1673 1455 1715 mobilia,
1481 1674 1693 1716 immobilia,
1719 1675 1902 1720 presentia
1925 1682 1960 1708 et
1979 1676 2110 1717 sutura,
2133 1675 2345 1723 ubicunque

463 1738 537 1770 sint
566 1745 602 1771 et
629 1738 666 1770 in
700 1738 980 1784 quibuscunque
1011 1739 1121 1772 rebus
1152 1740 1366 1781 consistant,
1401 1741 1539 1774 eisdem
1569 1741 1742 1774 fratribus
1773 1741 1811 1774 in
1841 1741 2131 1789 contraplegium
2169 1742 2347 1789 obligavit

464 1811 497 1837 et
534 1804 691 1850 obligata
722 1806 928 1850 specialiter
957 1813 992 1839 et
1021 1819 1193 1852 expresse
1224 1807 1383 1853 reliquit,
1417 1808 1637 1842 renuncians
1667 1820 1840 1854 expresse
1871 1809 1908 1841 in
1937 1808 2006 1842 hoc
2040 1809 2132 1843 facto
2164 1809 2345 1844 beneficio

464 1872 705 1904 restitutionis
732 1872 770 1904 in
799 1873 981 1918 integrum
1013 1874 1230 1918 exceptioni,
1262 1874 1337 1907 doli
1361 1875 1494 1908 actioni
1531 1875 1568 1908 in
1597 1876 1743 1917 sactum,
1776 1882 1822 1916 et,
1862 1887 1907 1908 ne
1937 1875 2054 1921 possit
2083 1876 2120 1908 in
2156 1883 2343 1921 posterum

462 1937 621 1983 allegare
652 1951 715 1971 seu
747 1939 882 1980 dicere,
914 1952 952 1972 se
982 1940 1096 1973 fuisse
1126 1940 1163 1972 in
1193 1947 1378 1974 contractu
1409 1941 1620 1986 hujusmodi
1650 1941 1762 1975 lesam
1793 1941 2024 1986 aliquatenus
2053 1942 2111 1975 vel
2142 1934 2342 1988 deceptam,

463 2011 499 2036 et
528 2004 697 2038 omnibns
727 2005 807 2038 aliis
837 2006 1128 2046 defensionibus,
1159 2007 1442 2052 allegationibus
1472 2015 1508 2041 et
1537 2008 1813 2053 exceptionibus
1839 2007 2000 2042 realibus
2026 2015 2061 2041 et
2086 2009 2344 2054 personalibus

465 2070 534 2103 loci
574 2078 608 2104 et
644 2073 817 2117 temporis
854 2073 935 2105 sacti
969 2080 1003 2106 et
1026 2073 1121 2117 juris
1159 2074 1323 2106 canonici
1360 2081 1395 2107 et
1430 2074 1562 2116 civilis,
1599 2087 1670 2120 que
1706 2081 1830 2108 contra
1868 2087 2021 2120 presens
2061 2075 2343 2110 instrumentum

465 2144 615 2181 possent
650 2138 745 2171 obici
781 2138 837 2172 vel
868 2139 1010 2172 adduci.
1044 2141 1085 2172 ln
1114 2141 1218 2185 cujus
1250 2141 1301 2173 rei
1332 2141 1580 2174 testimonium
1611 2141 1845 2186 presentibus
1877 2141 2011 2174 litteris
2043 2141 2205 2187 sigillum
2243 2142 2343 2179 curie

463 2204 679 2238 Parisiensis
722 2206 971 2250 apposuimus
1018 2207 1145 2239 Datum
1190 2219 1284 2239 anno
1333 2208 1478 2240 Domini
1522 2209 1572 2241 M⁰
1585 2208 1659 2242 CC⁰
1707 2207 2014 2253 quinquagesimo
2057 2220 2173 2250 nono,
2217 2221 2344 2243 mense

465 2270 668 2303 Decembri.

557 2369 755 2400 Transcriptum
770 2370 890 2393 officialis
907 2371 990 2394 Puris.
1007 2373 1104 2394 sactum
1121 2380 1132 2394 «
1145 2380 1212 2395 anno
1224 2371 1327 2395 Domini
1341 2371 1406 2395 MCC
1423 2372 1593 2403 nonagesimo
1610 2372 1699 2400 tercio,
1712 2372 1753 2395 die
1770 2371 1893 2395 mercurii
1908 2375 1970 2403 post
1984 2372 2091 2396 octabas
2105 2372 2300 2396 Purificationis
2314 2373 2341 2397 h.

464 2411 544 2434 Mai-ie
558 2412 624 2443 virg.
641 2422 652 2435 »
671 2413 696 2436 in
712 2414 788 2437 Arch.
806 2418 858 2438 unt.
876 2415 959 2438 Paris.
977 2416 1003 2439 L.
1018 2416 1073 2443 921,
1090 2420 1118 2438 ιιο
1134 2417 1172 2440 81.
1185 2416 1251 2440 thid.
1270 2417 1295 2439 S.
1309 2417 1378 2444 ³640,
1395 2419 1480 2439 exstat
1495 2416 1579 2440 Livre
1594 2417 1641 2441 des
1660 2420 1803 2441 contraeas
1818 2417 1858 2441 du
1868 2418 1964 2447 yrand
1978 2421 2097 2442 couvent
2111 2418 2158 2442 des
2173 2417 2342 2448 Auen-nim,

464 2456 509 2478 ubi
526 2457 568 2479 sol.
584 2458 638 2485 296,
654 2466 685 2481 ex
698 2458 822 2490 originali
838 2463 1005 2491 transumpta
1018 2463 1058 2483 est
1070 2460 1162 2484 charta
1178 2469 1260 2492 supra
1276 2461 1367 2484 relata.
1381 2474 1412 2478 —-
1427 2461 1536 2489 Dubois,
1548 2461 1619 2485 Hist.
1636 2461 1729 2486 eccles.
1745 2461 1851 2493 Paris„
1870 2461 1902 2489 11,
1920 2462 1975 2484 443.
1991 2475 2023 2479 —
2038 2462 2106 2484 Haec
2121 2461 2214 2484 charta
2226 2461 2347 2495 primum,

463 2504 503 2523 est
516 2501 698 2525 documentum
714 2503 784 2533 quod
804 2505 934 2527 reseratur
953 2505 985 2527 ad
1002 2504 1191 2528 habitationem
1209 2507 1321 2528 fratrum
1336 2505 1443 2529 Eremit.
1461 2505 1523 2529 ord.
1544 2506 1570 2529 S.
1588 2505 1727 2537 Augustini
1748 2505 1868 2529 Parisiis.
1891 2505 2015 2529 Joinville
2032 2505 2067 2535 (in
2084 2514 2131 2528 sua
2153 2505 2199 2530 Vt'c
2212 2507 2246 2530 de
2258 2505 2343 2531 Saint

465 2544 557 2574 Louis,
576 2546 615 2569 ‹³d.
637 2546 767 2575 Michaud,
784 2557 809 2578 p.
831 2549 884 2578 322)
902 2549 1043 2572 coneordat
1057 2558 1117 2572 cum
1132 2550 1235 2572 docum.
1263 2550 1355 2578 relato,
1376 2550 1465 2573 dicens
1486 2549 1691 2581 Augustinianon
1713 2559 1725 2573 «
1741 2550 1837 2573 dehors
1852 2550 1878 2573 la
1893 2553 1969 2581 porte
1984 2550 2016 2573 de
2035 2550 2207 2573 Montmnrtre
2226 2557 2239 2573 n
2254 2549 2346 2582 primo

466 2588 612 2617 habitusse;
633 2590 681 2613 hoc
696 2594 735 2614 est
750 2592 794 2614 ubi
817 2592 893 2615 hodie
909 2593 1041 2616 invenitur
1056 2594 1119 2618 Rue
1137 2595 1183 2618 des
1207 2594 1471 2625 Vieux-Auqustins
1487 2594 1536 2624 (Cf.
1557 2594 1657 2623 Jaillot,
1676 2594 1846 2619 Recherches
1861 2594 1995 2625 critt'ques
2011 2601 2066 2619 Sur
2078 2595 2106 2619 la
2121 2594 2186 2618 ville
2200 2595 2234 2618 de
2246 2594 2347 2625 Paris„

466 2633 498 2659 lt,
517 2633 646 2659 Quartier
661 2635 905 2665 Saint-Eustaclae,
921 2646 947 2668 p.
964 2639 995 2668 3).
1013 2638 1085 2661 lun-a
1098 2638 1246 2662 videbimus
1263 2640 1357 2662 fratres
1379 2638 1404 2662 in
1420 2639 1508 2662 eodem
1525 2639 1582 2662 loco
1597 2647 1680 2670 usque
1694 2639 1727 2662 ad
1742 2647 1786 2663 an.
1806 2639 1863 2662 1285
1876 2638 2045 2662 remansisse.
2061 2638 2107 2662 Isti
2128 2638 2208 2662 etiam
2223 2637 2342 2670 religiosi

466 2677 560 2699 studiis
576 2686 682 2708 operam
696 2679 758 2702 dare
774 2680 934 2712 incipiebant
947 2682 972 2704 in
990 2682 1166 2706 universitate
1177 2683 1262 2706 Puris.
1274 2686 1299 2706 et
1318 2683 1351 2706 ad
1365 2683 1548 2714 magisterium
1559 2683 1585 2706 in
1596 2683 1730 2714 theologia
1739 2691 1766 2706 se
1776 2691 1946 2715 praeparare.
1960 2683 2102 2715 Atprimus
2115 2691 2206 2706 eorum
2214 2683 2345 2715 magister

466 2729 516 2743 non
535 2722 584 2744 suit
598 2723 712 2746 Jacobus
730 2724 761 2747 de
772 2725 896 2753 Viterbio,
914 2729 942 2749 ut
959 2727 1116 2758 quandoque
1137 2727 1275 2756 asseritur,
1293 2728 1338 2751 sed
1349 2727 1451 2751 celeber
1462 2727 1593 2759 Aegydius
1605 2728 1748 2756 Romanus,
1764 2736 1823 2751 cum
1839 2727 1896 2759 ipse
1915 2727 1985 2751 dicut
1998 2727 2025 2750 in
2041 2727 2155 2759 quadum
2170 2727 2282 2759 epistola
2298 2735 2345 2760 tm..

466 2765 535 2793 1315,
550 2766 635 2789 Man-tii
649 2768 677 2790 ‘27
692 2775 697 2790 z
716 2776 726 2790 (4
744 2769 812 2799 qnod
828 2769 894 2792 inter
911 2771 1004 2793 fratres
1020 2771 1103 2794 nostri
1122 2771 1230 2795 Ordinis
1247 2771 1430 2803 magisterium
1445 2772 1471 2795 in
1487 2780 1563 2795 saera
1578 2772 1712 2803 theologia
1727 2771 1807 2803 primi
1823 2772 1941 2795 Parisius
1966 2771 2111 2795 meruimus
2123 2771 2242 2795 obtinere
2258 2780 2279 2795 ».
2297 2771 2342 2795 Sic

465 2809 544 2832 etiam
559 2810 675 2841 loquitur
690 2812 765 2836 Mart.
780 2813 816 2836 29.
834 2813 907 2844 Orig.
923 2814 947 2836 in
964 2815 1039 2838 Arca
1057 2819 1109 2838 nat.
1127 2816 1212 2839 Paris.
1228 2817 1254 2839 S.
1272 2817 1341 2844 3633,
1359 2820 1397 2839 n‘⁸
1410 2817 1423 2839 2
1436 2819 1461 2840 et
1474 2817 1495 2839 3.
