2580 3528
451 364 515 395 136
1034 373 1355 395 CRARTULAMUM
1390 373 1581 395 UNtVEnS.
1618 373 1747 394 rmus.
2229 363 2330 404 [1230

448 453 574 479 serunt
597 447 748 492 insuper
768 447 895 491 prefati
918 447 1096 480 Girardus
1117 453 1153 480 et
1173 459 1263 479 uxor
1284 447 1364 491 ejus
1385 446 1456 480 fide
1478 447 1570 488 data,
1593 447 1690 491 quod
1713 447 1749 479 in
1771 447 1865 480 dicta
1886 447 2008 488 domo7
2031 446 2214 492 porprisio
2236 453 2272 480 et
2291 447 2328 480 in

449 520 519 546 tota
546 520 653 554 terra,
681 526 751 558 que
777 514 843 546 fuit
867 513 1030 546 Nicholai
1061 513 1198 547 Giboin
1224 525 1288 558 per
1314 525 1353 546 se
1379 513 1437 547 vel
1462 525 1527 558 per
1552 513 1643 546 alios
1670 513 1780 546 nichil
1807 513 2035 558 inposterum
2066 512 2327 555 reclamabunt,

446 586 479 613 et
507 580 604 624 quod
635 580 752 612 eidem
784 580 939 613 ecclesie
965 580 1083 613 dictos
1109 580 1379 627 quinquaginta·
1402 579 1542 612 solidos
1572 579 1764 612 censuales
1790 580 1834 612 ad
1860 592 1950 612 usus
1980 586 2015 613 et
2040 579 2328 613 consuetudines

450 646 598 679 Francie
628 653 752 679 contra
782 658 910 679 omnes
939 646 1216 692 garentizabunt
1246 646 1314 678 sub
1343 646 1493 691 prestite
1524 645 1609 678 fidei
1640 646 1832 691 religione.
1864 646 1966 679 Dicta
1995 653 2113 679 autem
2139 646 2328 691 Jaquelina

449 713 655 758 specialiter
675 719 709 745 et
740 725 912 758 expresse
943 713 1092 758 quitavit
1122 725 1242 745 coram
1268 712 1389 753 nobis,
1412 712 1586 757 quicquid
1610 712 1707 757 juris
1728 713 1765 744 in
1790 712 1965 757 predictis
1996 713 2117 755 domo,
2144 713 2328 758 porprisio

447 786 482 812 et
510 786 604 812 terra
632 779 787 812 habebat
811 779 868 813 vel
889 779 1023 812 habere
1049 786 1190 824 poterat
1216 779 1355 811 ratione
1382 778 1542 811 dotalicii
1569 778 1627 812 vel
1653 778 1723 811 alio
1750 778 1859 811 modo
1888 785 2086 824 spontanea
2111 791 2185 812 non
2205 786 2327 813 coacta

448 846 518 879 fide
550 847 698 891 prestita
734 846 926 891 corporali.
963 846 1069 889 Quod
1101 852 1137 878 ut
1173 852 1287 878 ratum
1318 851 1527 890 permaneat
1561 851 1752 890 presentes
1782 845 1921 878 litteras
1955 845 2079 891 sigillo
2110 846 2328 879 Parisiensis

446 913 547 946 curie
565 913 734 946 duximus
755 912 992 945 roborandas.
1008 913 1137 945 Actum
1160 924 1254 945 anno
1272 912 1417 944 Domini
1435 914 1487 945 ΜΟ
1503 912 1580 946 CC⁰
1596 912 1796 953 tricesimo,
1818 923 1944 945 mense
1965 912 2175 946 Novembri.

540 1011 675 1042 Originale
701 1011 726 1033 in
751 1011 828 1034 Arch.
846 1014 898 1034 nat.
922 1011 1005 1034 Paris.
1028 1011 1055 1034 L.
1072 1011 1126 1039 919,
1150 1012 1213 1033 fasc.
1236 1010 1257 1033 1,
1284 1011 1374 1034 Restat
1392 1010 1536 1033 taeniolum
1556 1010 1797 1034 membranaceum.
1818 1010 1919 1034 Ibidem
1940 1013 2082 1034 occurrunt
2101 1010 2154 1034 alia
2173 999 2347 1034 documenta*

444 1055 586 1086 originalia
602 1055 688 1086 quoad
707 1055 815 1078 fundum
841 1058 865 1078 et
885 1058 968 1078 terras
989 1058 1133 1078 conventus
1154 1054 1236 1077 Vallis
1264 1054 1438 1083 Scholarium,
1461 1063 1549 1077 mense
1572 1054 1720 1085 Septembri
1745 1063 1787 1078 nn.
1811 1055 1885 1084 1235;
1909 1048 1998 1078 mense
2021 1055 2115 1078 Martio
2140 1055 2216 1083 1241;
2240 1062 2330 1078 mense

445 1099 584 1123 Novembri
602 1100 675 1127 mam
693 1108 782 1122 mense
797 1099 904 1123 Octobri
922 1100 991 1127 1244,
1008 1103 1055 1124 etc.
1073 1100 1098 1124 S.
1116 1099 1202 1126 101311,
1216 1103 1246 1122 n⁰
1262 1100 1284 1127 2,
1302 1107 1391 1122 mense
1406 1099 1478 1122 Julio
1494 1099 1568 1127 1247;
1585 1103 1614 1121 n⁰
1630 1100 1652 1127 3,
1668 1099 1741 1122 Junii
1755 1099 1824 1122 1259.
1843 1100 1871 1122 In
1888 1100 2044 1123 documento
2060 1099 2157 1122 mensis
2173 1098 2329 1123 Novembris

445 1153 486 1167 an.
504 1145 566 1167 1250
581 1144 707 1167 scribitur
725 1155 733 1164 ι
751 1144 815 1167 ordo
831 1144 946 1167 Vallium
963 1144 1110 1167 Scolnriuin
1129 1155 1137 1164 »
1156 1144 1193 1173 (L.
1210 1144 1274 1173 919).
1291 1157 1322 1161 —-
1337 1144 1442 1166 Fratres
1458 1143 1540 1166 Vallis
1562 1143 1729 1166 Scholnrium
1746 1143 1802 1175 jam
1822 1143 1847 1167 in
1868 1144 1981 1175 epistola
1996 1143 2183 1167 Universitntis
2198 1151 2240 1167 an.
2258 1138 2328 1172 12'54,
2367 1138 2372 1145 ⁸

445 1189 520 1212 Febr.
538 1190 562 1217 4,
579 1192 608 1212 ut
623 1189 649 1212 in
665 1189 843 1212 Universitntc
858 1189 993 1212 studentes
1010 1188 1187 1212 nominantur.
1205 1188 1241 1211 Dc
1257 1196 1347 1211 corum
1363 1188 1450 1219 primo
1465 1188 1572 1211 doctore
1587 1187 1670 1211 Paris.
1689 1187 1748 1211 vide
1765 1196 1846 1220 supra
1862 1189 1895 1211 ad
1911 1193 1940 1211 n⁰
1953 1190 1991 1212 65.

449 1365 527 1402 78.
554 1374 705 1409 Gregorius
727 1375 771 1400 IX
785 1373 914 1400 concedit
932 1374 1018 1399 Petro
1038 1373 1140 1399 abbati
1162 1377 1189 1399 et
1209 1373 1357 1399 conventui
1379 1374 1406 1399 S.
1430 1373 1549 1399 Victoris
1569 1373 1676 1407 Poris,
1699 1382 1734 1398 ne
1752 1382 1840 1409 super·
1858 1373 1951 1407 relius,
1975 1382 2049 1408 quas
2069 1372 2176 1399 habent
2193 1373 2328 1408 Parisiis,

538 1423 713 1449 auctoritate
728 1422 890 1459 apostolica
906 1423 935 1448 in
950 1431 1070 1448 causam
1088 1426 1171 1448 θεὴ-α
1187 1421 1341 1448 dioecesim
1356 1422 1397 1447 ad
1416 1426 1538 1448 remotos
1551 1421 1667 1457 judices
1688 1425 1715 1447 et
1735 1422 1827 1447 minus
1839 1422 1951 1458 peritos
1973 1422 2001 1447 in
2015 1422 2084 1457 jure
2106 1431 2192 1457 quam
2213 1425 2281 1448 sunt
2302 1422 2331 1448 in

538 1473 603 1508 ipsa
619 1472 753 1507 dioecesi,
772 1472 821 1498 ubi
836 1475 880 1498 est
895 1472 979 1508 copia
990 1472 1159 1508 peritorum,
1179 1471 1341 1497 trahantur.

1621 1520 1693 1550 7231,
1709 1519 1843 1546 Februarii
1853 1521 1898 1550 27,
1916 1520 2043 1546 Laterani.

537 1596 742 1641 Gregorius
773 1596 970 1641 episcopus
1000 1608 1129 1629 servus
1160 1607 1350 1629 servorum
1381 1595 1447 1628 Dei
1476 1594 1620 1628 dilectis
1649 1594 1771 1627 filiis..
1790 1594 1910 1627 abbati
1931 1601 1966 1627 et
1993 1595 2190 1628 conventui
2212 1595 2332 1628 Sancti

448 1663 605 1696 Victoris
634 1663 810 1695 Parisien.
840 1662 993 1695 salutem
1019 1669 1054 1695 et
1079 1662 1314 1707 apostolicam
1344 1661 1651 1694 benedictionem.
1684 1661 1886 1694 Consuevit
1916 1661 2099 1694 interdum
2130 1661 2332 1707 apostolice

449 1730 550 1762 sedis
575 1729 784 1774 benignitas
800 1729 896 1774 juris
918 1729 1091 1775 rigorem,
1114 1730 1219 1774 cujus
1243 1729 1409 1762 executio
1432 1740 1505 1761 non
1527 1727 1636 1761 habet
1661 1728 1829 1773 injuriam
1856 1728 1887 1760 si
1914 1727 2075 1761 trahatur
2100 1728 2143 1761 ad
2166 1728 2332 1773 iniquum

448 1797 697 1842 dispendium,
719 1796 874 1842 quodam
898 1796 1068 1841 equitatis
1089 1795 1336 1829 moderamine
1357 1802 1572 1840 temperare.
1596 1795 1702 1828 Unde
1723 1807 1804 1827 cuni
1827 1795 1922 1828 sicut
1942 1807 1985 1827 ex
2006 1801 2105 1840 parte
2126 1801 2246 1828 vestra
2266 1795 2334 1828 fuit

451 1863 677 1908 propositum
699 1875 819 1896 coram
846 1862 966 1903 nobis,
990 1875 1101 1908 super
1118 1862 1229 1895 rebus
1246 1874 1336 1907 quas
1352 1861 1494 1895 habetis
1510 1861 1547 1894 in
1564 1861 1761 1894 Parisiensi
1784 1861 1936 1902 diocesi,
1955 1860 2017 1893 ubi
2035 1868 2090 1894 est
2112 1861 2214 1906 copia
2238 1861 2334 1906 peri-

451 1937 583 1970 torum,
614 1942 719 1974 quain
749 1929 874 1974 plures
904 1941 969 1963 vos
1000 1929 1142 1962 trahant
1169 1929 1381 1962 auctoritate
1411 1927 1610 1973 apostolica
1639 1929 1677 1960 in
1702 1939 1846 1960 causam
1872 1927 1916 1960 ad
1942 1934 2103 1960 remotos
2127 1927 2274 1972 judices
2300 1934 2335 1961 et

452 1996 572 2029 minus
606 1996 743 2041 peritos
770 1996 807 2028 in
829 1997 912 2040 jure
939 2002 1036 2029 extra
1062 1995 1238 2028 diocesim
1267 1995 1524 2040 supradictam„
1548 2001 1587 2027 ut
1613 1994 1776 2039 ipsorum
1806 1994 2032 2027 vexationem
2063 1993 2244 2027 redimere
2268 2005 2335 2028 vos

452 2062 697 2107 compellant:
717 2074 785 2095 nos
812 2062 1018 2095 devotionis
1044 2068 1165 2095 vestre
1192 2060 1522 2107 supplicationibus
1549 2060 1711 2093 inclinati
1736 2060 1948 2093 auctoritate
1973 2059 2079 2093 vobis
2109 2060 2334 2105 presentium
2373 2101 2378 2104 N

452 2129 700 2174 indulgemus,
733 2135 771 2161 ut
801 2140 911 2174 super
937 2129 1127 2174 premissis
1158 2128 1261 2162 inviti
1293 2140 1365 2161 non
1392 2127 1587 2160 teneamini
1609 2133 1707 2160 extra
1729 2127 1881 2159 eandem
1907 2126 2084 2159 diocesim
2110 2138 2176 2172 per
2195 2126 2335 2160 litteras

453 2195 684 2241 apostolicas,
717 2207 786 2240 que
809 2195 852 2228 de
874 2195 939 2228 hac
963 2195 1190 2240 indulgentia
1216 2194 1438 2227 mentionem
1466 2206 1539 2226 non
1564 2193 1730 2235 fecerint,
1761 2193 1946 2238 aliquibus
1972 2193 2209 2238 respondere.
2237 2192 2335 2226 Nulli

455 2275 558 2308 ergo⁷
580 2268 658 2303 etc.‚
682 2268 806 2295 nostre
837 2262 1104 2303 concessionis,
1125 2267 1188 2295 etc.
1214 2261 1250 2294 Si
1272 2261 1353 2306 quis
1375 2267 1508 2302 autem,
1529 2265 1592 2294 etc.
1617 2261 1694 2292 Dat.
1721 2260 1887 2293 Laterani
1914 2260 1949 2304 iij
1969 2259 2037 2293 kal.
2061 2260 2194 2302 Martii,
2217 2259 2336 2305 pontie

457 2329 583 2362 ficatus
605 2329 720 2362 nostri
742 2341 836 2362 anno
858 2335 998 2374 quarto.

551 2427 686 2458 Origiuale
702 2427 727 2450 iu
743 2427 819 2450 Arch.
836 2430 889 2450 nat.
907 2426 991 2450 Paris.
1009 2426 1036 2450 L.
1054 2427 1108 2455 242,
1125 2430 1154 2449 n⁰
1170 2427 1207 2450 73.
1224 2426 1301 2449 Bulla
1316 2425 1419 2457 plumb.
1437 2425 1490 2449 filis
1506 2425 1582 2449 serie.
1599 2421 1661 2448 tsuvi
1677 2428 1702 2449 et
1716 2424 1791 2448 rubei
1807 2424 1903 2448 coloris
1919 2424 2088 2456 appenditur.

460 2603 537 2639 79.
565 2612 715 2646 Gregorius
731 2613 775 2637 IX
792 2611 820 2637 in
836 2611 940 2637 litteris
955 2610 996 2637 ad
1015 2611 1169 2646 magistros
1185 2614 1213 2637 et
1231 2610 1378 2637 scholares
1400 2610 1583 2636 Parisien.-ses
1605 2610 1723 2636 directis
1745 2613 1858 2635 statuta
1875 2608 2051 2645 praescrihit
2070 2617 2089 2633 a
2109 2607 2285 2634 cancellar-io
2310 2611 2338 2634 et

548 2660 585 2686 ab
601 2661 672 2696 ipsis
687 2659 830 2686 servanda
847 2663 905 2685 tam
921 2660 950 2686 in
972 2659 1090 2686 licentia
1112 2659 1266 2694 largienda
1289 2668 1376 2695 quam
1398 2659 1427 2685 in
1447 2658 1525 2685 aliis.
1545 2659 1684 2694 Assignat
1699 2658 1788 2684 libros
1803 2658 1841 2684 ab
1861 2658 1975 2683 artistis
1995 2656 2139 2692 legendos,
2158 2660 2186 2682 et
2209 2665 2337 2683 normam

549 2710 653 2735 statuit
668 2718 686 2734 α
701 2709 882 2735 studentibus
898 2709 927 2734 in
943 2708 1103 2743 theologica
1118 2707 1263 2742 facultate
1277 2707 1466 2744 sequendam.

1677 2769 1748 2798 1231,
1764 2769 1856 2801 Aprilis
1871 2769 1909 2799 13,
1925 2768 2051 2795 Latet-ani.

552 2846 756 2891 Gregorius
787 2845 982 2890 episcopus
1010 2856 1139 2878 servus
1168 2856 1357 2877 servorum
1387 2843 1454 2876 Dei
1487 2843 1630 2876 dilectis
1663 2843 1749 2877 filiis
1779 2843 1964 2876 universis
2003 2842 2186 2888 magistris
2220 2842 2339 2875 scola-

463 2913 564 2946 ribus
593 2911 861 2945 Parisiensibus
891 2911 1043 2945 salutem
1074 2917 1110 2944 et
1139 2910 1374 2956 apostolicam
1404 2909 1711 2943 benedictionem.
1740 2911 1876 2943 Parens
1907 2909 2143 2943 scientiarum
2174 2908 2338 2942 Parisius

2578 1516 2580 1523 λ

2576 1546 2580 1573 ,ἓ

2576 1579 2580 1590 t

2576 1594 2580 1614 ε

2572 1648 2580 1703 ἐ
