2580 3528
223 395 321 436 1259]
441 411 446 414 ·
564 404 612 426 ΑΒ
645 403 753 426 Auno
787 403 864 426 uec
899 402 1032 431 usque
1066 403 1116 425 An
1150 403 1381 424 Pnlmrruu
1417 403 1458 424 iv
1490 403 1580 425 nno.
1618 403 1756 426 FRANC.
2037 394 2103 427 383

219 486 282 513 aut
317 477 606 524 obligationibus
645 489 710 511 seu
749 476 1044 522 quibuscumque
1083 476 1240 517 statutis,
1280 475 1415 521 quibus
1454 475 1541 509 dicti
1582 476 1745 521 magistri
1784 484 1817 510 ct
1857 477 2018 510 scolares
2062 489 2102 509 se

217 545 433 580 astrinxisse
472 557 539 591 pro
578 544 800 584 relevatione
834 543 892 577 vel
926 543 1159 577 revocatione
1193 542 1393 588 cujuslibet
1427 555 1492 588 pro
1527 543 1648 576 causis
1684 543 1940 576 L'niversitatis
1979 543 2102 576 afflicti

218 613 404 654 dicuntur,
431 612 585 646 maxime
611 623 693 645 cum
721 611 817 644 idem
843 611 888 645 G.
917 623 990 644 non
1016 622 1082 656 pro
1107 610 1212 644 sactis
1234 610 1492 644 Universitatis
1513 610 1694 655 ejusdem,
1721 610 1786 643 sed
1813 622 1878 656 pro
1907 622 1972 642 sue
2001 610 2103 642 mali-

216 679 368 726 gnitatis
388 679 527 714 offensa
547 678 658 712 fuerit
676 678 778 712 sedis
797 677 999 724 apostolice
1015 677 1156 723 judicio
1173 677 1315 723 justitia
1341 677 1511 722 exigente
1533 677 1695 722 punitus.
1719 678 1796 710 Dat.
1823 676 1990 722 Anagnie
2014 689 2099 709 nou.

216 746 369 793 Aprilis,
390 745 623 792 pontificatus
643 745 760 779 nostri
781 757 876 779 anno
897 745 1038 790 quinto.

310 844 447 877 Originale
461 844 488 868 in
506 844 582 868 Arch.
600 847 653 868 nat.
670 844 755 868 Paris.
771 843 799 867 L.
817 844 871 871 253,
887 848 917 867 n⁰
933 844 986 867 243.
1004 843 1153 875 Supersunt
1168 843 1213 866 fila
1229 843 1341 866 cannah.
1359 843 1388 866 ln
1403 842 1558 867 membrana
1574 849 1668 865 aversa
1685 849 1691 865 :
1709 850 1720 864 «
1737 841 1936 865 Predicatorum
1952 849 1974 864 ».
1990 855 2020 858 —
2036 841 2099 864 Cod.

215 890 356 915 Rutenens.
373 889 514 914 Constitut.
528 889 591 913 Ord.
609 889 713 917 Prned.‚
729 897 756 920 p.
773 888 827 912 261.
844 888 968 916 Bulaeus,
986 888 1031 916 ΙΙΙ,
1047 888 1103 912 ³48.

213 1052 327 1090 333.
352 1062 497 1088 Statueum
511 1060 666 1096 facultatis
685 1060 802 1096 artium,
818 1068 854 1087 ne
873 1060 938 1096 quis
959 1059 1151 1086 licentiandos
1172 1060 1200 1086 in
1222 1060 1330 1085 Sancta
1353 1060 1494 1093 Genovesa
1515 1058 1670 1092 examinet,
1693 1057 1751 1083 nisi
1768 1058 1808 1084 sit
1829 1066 1847 1083 α
1869 1056 2013 1092 facultate
2034 1057 2100 1093 ipsa

303 1109 471 1147 deputatus.

1423 1151 1425 1153 ·
1446 1144 1526 1174 12⁵9,
1542 1143 1604 1170 nain·
1614 1143 1640 1173 ⁵,
1655 1142 1783 1178 [Parisiis
1783 1142 1810 1178 J.

303 1221 495 1255 Universis
520 1227 712 1267 presentes
732 1220 872 1254 litteras
893 1219 1116 1265 inspecturis
1137 1218 1302 1264 magistri
1328 1219 1365 1252 in
1391 1218 1559 1251 facultate
1583 1218 1713 1251 artium
1739 1217 1901 1250 Parisius
1926 1223 2100 1262 regentes

210 1299 438 1334 cognoscere
463 1287 665 1322 veritatem.
694 1287 786 1321 Cum
814 1285 1054 1320 cancellarius
1079 1286 1116 1318 in
1141 1285 1413 1319 examinacione
1440 1285 1569 1318 Sancte
1597 1284 1785 1318 Genovefe
1813 1295 1924 1329 super
1951 1283 2098 1317 liberta—

210 1354 310 1389 tibus
339 1354 435 1388 dicte
464 1353 748 1387 examinacionis
772 1351 881 1387 nobis
904 1352 1070 1398 injuriari
1099 1351 1349 1397 multipliciter
1374 1363 1448 1384 non
1473 1351 1658 1386 sffmidet.
1679 1351 1887 1396 presertim,
1909 1362 1989 1383 cum
2018 1350 2099 1396 ipse

209 1421 434 1456 examinatos
462 1433 527 1467 per
554 1432 628 1454 non
657 1420 851 1466 deputatos
880 1432 899 1453 a
925 1419 1034 1453 nobis
1062 1431 1127 1452 seu
1150 1431 1223 1452 non
1245 1418 1469 1452 examinatos
1495 1418 1531 1450 in
1560 1424 1725 1451 nostrum
1752 1417 1994 1462 prejudicium
2023 1429 2096 1450 non

206 1488 390 1522 modicum
417 1494 453 1522 et
477 1499 673 1534 gravamen
698 1487 887 1521 licentiare
907 1492 1106 1532 presumat,
1133 1485 1231 1519 unde
1251 1485 1358 1519 etiam
1379 1485 1592 1530 frequenter
1616 1497 1634 1517 a
1660 1484 1842 1529 deputatis
1870 1484 1936 1516 rite
1963 1484 2115 1516 exuuii·-

208 1561 314 1590 natos
335 1561 371 1589 et
390 1554 581 1601 expeditos
600 1566 667 1600 pro
688 1565 754 1588 sue
775 1553 973 1588 voluntatis
994 1552 1145 1587 arbitrio
1167 1551 1348 1598 repellere
1370 1551 1580 1585 nullatenus
1601 1550 1807 1592 erubescat,
1834 1563 1872 1583 ac
1899 1551 1930 1583 si
1956 1550 2095 1583 nullum

201 1623 267 1668 jus
293 1622 332 1656 in
359 1622 455 1656 dicta
480 1621 746 1655 examinatione
772 1632 840 1654 nos
865 1619 1001 1654 habere
1027 1626 1282 1665 recognoscat,
1306 1631 1387 1652 cum
1414 1625 1533 1652 tamen
1558 1618 1652 1663 ipse,
1678 1624 1718 1651 ut
1745 1617 1942 1659 credimus,
1971 1617 2098 1650 audire

208 1701 283 1724 non
321 1688 453 1723 debeat
489 1700 556 1722 nec
595 1687 739 1734 aliquos
779 1687 966 1734 expedire,
1001 1687 1072 1720 nisi
1111 1686 1256 1720 auditos
1294 1693 1330 1719 et
1368 1685 1559 1731 expeditos
1595 1696 1660 1730 per
1694 1684 1887 1730 deputatos
1921 1696 1939 1717 a
1974 1683 2098 1725 nobis,

207 1767 402 1802 quousque
436 1755 482 1789 de
507 1755 687 1789 contraria
726 1755 939 1788 auctoritate
973 1765 1124 1787 suorum
1165 1753 1443 1799 privilegiorum
1480 1763 1548 1786 nos
1583 1751 1723 1793 doceat,
1760 1763 1915 1796 quorum
1955 1751 2094 1796 copiam

208 1822 316 1857 nobis
350 1834 438 1869 sepe
473 1821 747 1868 requirentibus
777 1821 973 1868 denegavit
1007 1820 1180 1854 exhibere
1213 1831 1220 1854 :
1252 1819 1531 1854 considerantes
1560 1819 1598 1852 in
1627 1818 1696 1852 hoc
1729 1817 1917 1851 libertates
1952 1824 2096 1851 nostras

207 1889 458 1936 multipliciter
486 1889 708 1935 impugnari,
735 1888 903 1923 volentes
934 1887 1006 1921 hiis
1037 1885 1378 1934 impugnationibus
1408 1885 1557 1919 obviare
1590 1885 1710 1918 modis
1743 1884 1929 1925 omnibus,
1961 1884 2095 1930 quibus

206 1955 471 1991 rationabiliter
489 1967 700 2002 possumus,
723 1966 789 2001 pro
810 1954 909 1988 bono
929 1954 1115 1988 communi
1136 1954 1330 1988 statuimus
1352 1953 1396 1986 de
1418 1952 1603 1986 communi
1624 1963 1810 1986 consensu
1832 1951 2091 1997 magistrorum

206 2029 332 2057 nostre
358 2021 538 2056 facultatis
562 2021 664 2056 nullo
690 2021 727 2055 in
752 2021 806 2055 eis
833 2021 1120 2063 contradicente,
1142 2027 1181 2054 ut
1201 2019 1326 2061 nullus
1346 2019 1549 2053 bacalarius
1569 2018 1700 2052 amodo
1721 2018 1908 2051 licentiare
1929 2030 1973 2051 ex
1994 2024 2095 2063 parte

206 2088 269 2123 illa
293 2100 360 2135 per
388 2089 584 2135 magistros
609 2100 628 2122 a
653 2088 762 2122 nobis
787 2100 862 2122 non
888 2088 1081 2134 deputatos
1106 2093 1305 2133 presumat,
1330 2098 1394 2119 seu
1421 2086 1595 2132 magister
1619 2084 1752 2130 aliquis
1778 2096 1913 2130 regens
1937 2084 1995 2118 vel
2021 2096 2093 2117 non

207 2167 343 2202 regens
372 2154 555 2189 licentiam
585 2154 657 2189 alio
686 2155 811 2201 quam¹
844 2154 952 2188 modo
983 2154 1149 2200 predicto
1175 2165 1385 2200 procurare,
1418 2165 1458 2186 ac
1484 2151 1575 2185 nulli
1601 2151 1707 2185 liceat
1733 2151 2004 2197 magistrorum,
2031 2151 2092 2196 qui

208 2233 282 2256 non
307 2221 355 2256 sit
379 2221 573 2267 deputatus
596 2233 616 2255 a
641 2221 749 2255 nobis
769 2222 872 2267 juxta
895 2221 1046 2254 somnam
1070 2227 1231 2254 nostram
1255 2219 1412 2265 aliquem
1437 2218 1654 2252 bacalarium
1679 2218 1851 2263 superius
1874 2217 2091 2250 examinare.

207 2288 264 2322 Ad
303 2287 402 2334 quod
441 2294 613 2322 statutum
651 2300 780 2321 omnes
817 2294 989 2334 regentes
1026 2287 1098 2321 sint
1134 2286 1271 2320 astricti
1309 2293 1345 2319 et
1381 2297 1510 2319 omnes
1545 2284 1765 2330 incipientes
1804 2284 2090 2329 adstringantur.

206 2355 316 2399 Quod
345 2355 376 2389 si
406 2354 498 2389 hanc
529 2354 823 2388 ordinacionem¹
849 2354 983 2400 aliquis
1007 2360 1132 2387 contra
1159 2365 1265 2386 suum
1291 2354 1538 2398 juramentum
1565 2351 1769 2397 infregerit,
1796 2350 2091 2396 indignacionem

207 2428 334 2456 nostre
377 2421 562 2455 societatis
601 2432 641 2455 se
679 2420 824 2455 noverit
861 2420 1108 2454 incursurum.
1149 2421 1201 2453 Ne
1241 2419 1324 2464 quis
1363 2425 1481 2452 autem
1525 2429 1603 2451 eam
1647 2417 1849 2463 infringere
1893 2423 2091 2462 presumat,

206 2488 400 2522 statuimus
425 2499 554 2521 omnes
577 2487 821 2533 infringentes
841 2499 860 2520 a
881 2486 1054 2520 societate
1075 2492 1200 2519 nostra
1221 2485 1369 2532 privari,
1392 2483 1610 2518 bacalarium
1633 2483 1677 2517 ad
1698 2489 1858 2517 nostram
1881 2483 2089 2517 societatem

206 2555 244 2589 in
274 2561 490 2601 perpetuum
520 2566 593 2588 non
609 2554 764 2596 admitti,
794 2553 1008 2600 magistrum
1040 2559 1227 2599 regentem
1254 2551 1333 2586 suis
1358 2550 1579 2585 lectionibus
1606 2549 1771 2596 privari³,
1804 2562 1878 2583 non
1908 2549 2091 2596 legentem

206 2621 380 2655 societate
423 2627 548 2655 nostra
591 2620 627 2654 in
668 2620 862 2667 principio,
894 2620 931 2654 in
965 2619 1237 2653 examinacione
1276 2617 1460 2652 communi
1500 2629 1565 2650 seu
1605 2617 1642 2650 in
1682 2616 1991 2650 determinat-ione
2034 2617 2090 2650 sui

206 2687 376 2722 bacularii
413 2687 450 2722 in
486 2694 701 2734 perpetuum
739 2699 812 2721 non
848 2686 1010 2733 gaudere
1047 2698 1128 2720 cum
1166 2684 1338 2719 omnibus
1374 2684 1480 2730 penis
1514 2683 1609 2725 aliis,
1649 2695 1741 2729 quas
1778 2690 1901 2717 nostra
1940 2683 2091 2717 facultas

206 2753 376 2801 infligere
401 2754 547 2801 poterit,
573 2766 766 2801 quousque
792 2754 974 2800 condigna
1002 2753 1248 2787 satisfactione
1274 2751 1451 2798 premissa
1478 2750 1522 2784 de
1548 2750 1732 2784 communi
1756 2762 1940 2784 consensu
1964 2757 2092 2783 nostro

205 2820 265 2855 vel
285 2821 434 2867 majoris
455 2821 568 2867 partis
588 2821 770 2867 predictas
791 2832 904 2868 penas
925 2820 1138 2854 duxerimus
1159 2818 1396 2854 revocandas.
1420 2819 1494 2852 uec
1514 2823 1633 2851 autem
1655 2817 1700 2850 ad
1726 2829 1880 2863 presens
1901 2817 2090 2851 statuenda

207 2887 438 2923 decrevimus
480 2887 591 2922 salvis
634 2888 671 2922 in
714 2887 885 2922 omnibus
922 2894 958 2921 et
994 2899 1059 2934 per
1094 2887 1213 2921 omnia
1257 2884 1487 2919 libertatibus
1530 2883 1686 2918 ecclesie
1729 2890 1852 2918 sancte
1903 2885 2090 2918 Genovefe

207 2954 420 2989 auctor-itate
449 2954 647 3001 apostolica
679 2954 774 2989 dicte
804 2954 960 2989 ecclesie
990 2953 1142 2988 indultis
1167 2966 1232 2987 seu
1259 2952 1461 2993 concessis,
1489 2951 1520 2985 si
1546 2963 1615 2997 qua
1646 2950 1781 2984 fuerint
1811 2950 1948 2984 indulta
1979 2962 2090 2995 super
