2580 3528
494 390 560 422 400
1078 402 1400 424 ann'rtLAnicu
1436 401 1626 423 cmvi-:ns
1664 402 1793 424 ranis.
2274 394 2374 435 [1259

490 473 728 507 Presentibus
768 487 810 507 cx
850 487 944 507 nunc
984 475 1041 508 vel
1084 488 1102 508 a
1147 476 1242 508 dicto
1278 482 1453 520 temporo,
1496 475 1526 507 si
1570 475 1708 520 aliquid
1747 476 1791 509 de
1831 476 1911 522 ipso
1951 484 2133 523 superest,
2173 489 2290 523 usque
2328 478 2374 512 ad

490 540 780 585 quinquennium
803 541 980 574 valituris.
1008 543 1085 574 Dat.
1114 542 1279 587 Anagnie
1305 543 1337 586 vj
1366 542 1414 574 id.
1442 542 1612 586 Augusti,
1640 542 1878 587 pontificatus·
1903 544 2019 577 nostri
2043 556 2138 577 anno
2163 544 2304 590 quinto.

585 638 720 669 Originulc
735 638 761 661 in
777 639 852 662 Arch.
870 642 922 662 nat.
940 639 1022 662 Paris,
1038 639 1065 662 L.
1078 640 1131 667 253,
1149 644 1177 662 n⁰
1193 640 1246 662 251.
1264 639 1340 662 Bulla
1356 639 1481 670 plumbea
1496 639 1548 662 filis
1564 640 1675 664 cannah.
1691 640 1860 672 appenditur.
1877 641 1906 664 ln
1923 641 2034 665 membr.
2050 649 2144 665 aversa
2160 650 2166 666 ι
2184 651 2196 666 ((
2207 642 2374 667 Univeni'tas

490 682 617 713 parisien.
634 691 655 710 »‚
671 683 703 705 ud
719 683 793 714 cujus
809 683 886 708 Arch.
900 683 1058 714 pertinebat.

586 767 607 789 1.
627 767 666 790 Cf.
683 775 764 798 supra
780 771 809 789 110
825 767 876 790 14¹2,

490 880 553 916 35
563 880 583 916 1
595 909 602 916 .
626 889 794 915 Alexander
808 891 825 914 Ι
829 891 853 915 V
858 893 998 925 prorogat
1023 890 1207 916 Cniversitati
1221 891 1317 917 Paris.
1332 891 1522 927 privilegium,
1542 895 1573 918 ut
1587 892 1721 927 magistri
1735 896 1763 918 et
1777 892 1926 919 scholares
1946 897 2030 919 extra
2051 893 2194 920 civitatem
2209 894 2306 921 Paris.
2321 903 2376 931 per

579 939 738 964 sententias
754 938 932 974 apostolicas
948 947 1002 964 non
1015 939 1130 974 possint
1146 939 1230 966 trahi.
1803 937 1805 939 ’

1699 991 1772 1021 1259,
1788 991 1898 1024 Augusti
1909 992 1934 1022 8,
1950 991 2087 1025 Anagniae.

578 1061 785 1093 Alexander
816 1061 1012 1106 episcopus
1044 1074 1173 1095 servus
1204 1075 1394 1097 servorum
1421 1065 1487 1097 Dei
1514 1065 1658 1098 dilectis
1683 1065 1769 1098 filiis
1799 1066 2027 1100 universitati
2057 1067 2314 1113 magistrorum
2340 1074 2376 1102 et

490 1127 684 1160 scolarium
707 1128 818 1160 Paris.
848 1128 999 1161 salutem
1027 1136 1062 1162 et
1086 1130 1320 1174 apostolicam
1348 1131 1655 1165 benedictionem.
1682 1134 1813 1167 Vestre
1838 1133 1937 1178 pacis
1963 1140 2160 1179 querentes
2180 1134 2373 1168 com'odum

490 1201 522 1226 et
559 1194 692 1238 quietis
727 1194 786 1227 illa
820 1194 926 1228 vobis
957 1195 1114 1229 libenter
1144 1197 1394 1239 concedimus,
1426 1211 1491 1244 per
1521 1211 1590 1244 que
1621 1200 1768 1232 materia
1803 1199 1970 1233 submota
2004 1201 2224 1246 gravaminis
2259 1207 2375 1235 status

490 1261 600 1294 vestri
627 1261 868 1305 tranquillitas
895 1269 1122 1307 procuretur.
1152 1265 1203 1296 Ex
1228 1271 1328 1309 parte
1365 1265 1575 1310 [sijquidem
1605 1273 1725 1300 vestra
1755 1267 1822 1300 fuit
1847 1267 2075 1312 propositum
2105 1280 2223 1301 coram
2253 1267 2373 1311 nobis5

490 1328 587 1372 quod
622 1327 707 1360 licet
741 1340 858 1372 usque
888 1329 932 1361 ad
962 1336 1100 1362 certum
1132 1337 1275 1375 tempus
1304 1331 1410 1365 vobis
1440 1332 1508 1365 fuit
1536 1332 1580 1366 ab
1610 1333 1809 1378 apostolica
1837 1333 1925 1366 sede
1961 1334 2156 1375 indultum,
2196 1341 2236 1368 ut
2274 1341 2374 1368 extra

490 1394 668 1427 civitatem
700 1395 811 1427 Paris.
844 1395 887 1428 ad
918 1396 1096 1440 judicium
1129 1409 1203 1430 non
1233 1398 1384 1443 possitis
1414 1411 1479 1444 per
1508 1399 1647 1433 litteras
1681 1399 1901 1445 apostolicas
1931 1401 2087 1443 evocari,
2120 1413 2190 1446 que
2220 1401 2266 1434 de
2296 1407 2374 1435 toto

491 1468 615 1493 tenore
637 1461 767 1494 indulti
790 1462 954 1506 ejusdem
977 1475 1050 1496 non
1075 1464 1235 1497 facerent
1260 1465 1516 1508 mentionem',
1542 1473 1661 1499 tamen
1685 1465 1830 1512 tempus
1850 1466 1959 1512 hujus
1980 1467 2112 1501 indulti
2133 1475 2173 1501 ut
2197 1468 2375 1502 asseritur

490 1534 546 1560 est
580 1528 755 1573 elapsum,
786 1529 843 1562 vel
870 1537 1040 1574 superest
1069 1531 1250 1564 modicum
1282 1532 1327 1564 de
1359 1532 1501 1565 eodem.
1529 1534 1603 1566 Nos
1629 1533 1741 1579 igitur
1766 1546 1876 1579 supra
1901 1534 2031 1567 dictam
2065 1535 2221 1580 [factam]
2246 1535 2284 1568 in
2307 1534 2374 1568 hac

492 1601 590 1638 parte
625 1594 668 1627 al)
699 1595 822 1627 eadem
855 1596 943 1628 sede
978 1597 1130 1641 gratiam
1161 1598 1374 1631 continuare
1404 1599 1571 1632 volentes
1600 1599 1706 1633 vobis
1735 1601 1947 1634 auctoritate
1987 1601 2212 1646 presentium
2252 1600 2375 1635 indul-

490 1673 632 1705 gemus7
665 1662 762 1706 quod
794 1674 835 1695 ex
867 1675 962 1695 nunc
992 1663 1049 1696 vel
1080 1671 1271 1709 postquam
1302 1665 1421 1710 ipsum
1452 1672 1596 1712 tempus
1632 1666 1794 1712 elapsum
1825 1667 1945 1709 fuerit,
1978 1667 2009 1700 si
2039 1667 2187 1713 aliquod
2217 1668 2262 1701 de
2291 1668 2373 1714 ipso

490 1734 672 1773 superest,
703 1740 819 1773 usque
850 1729 894 1762 ad
924 1730 1215 1775 quinquennium
1247 1738 1343 1765 extra
1374 1732 1554 1766 civitatem
1586 1733 1737 1766 eandem
1763 1746 1837 1766 non
1862 1733 2013 1779 possitis
2038 1740 2078 1767 ut
2102 1746 2211 1779 supra
2241 1734 2375 1768 dicitur

489 1795 533 1827 ad
561 1795 740 1839 judicium
767 1796 908 1829 evocari
935 1809 999 1841 per
1024 1797 1162 1830 litteras
1187 1799 1406 1843 apostolicas
1433 1812 1505 1832 non
1534 1800 1709 1833 facientes
1735 1800 1878 1845 plenam
1904 1801 1948 1833 (le
1975 1801 2113 1834 eisdem
2139 1800 2373 1846 presentibus

490 1862 722 1894 mentionem.
751 1863 847 1895 Nulli
879 1875 980 1908 ergO,
1008 1869 1087 1905 eta,
1120 1872 1244 1898 nostre
1275 1866 1541 1908 concessionis,
1567 1872 1632 1900 etc.
1670 1867 1706 1900 Si
1737 1867 1819 1912 quis
1849 1874 1982 1909 autem,
2008 1873 2071 1901 etc.
2099 1869 2178 1901 Dat.
2205 1866 2373 1914 Anagnie

490 1929 522 1971 vj
555 1928 602 1961 id.
634 1929 803 1974 Augusti,
837 1930 1068 1975 pontificatus
1098 1932 1213 1964 nostri
1245 1945 1339 1965 anno
1371 1933 1550 1977 quinto².'

584 2026 652 2049 Bibl.
668 2027 798 2058 Phillipps
815 2027 840 2050 in
857 2028 1038 2056 Cheltenbnm,
1055 2037 1104 2053 ms.
1116 2030 1170 2058 876,
1189 2030 1232 2053 fol.
1250 2031 1289 2053 25.
1305 2031 1382 2054 Deest
1398 2031 1423 2054 in
1439 2032 1496 2055 cod.
1514 2032 1570 2055 Vnt.
1588 2032 1652 2063 Reg.
1665 2033 1720 2055 406.

585 2110 606 2133 l.
626 2110 664 2133 Cf.
682 2119 761 2142 supra
778 2116 806 2134 11⁰
822 2113 875 2135 207.
891 2126 922 2130 —
938 2114 959 2136 2.
981 2113 1055 2136 Haud
1079 2113 1158 2137 dubie
1180 2114 1259 2137 etiam
1275 2114 1327 2137 alin
1347 2115 1489 2147 privilegia
1504 2115 1582 2147 hujus
1598 2116 1702 2147 generis
1716 2116 1875 2148 praesertim
1890 2116 1924 2140 ab
1945 2117 2095 2140 Innocentio
2111 2117 2144 2140 IV
2168 2125 2292 2141 concessa
2307 2125 2372 2149 par-

490 2154 589 2185 timque
605 2163 619 2177 a
635 2155 762 2186 Gregorio
779 2157 810 2179 lx
827 2157 949 2180 inchoata
964 2157 1015 2180 isto
1030 2161 1147 2189 tempore
1162 2162 1288 2182 renovata
1304 2162 1374 2183 sunt.

490 2325 602 2362 352.
626 2335 794 2362 .4Ιε.ταιιιίει-
814 2338 857 2362 IV
867 2337 907 2363 ad
926 2337 1065 2364 decanum
1087 2338 1228 2365 ecclesiae
1247 2349 1270 2365 s.
1296 2339 1407 2365 Macati
1426 2339 1461 2366 de
1482 2341 1573 2365 Barro
1593 2348 1681 2376 super
1702 2339 1816 2374 Albam,
1842 2344 1872 2367 ut
1893 2341 2003 2376 singuli
2025 2341 2158 2376 magistri
2177 2345 2204 2367 et
2223 2341 2371 2368 scholares

578 2385 760 2411 Parisienses
772 2387 926 2421 pecuniam
943 2388 1094 2421 conferant
1108 2396 1160 2424 pro
1177 2388 1313 2424 impensis
1329 2388 1367 2414 ab
1388 2389 1577 2414 Univer-sitaee
1591 2389 1690 2423 sactis.

1691 2479 1765 2508 1259,
1781 2478 1890 2511 Augusti
1901 2479 1927 2509 8,
1943 2478 2078 2511 Anagniae.

579 2544 783 2577 Alexander
821 2546 1016 2591 episcopus
1052 2558 1180 2580 servus
1216 2559 1405 2580 servorum
1441 2548 1507 2581 Dei
1547 2548 1680 2581 dilecto
1721 2548 1797 2582 filio
1831 2575 1853 2581 ..
1885 2549 2023 2582 decano
2063 2548 2218 2582 ecclesie
2255 2549 2368 2583 sancti

492 2610 623 2642 Maeuii
645 2611 688 2642 de
711 2612 821 2644 Burro
844 2624 955 2657 super
974 2612 1103 2646 Albam
1126 2614 1372 2659 Lingonensis
1394 2615 1553 2648 diocesis
1575 2615 1728 2648 salutem
1750 2622 1785 2648 et
1805 2614 2038 2660 apostolicam
2062 2614 2368 2648 benedictionem.

494 2681 543 2712 Ex
578 2688 675 2724 parte
710 2682 923 2715 dilectorum
957 2683 1113 2717 filiorum
1145 2685 1393 2718 universitatis
1425 2686 1681 2731 magistrorum
1713 2693 1748 2719 et
1777 2686 1972 2719 scolarium
2008 2686 2268 2720 Parisiensium
2302 2686 2371 2720 suit

493 2747 716 2790 propositum
752 2760 870 2781 coram
902 2749 1022 2792 nobis,
1054 2751 1152 2795 quod
1182 2752 1252 2797 ipsi
1283 2764 1347 2797 pro
1384 2753 1622 2798 expediendis
1653 2752 1841 2786 nonnullis
1871 2753 1949 2786 suis
1979 2752 2144 2798 negociis
2180 2759 2216 2786 et
2249 2753 2369 2787 causis

491 2813 594 2845 etiam
627 2815 892 2858 prosequendis
928 2817 1146 2860 quammulta
1177 2818 1297 2852 dehita
1333 2818 1495 2864 legitime
1528 2826 1786 2852 contraxerunt
1810 2826 1846 2852 et
1870 2819 2064 2852 subierunt
2094 2831 2204 2852 onera
2234 2831 2369 2865 expen-

492 2891 625 2920 sarum⁷
661 2887 851 2925 antequam
887 2882 980 2915 inter
1015 2883 1116 2928 ipsos
1147 2891 1182 2917 et
1211 2885 1365 2918 dilectos
1395 2885 1491 2918 filios
1521 2886 1650 2919 fratres
1685 2886 1936 2919 Predicatores
1976 2893 2011 2919 et
2046 2878 2137 2919 alios
2172 2886 2368 2932 religiosos

492 2946 716 2979 parisienses
750 2948 865 2992 sopita
896 2960 960 2993 per
990 2950 1255 2985 ordinationem
1287 2958 1446 2985 nostram
1477 2953 1725 2986 controversia
1760 2953 1928 2986 oriretur.
1961 2953 2080 2996 Quare
2111 2952 2218 2986 nobis
2253 2953 2369 2986 extitit
