2580 3528
472 408 538 440 408
1055 417 1373 439 CliAnTULARIUM
1409 416 1600 438 umvnns.
1638 414 1766 436 rmus.
2250 405 2351 445 [1259

471 491 592 532 suerit,
617 491 805 524 institutus
829 491 864 523 in
891 491 986 524 dicto
1013 491 1092 523 loco
1119 503 1182 523 seu
1210 490 1376 523 minister
1402 497 1437 522 et
1461 490 1590 522 fratres
1616 487 1751 520 ibidem
1777 487 1975 520 existentes
2001 499 2128 521 omnes
2154 494 2190 521 et
2213 487 2350 534 singuli

472 557 627 602 subjecti
665 565 783 599 eruut,
827 558 925 590 omni
962 558 1044 603 lege
1081 557 1333 601 subjectionis,
1377 556 1550 600 episcopo
1590 554 1807 594 Parisiensi3
1847 560 1882 587 et
1921 553 2061 599 jurabit
2095 565 2215 587 coram
2253 554 2350 588 dicto

473 625 646 669 episcopo
684 625 782 669 prior
819 637 883 657 seu
914 624 1079 656 minister
1109 636 1173 656 seu
1204 623 1360 656 vicarius
1391 622 1486 654 dicte
1517 621 1660 662 domus,
1692 632 1923 665 quocumque
1961 621 2108 654 nomine
2145 628 2349 663 censeatur,

473 691 563 723 infra
594 698 675 724 octo
706 691 784 723 dics
815 697 897 735 post
926 691 1117 723 adventum
1149 701 1269 730 suum,
1301 688 1551 721 obedienciam
1587 694 1622 720 et
1651 687 1897 720 reverenciam
1927 687 2185 729 omnimodam,
2218 699 2285 721 suo
2316 694 2352 720 et

471 758 619 790 fratrum
651 757 783 789 ibidem
817 757 1046 790 existentium
1078 756 1238 796 nomine,
1270 755 1443 799 episcopo
1475 754 1685 795 I'arisiensi,
1718 754 1798 798 ejus
1827 753 1972 786 officiali
2007 766 2047 787 ac
2084 753 2351 787 archidiaconis

473 824 558 856 dicti
595 824 679 863 lori,
717 830 749 856 et
783 824 879 868 quod
912 823 1141 867 privilegium
1174 821 1414 866 exemptionis
1445 827 1570 853 contra
1602 820 1737 853 dictum
1768 820 1981 865 episcopum
2019 832 2093 853 non
2129 820 2351 866 impetrabit,

472 902 538 922 nec
564 890 753 934 impetrato
779 890 1007 934 aliquatenus
1034 895 1167 929 utetur,
1199 895 1232 920 et
1263 887 1361 932 quod
1391 899 1456 932 pro
1487 899 1592 919 casso
1623 893 1659 919 et
1687 886 1785 919 inani
1812 886 1956 931 penitus
1982 886 2169 928 habeatur,
2196 887 2228 920 si
2253 886 2352 932 quod

471 957 664 1001 contigerit
692 956 893 1001 impetrari,
925 955 1087 1000 alioquin
1118 955 1314 999 episeopus
1345 954 1563 987 Parisiensis
1594 953 1750 986 eundem
1781 953 1825 986 ad
1855 952 1923 986 hoc
1961 965 2026 998 per
2062 953 2354 986 excommunica—

472 1023 580 1055 tionis
624 1023 851 1063 sententiam,
898 1022 976 1054 sine
1021 1021 1193 1054 dilatione
1237 1020 1410 1065 qualibet,
1458 1027 1625 1065 tanquam
1666 1020 1908 1065 dyocesanus,
1949 1026 1985 1052 et
2022 1031 2087 1064 per
2131 1019 2350 1052 amotionem

471 1090 633 1134 ejusdem
666 1089 810 1134 penitus
840 1101 857 1121 a
889 1088 983 1121 dicto
1015 1088 1095 1121 loco
1126 1087 1260 1132 poterit
1289 1086 1510 1132 compellere
1541 1093 1710 1131 tanquam
1737 1085 1913 1119 secularis
1939 1086 2110 1118 dominus
2146 1085 2232 1119 dicti
2266 1085 2352 1120 loci.

471 1157 650 1199 Quantum
690 1155 733 1188 ad
774 1155 892 1187 omnia
932 1155 1109 1199 premissa
1149 1161 1184 1187 et
1222 1153 1367 1198 singula
1404 1153 1624 1186 renuncians
1664 1153 1783 1186 dictus
1819 1153 1929 1185 frater
1966 1152 2164 1194 Johannes,
2211 1164 2279 1186 suo
2317 1158 2355 1185 et

471 1224 617 1255 fratrum
650 1222 783 1254 ibidem
818 1221 1062 1263 existentium,
1092 1221 1226 1266 prioris
1256 1220 1440 1266 generalis
1471 1226 1507 1253 et
1531 1221 1680 1253 fratrum
1706 1219 1792 1252 dicti
1818 1219 1968 1252 Ordinis
1994 1219 2155 1260 nomine,
2181 1217 2354 1252 omnibus

469 1289 670 1333 privilegiis
697 1295 731 1321 et
756 1288 996 1333 indulgentiis
1021 1300 1039 1320 a
1065 1288 1153 1321 sede
1178 1287 1377 1332 apostolica
1403 1286 1460 1320 vel
1487 1286 1617 1331 legatis
1643 1286 1760 1331 ipsius
1784 1298 1849 1319 seu
1874 1285 1945 1319 alio
1971 1297 2203 1331 quocumque
2228 1291 2355 1319 contra

470 1356 645 1400 premissa
668 1355 725 1388 vel
750 1355 886 1399 aliquid
913 1355 957 1387 de
981 1355 1171 1400 premissis
1192 1354 1393 1399 impetratis
1415 1353 1474 1386 vel
1496 1353 1747 1398 impetrandis,
1774 1352 1934 1385 obtentis
1955 1352 2012 1386 vel
2038 1351 2262 1394 obtinendis,
2288 1363 2356 1397 pel*

469 1423 567 1467 quod
588 1422 761 1467 episcopo
779 1421 988 1463 l'arisiensi,
1011 1421 1073 1466 qui
1090 1433 1155 1466 pro
1178 1427 1340 1465 tempore
1359 1420 1479 1461 suerit,
1503 1426 1627 1453 contra
1648 1419 1826 1464 premissa
1842 1419 1900 1452 vel
1918 1418 2066 1464 aliquod
2088 1430 2131 1452 ex
2152 1419 2206 1452 eis
2229 1425 2356 1464 posset

469 1489 696 1534 aliquatenus
722 1489 959 1533 imposterum
986 1488 1228 1533 prejudicium
1254 1487 1441 1532 generari,
1470 1486 1690 1519 renuncians
1716 1485 1976 1519 nichilominus
2001 1485 2180 1518 beneficio
2206 1485 2355 1519 restitu-

470 1556 579 1588 tionis
603 1556 639 1588 in
663 1556 859 1600 integrum,
887 1562 922 1587 et
947 1554 1117 1587 omnibus
1139 1554 1219 1587 aliis
1240 1553 1517 1599 exceptionibus
1537 1553 1618 1586 sacti
1638 1560 1673 1586 et
1687 1553 1797 1597 juris,
1820 1559 1856 1585 et
1874 1552 2116 1597 indulgentiis
2137 1564 2208 1597 que
2229 1558 2354 1586 contra

471 1623 646 1667 premissa
679 1629 831 1667 possent
856 1622 1003 1654 domino
1034 1621 1207 1666 episcopo
1239 1620 1383 1653 obesse.
1418 1620 1590 1653 Promisit
1618 1620 1770 1664 insuper
1799 1619 1919 1652 dictus
1949 1620 2058 1652 frater
2086 1618 2284 1660 Johannes,
2312 1630 2354 1652 se

470 1690 680 1722 effecturum
708 1701 792 1733 erga
819 1689 935 1722 dictos
966 1688 1125 1734 priorem
1151 1687 1359 1733 generalem
1391 1694 1426 1720 et
1451 1687 1668 1719 diffinitores
1698 1685 1856 1731 Capituli
1887 1685 2082 1731 generalis,
2115 1685 2213 1730 quod
2241 1685 2353 1719 iidem

470 1756 569 1801 prior
599 1763 634 1788 et
663 1756 890 1796 diffinitores,
918 1755 1010 1788 insra
1036 1755 1229 1788 instantem
1256 1754 1537 1794 penthecosten,
1563 1753 1702 1786 litteras
1728 1758 1892 1798 patentes
1918 1752 1986 1785 sub
2013 1752 2147 1798 sigillis
2173 1752 2352 1787 dictorum

471 1823 603 1867 prioris
643 1829 675 1855 et
721 1822 877 1867 Capituli
921 1822 1188 1855 transmittent²
1230 1828 1263 1854 et
1300 1820 1437 1854 dabunt
1475 1820 1572 1852 dicto
1613 1819 1760 1852 domino
1799 1819 1972 1864 episcopo
2016 1819 2061 1851 de
2105 1818 2276 1852 omnibus
2318 1825 2355 1851 et

469 1889 626 1934 singulis
658 1890 846 1934 premissis
879 1889 1047 1921 tenendis
1084 1888 1236 1921 firmiter
1268 1894 1303 1920 ct
1334 1886 1594 1920 inviolabiliter
1626 1885 1879 1927 observandis,
1918 1892 1953 1918 et
1988 1885 2033 1918 de
2069 1897 2142 1918 non
2170 1884 2353 1918 veniendo

468 1963 593 1988 contra
624 1956 746 1989 eadem
779 1956 835 1989 vel
865 1955 1002 2000 aliquid
1033 1967 1076 1987 ex
1106 1955 1171 1987 eis.
1204 1956 1245 1986 ln
1275 1955 1379 1998 cujus
1410 1954 1461 1986 rei
1492 1953 1739 1986 testimonium
1771 1959 1807 1985 et
1835 1951 2045 1984 memoriam
2075 1951 2127 1984 rei
2157 1957 2275 1996 geste,
2307 1951 2353 1984 ad

470 2023 679 2067 petitionem
705 2023 789 2055 dicti
813 2023 932 2055 fratris
955 2006 1154 2062 Johannis,
1176 2020 1410 2066 presentibus
1447 2020 1579 2052 litteris
1617 2019 1737 2064 sigilla
1769 2025 1892 2052 nostra
1923 2018 2093 2051 duximus
2123 2017 2352 2062 apponenda.

471 2091 597 2122 Datum
629 2102 722 2122 anno
761 2090 904 2122 Domini
943 2088 1136 2121 millesimo
1168 2087 1419 2120 ducentesimo
1450 2086 1755 2131 quinquagesimo
1787 2097 1898 2126 nono,
1930 2096 2056 2117 mense
2087 2083 2292 2117 Decembri.

564 2188 706 2218 Illaqnum
725 2188 820 2212 Chart.
836 2188 900 2211 eccl.
917 2187 1092 2212 Parisiensis
1108 2186 1134 2208 in
1153 2185 1229 2208 Arch.
1247 2188 1302 2208 nat.
1317 2184 1401 2208 Puris.
1418 2184 1466 2208 LL.
1484 2184 1537 2212 183,
1555 2184 1599 2207 sol.
1617 2183 1672 2207 35¹³.
1686 2197 1718 2200 —
1732 2183 1861 2211 Gue'rurd,
1888 2184 1966 2207 cart.
1985 2183 2019 2206 de
2029 2182 2225 2210 Notre-Dame,
2246 2182 2292 2211 111,
2312 2182 2351 2206 27.

564 2271 587 2295 1.
606 2271 653 2295 MS.
671 2279 675 2294 :
694 2280 706 2294 «
722 2272 871 2294 Lnnfraudo
886 2280 907 2295 ».
923 2285 954 2288 —
969 2272 990 2294 2.
1008 2271 1061 2294 Huc
1076 2270 1188 2297 litterae,
1206 2279 1217 2292 «
1234 2270 1287 2292 dut.
1306 2270 1419 2293 Cescnue
1444 2268 1525 2292 tercio
1547 2276 1608 2292 non.
1625 2267 1686 2291 Maii
1701 2267 1871 2299 pontificatus
1896 2267 1964 2290 dom.
1982 2266 2227 2298 Alexandri‘quurti
2242 2275 2255 2288 ιι
2270 2265 2352 2298 (1260,

472 2315 531 2338 Maii
545 2318 578 2345 5),
594 2319 618 2338 et
631 2316 715 2339 editae
730 2325 789 2338 rum
812 2324 941 2338 consensu
962 2315 1131 2338 definitorum
1155 2315 1219 2346 Cup.
1243 2314 1374 2346 generalis
1400 2313 1514 2337 cesenae
1530 2312 1655 2336 celebrati
1671 2321 1686 2335 u
1701 2312 1857 2340 Lautrunco,
1874 2311 1991 2343 generali
2006 2311 2104 2343 priore,
2120 2313 2311 2334 conservantur
2325 2310 2352 2334 in

471 2360 568 2390 stlezyn.
587 2361 693 2388 Chart.,
711 2361 754 2384 sol.
769 2362 808 2384 36.
831 2360 924 2391 Agitur
944 2360 979 2383 ihi
1003 2360 1034 2383 do
1053 2369 1064 2382 (t
1080 2360 1137 2382 loco
1154 2362 1243 2382 nostro
1260 2358 1377 2382 Parisios
1391 2358 1466 2389 juxta
1481 2361 1586 2389 portam
1599 2356 1694 2380 Montis
1714 2356 1853 2380 Mai-tirum
1868 2355 1895 2379 in
1910 2355 2051 2387 parrochia
2068 2356 2095 2379 S.
2110 2355 2246 2379 Eustachii
2266 2355 2318 2379 sito
2328 2363 2352 2379 n.

470 2417 500 2420 —
516 2405 659 2427 Alexander
675 2405 716 2433 lv,
733 2405 757 2435 vj
773 2405 808 2428 id.
825 2405 896 2427 Junii
913 2413 954 2427 1111.
971 2406 985 2427 f)
1006 2405 1085 2433 (1260,
1101 2405 1162 2427 Jun.
1180 2405 1214 2433 8),
1230 2403 1255 2426 in
1272 2411 1324 2426 una
1340 2403 1372 2425 nd
1388 2402 1505 2433 priorem
1526 2405 1552 2425 et
1568 2403 1662 2425 fratres
1688 2401 1750 2424 Ord.
1772 2400 1949 2424 Eremitflrum
1971 2400 1997 2423 S.
2018 2400 2129 2431 August.
2152 2399 2236 2423 Paris.
2253 2398 2352 2431 directa

470 2448 583 2478 epistola
601 2449 687 2471 omnio
701 2449 769 2471 bonu
785 2449 893 2472 mobilia
908 2452 932 2472 ct
947 2449 1094 2472 immobilia
1111 2448 1203 2472 Ordini
1229 2448 1381 2475 contirmnt;
1398 2446 1424 2469 in
1441 2446 1524 2469 ultera
1540 2454 1601 2469 vero
1625 2444 1817 2476 indulgentiam
1839 2444 1966 2467 concedit.
1991 2443 2139 2475 originalia
2159 2443 2186 2466 in
2201 2443 2278 2467 Arch.
2294 2445 2349 2466 nat.

473 2493 555 2515 Paris.
573 2493 599 2516 L.
615 2494 668 2520 253,
683 2493 715 2515 11ὴῖ
731 2494 775 2516 267
791 2497 815 2516 ct
831 2494 884 2516 268.

474 2655 586 2691 359.
609 2664 775 2691 Alexander
795 2666 837 2690 IV
848 2664 976 2690 concedit
998 2665 1135 2699 magistro
1155 2666 1240 2690 Petro
1261 2665 1345 2698 Ruso,
1369 2663 1418 2699 qui
1439 2663 1467 2689 in
1488 2661 1648 2696 theologica
1670 2660 1814 2695 facultate
1836 2659 1969 2685 honorem
1991 2657 2148 2684 cathedrae
2171 2656 2351 2692 magistralis

562 2712 684 2748 adeptus
701 2716 772 2746 erat,
791 2722 852 2738 eum
866 2722 951 2748 posse
967 2722 1022 2739 ιιοιι
1038 2713 1172 2739 obstante
1187 2713 1302 2747 defectu
1318 2712 1460 2738 natalium
1477 2711 1635 2746 dignitates
1651 2709 1866 2736 ecclesiasticas
1882 2707 2018 2734 obtinere.

1647 2812 1724 2842 1260,
1739 2811 1858 2837 «Ianuarii
1868 2811 1913 2839 28,
1929 2809 2063 2842 Anwm'ae.

564 2898 738 2943 Magistro
785 2899 889 2930 Petro
932 2898 1027 2930 dicto
1070 2898 1181 2930 Ruso¹
1221 2897 1396 2930 canonico
1435 2895 1649 2943 Ebroicensi
1687 2894 1827 2927 doctori
1865 2893 2025 2926 Parisius
2065 2892 2101 2924 in
2145 2890 2351 2936 theologica

473 2964 650 2998 facultate.
683 2963 787 2996 Illum
818 2964 910 2996 circa
937 2964 1069 3009 dignos
1096 2965 1241 2997 modum
1268 2963 1382 3008 gratie
1409 2962 1578 3008 specialis
1604 2961 1761 2994 libenter
1787 2959 2024 3005 exquirimus,
2052 2970 2159 3003 quem
2185 2958 2347 3002 ipsorum
