2580 3528
289 423 386 464 1246]
631 433 678 454 AB
712 432 818 454 anno
853 432 930 455 mcc
965 432 1097 461 usous
1132 432 1180 454 An
1216 431 1446 454 Piumrruu
1481 432 1521 454 iv
1556 432 1645 454 aas.
1682 433 1819 455 ransc.
2102 425 2165 458 193

286 519 357 553 que
375 506 571 553 plurimum
592 518 660 540 nos
682 505 848 548 delectat,
867 513 991 540 nostre
1011 518 1078 540 vos
1097 506 1213 552 gratie
1234 505 1423 551 coaptatis,
1440 506 1502 551 qui
1522 506 1717 551 aliquando
1735 506 1941 552 disciplinis
1962 508 2164 542 scolasticis

286 573 515 607 insudantes¹
535 573 580 607 ad
607 584 789 606 summum
815 584 942 606 sumus
970 572 1056 606 licet
1080 572 1251 606 immeriti
1271 572 1522 618 magisterium
1551 572 1702 606 evocati.
1731 573 1822 606 Hinc
1847 580 1904 606 est
1927 573 2025 619 quod
2051 574 2164 619 quieti

284 646 406 674 vestre
441 646 591 686 paterna
625 638 792 673 volentes
825 638 1015 685 diligentia
1052 639 1247 685 providere
1281 639 1493 672 auctoritate
1526 638 1632 672 vobis
1666 640 1892 685 presentium
1928 639 2164 685 indulgemus

285 713 324 740 ut
353 706 478 740 nullus
506 707 544 740 in
574 706 848 741 universitatem
878 712 1036 740 vestram
1064 706 1322 752 magistrorum
1352 712 1388 739 et
1417 705 1612 739 scolarium
1643 713 1704 739 aut
1734 713 2006 752 procuratorem
2037 719 2163 740 eorum

283 773 342 808 vel
358 778 540 808 rectorem
565 774 830 819 cujuscumque
857 779 918 806 aut
941 785 1252 819 quarumcumque
1276 772 1485 806 facultatum
1507 785 1572 806 seu
1598 785 1816 819 quemquam
1844 773 1953 806 alium
1980 785 2045 819 pro
2070 774 2163 807 sacto

283 839 342 875 vel
367 840 559 885 occasione
585 839 702 886 ipsius
731 839 988 874 Universitatis
1016 839 1417 882 excommunicationis,
1439 839 1697 886 suspensionis
1726 840 1785 873 vel
1809 840 1993 873 interdicti
2020 846 2163 873 senten-

284 907 352 941 tias
378 907 510 941 audeat
535 906 770 953 promulgare
790 906 930 952 absque
950 906 1051 940 sedis
1071 906 1271 952 apostolice
1301 906 1447 940 licentia
1477 906 1640 952 speciali,
1668 913 1704 940 et
1728 907 1759 940 si
1787 907 1898 940 fuerit
1919 906 2161 952 promulgata,

283 973 365 1020 ipso
380 974 464 1019 jure
490 973 538 1007 sit
558 973 660 1007 irrita
687 980 723 1007 et
749 973 880 1007 inanis.
903 973 1000 1007 Nulli
1022 985 1126 1019 ergo,
1146 978 1226 1014 etc„
1250 979 1374 1007 nostre
1401 973 1669 1014 concessionis,
1690 978 1755 1008 etc.
1778 974 1815 1007 Si
1835 973 1919 1019 quis
1939 980 2072 1015 autem,
2096 978 2161 1007 etc.

284 1039 523 1075 Presentibus
544 1047 628 1086 post
646 1040 878 1086 septennium
900 1040 1048 1073 minime
1068 1039 1246 1073 valituris.
1266 1041 1344 1073 Dat.
1363 1040 1534 1086 Lugduni
1549 1052 1571 1074 x
1587 1040 1656 1074 kal.
1675 1040 1907 1082 Novembris,
1929 1040 2162 1086 pontificatus

284 1107 402 1142 nostri
421 1119 517 1141 anno
537 1114 677 1153 quarto.

377 1205 513 1237 Originale
528 1205 555 1229 in
570 1205 646 1229 Arch.
663 1209 716 1229 nat.
733 1205 817 1229 Puris.
836 1206 862 1229 L.
884 1206 939 1233 246,
956 1210 985 1229 n⁰
1005 1206 1058 1229 135.
1075 1206 1152 1229 Bulla
1172 1205 1299 1237 plumbea
1315 1205 1367 1229 filis
1388 1205 1499 1230 cannah.
1522 1205 1691 1237 appenditur.
1714 1205 1881 1238 Subscriptio
1897 1214 1902 1229 2
1920 1206 1949 1230 B.
1965 1214 2025 1238 pen.
2043 1206 2072 1229 ln
2087 1208 2163 1238 parte

282 1258 377 1274 aversa
391 1249 489 1282 legitur
503 1249 655 1274 charactere
673 1249 847 1274 cancellariae
867 1253 953 1281 apost.
971 1257 977 1273 t
995 1258 1007 1273 α
1023 1250 1189 1274 Universitas
1206 1258 1228 1274 ι).
1245 1250 1337 1278 Quoad
1353 1250 1401 1274 has
1421 1250 1524 1274 litteras
1539 1250 1599 1274 vide
1614 1250 1714 1274 similes
1735 1250 1857 1282 Gregorii
1872 1251 1906 1274 lx
1921 1258 2003 1282 supra
2022 1254 2053 1274 ιιο
2067 1250 2121 1279 113,
2137 1252 2164 1274 ct

282 1297 372 1319 notam
386 1294 494 1318 ibidem.
508 1307 540 1312 -—
555 1294 584 1318 ln
599 1294 691 1318 eodem
706 1294 782 1318 Areh.
799 1297 852 1318 nat.
874 1294 958 1318 Paris.
975 1295 1008 1318 M.
1025 1295 1081 1322 66⁵,
1102 1298 1132 1318 ιιο
1146 1295 1169 1323 3,
1186 1294 1299 1326 epistola
1317 1294 1416 1318 inserta
1435 1297 1475 1318 cst
1489 1294 1585 1318 litteris
1601 1294 1719 1326 episcopi
1739 1295 1945 1318 Silvanectcnsis
1963 1295 1991 1318 11
2008 1295 2084 1318 Febr.
2102 1295 2162 1318 1252

283 1338 362 1370 (infra
376 1343 407 1362 n⁰
425 1339 489 1369 199).
511 1333 580 1362 Bibl.
601 1338 734 1370 Phillipps
754 1338 781 1362 in
802 1338 983 1367 Cheltenham,
1000 1347 1048 1362 ms.
1065 1339 1120 1367 876,
1138 1339 1182 1363 sol.
1200 1338 1254 1367 15¹²,
1276 1339 1326 1362 sub
1341 1339 1418 1363 titulo
1434 1347 1440 1362 ι
1456 1347 1470 1369 5:
1486 1339 1521 1363 Ut
1540 1339 1629 1362 nullus
1645 1338 1672 1362 in
1687 1338 1902 1368 Universitatcm,
1918 1342 2055 1368 rectorem,
2069 1347 2163 1371 procu-

281 1386 384 1408 ratores
398 1391 445 1407 seu
459 1390 619 1415 quemquam
633 1382 716 1406 alium
730 1391 780 1415 pro
794 1384 862 1407 facto
877 1383 919 1407 vcl
933 1383 1071 1407 occasione
1086 1383 1274 1407 Universitatis
1293 1383 1410 1415 aliquam
1431 1383 1588 1407 sententium
1602 1384 1698 1407 audeat
1712 1384 1884 1416 promulgare
1900 1392 1921 1408 ».
1943 1384 2006 1408 Cod.
2022 1384 2078 1408 Vnt.
2096 1384 2159 1416 Reg.

280 1428 336 1458 40⁶,
353 1427 398 1452 fol.
414 1427 452 1452 15.
468 1426 606 1455 Jourdain,
622 1431 651 1450 n⁰
666 1428 703 1451 76.

377 1512 400 1537 1.
416 1511 491 1544 Orig.
509 1521 521 1536 α
535 1511 708 1535 insundnntes
723 1519 747 1537 n.

285 1626 394 1664 163.
417 1636 599 1663 Innocentius
620 1637 664 1663 IV
679 1635 791 1662 lunello
812 1635 1029 1672 archiepiscopo
1045 1635 1186 1670 Remensi,
1206 1634 1319 1661 Adamo
1341 1634 1475 1672 episcopo
1496 1638 1524 1661 et
1543 1634 1653 1661 decano
1677 1634 1947 1670 Silvanectensibus,
1973 1639 2004 1662 ut
2025 1634 2161 1662 molesta-

369 1689 444 1712 tor-cs
465 1685 666 1720 magistrorum
689 1688 717 1711 et
737 1684 913 1711 scholarium
933 1684 1144 1711 Parisiensium
1166 1692 1289 1710 censura
1305 1681 1505 1710 ecclesiastica
1526 1687 1716 1720 compescant,
1735 1683 1786 1710 hoc
1803 1684 1955 1720 privilegio
1973 1693 2028 1721 per
2047 1688 2161 1721 septen-

368 1734 447 1761 nium
461 1737 573 1761 tantum
589 1733 718 1761 valituro.

1503 1783 1579 1811 7²40.
1596 1782 1682 1809 Octob.
1697 1783 1744 1813 23,
1760 1783 1874 1815 Luadum'.

369 1858 606 1892 Innocentius
641 1858 838 1904 episcopus
871 1870 1001 1892 servus
1036 1869 1225 1892 servorum
1260 1857 1326 1891 Dei
1356 1857 1630 1891 venerabilibus
1668 1857 1841 1891 fratribus
1884 1857 2160 1903 archiepiscopo

280 1925 464 1968 Remensi‚
492 1925 666 1971 episcopo
694 1931 730 1958 et
757 1925 890 1959 dilecto
920 1925 995 1958 filio
1028 1925 1166 1958 decano
1192 1923 1529 1958 Silvanectcnsibus
1555 1924 1708 1958 salutem
1736 1931 1772 1958 et
1790 1924 2026 1970 apostolicam
2048 1924 2160 1958 bene-

280 1992 490 2027 dictionem.
520 1992 699 2026 Ass'ectum
730 2004 870 2034 eorum,
902 1992 963 2038 qui
993 1991 1195 2025 honestatis
1225 1991 1459 2025 intendentes
1493 1991 1607 2024 cultui
1637 1991 1674 2024 in
1695 1991 1817 2025 studio
1846 1991 2042 2037 proficiunt
2064 1991 2160 2025 litte-

279 2070 414 2100 rarum,
441 2058 614 2093 benivolo
641 2059 764 2092 favore
794 2058 1065 2105 prosequimur,
1097 2064 1133 2092 et
1157 2064 1196 2092 ut
1225 2057 1385 2091 oblatum
1417 2070 1482 2091 sue
1508 2058 1711 2091 affectionis
1742 2058 1778 2091 in
1808 2057 1874 2091 hac
1904 2065 2004 2104 parte
2034 2070 2159 2091 conse-

279 2131 436 2171 quantur
462 2125 629 2159 effectum
660 2124 818 2159 libenter
844 2126 898 2159 eis
927 2125 1180 2171 apostolicum,
1212 2131 1321 2171 prout
1349 2125 1508 2170 expedit,
1535 2125 1708 2158 auxilium
1730 2124 1957 2167 exhibemus,
1985 2137 2024 2158 ac
2050 2124 2086 2158 in
2115 2137 2158 2158 eo

278 2191 487 2237 specialiter
501 2191 665 2238 ipsorum
687 2203 799 2238 super
818 2192 887 2226 hoc
908 2191 1105 2226 desideriis
1125 2192 1250 2226 fovere
1271 2191 1525 2237 proponimus,
1543 2198 1582 2225 ut
1601 2191 1655 2225 eis
1671 2198 1796 2225 contra
1816 2203 1966 2225 suorum
1989 2191 2158 2225 molesta-

279 2264 397 2292 torum
422 2258 600 2292 audatiam
629 2265 811 2304 oportuno
831 2270 1002 2292 curemus
1024 2258 1188 2292 remedio
1209 2257 1419 2292 subvenire.
1441 2259 1533 2292 Cum
1559 2258 1693 2303 itaque,
1715 2258 1811 2291 sicut
1831 2270 1874 2291 ex
1895 2264 1995 2303 parte
2015 2258 2157 2291 univer-

275 2324 394 2358 sitatis
427 2324 684 2371 magistrorum
720 2331 756 2358 et
789 2324 983 2358 scolarium
1019 2324 1280 2358 Parisiensium
1315 2324 1383 2358 suit
1417 2324 1643 2370 propositum
1679 2335 1799 2358 coram
1836 2323 1956 2366 nobis,
1993 2324 2102 2357 iidem
2137 2336 2156 2358 a

274 2390 463 2425 nonnullis
493 2390 710 2425 turbationis
740 2403 865 2425 eorum
904 2390 1020 2425 avidis
1054 2391 1241 2425 molestias
1271 2390 1492 2437 multiplices
1524 2391 1722 2436 paciantur,
1754 2402 1836 2433 nos,
1867 2376 2002 2424 'eorum
2040 2390 2155 2436 quieti

277 2457 471 2504 providere
497 2457 677 2500 volentes,
704 2464 743 2491 ut
770 2457 924 2491 liberius
951 2457 1094 2491 valeant
1122 2457 1286 2492 bravium
1314 2457 1491 2503 sapientie
1516 2457 1684 2503 adipisci,
1711 2457 1924 2490 discretioni
1948 2463 2069 2491 vestro
2091 2469 2155 2503 per

275 2524 474 2570 apostolica
504 2524 638 2570 scripta
674 2524 886 2558 mandamus
915 2523 1100 2570 quatinus,
1133 2524 1281 2570 prefatis
1316 2523 1502 2570 magistris
1531 2530 1567 2557 et
1595 2523 1800 2557 scolaribus
1830 2523 1964 2558 favoris
1990 2523 2153 2569 presidio

275 2590 469 2625 efficaciter
488 2591 718 2634 assistentes,
736 2603 810 2625 non
830 2590 1046 2637 permittatis
1067 2602 1132 2625 eos
1152 2597 1277 2624 contra
1298 2590 1438 2624 indulta
1458 2589 1735 2636 privilegiorum
1764 2590 1864 2624 sedis
1888 2590 2088 2636 apostolice
2108 2589 2153 2624 ab

274 2656 458 2703 aliquibus
486 2657 648 2692 indebite
677 2657 876 2700 molestari,
903 2657 1158 2692 molestatores
1185 2657 1396 2703 hujusmodi
1423 2669 1489 2704 per
1513 2669 1704 2691 censuram
1730 2657 2012 2692 ecclesiasticam
2033 2657 2153 2704 appel-

274 2722 408 2758 latione
440 2724 643 2771 postposita
677 2724 959 2771 compescendo.
1004 2723 1244 2758 Presentibus
1279 2731 1362 2770 post
1396 2724 1627 2770 septennium
1668 2724 1816 2758 minime
1854 2723 2031 2758 valituris.
2073 2725 2150 2758 Dat.

274 2790 444 2837 Lugduni
465 2803 487 2824 x
507 2790 576 2825 kal.
599 2790 831 2834 Novembris,
853 2791 1085 2838 pontificatus
1106 2791 1223 2825 nostri
1243 2803 1338 2825 anno
1360 2797 1500 2837 quarto.

367 2888 443 2913 Arch.
460 2891 514 2913 nat.
530 2889 614 2914 Paris.
631 2889 664 2914 M.
685 2890 741 2919 66⁵,
762 2894 792 2914 n⁰
811 2891 834 2919 ³,
854 2889 954 2914 inserta
972 2889 1069 2914 litteris
1085 2889 1204 2922 episcopi
1221 2889 1427 2914 Silvanectsnsis
1447 2889 1474 2913 11
1496 2889 1572 2914 Febr.
1590 2889 1650 2913 1252
1670 2889 1739 2914 infra
1754 2893 1784 2912 n⁰
1799 2889 1852 2913 199.
1869 2903 1899 2908 —
1913 2889 2050 2917 Jourdain.
2068 2893 2096 2912 u⁰
2112 2890 2149 2916 77,

273 2931 351 2957 effert
363 2941 395 2957 ex
409 2933 513 2958 Archiv.
530 2933 652 2958 Univers.
669 2934 764 2963 Paris..
781 2934 844 2967 λος.
860 2935 899 2958 98.
916 2935 944 2959 Α.
962 2935 1000 2958 20.
1017 2942 1041 2964 ιι,
1058 2934 1192 2958 rubricam
1208 2937 1313 2958 tuntum
1327 2934 1354 2958 in
1369 2934 1467 2967 gallica
1480 2933 1573 2966 lingua
1587 2937 1780 2958 conservatam.

399 3021 499 3047 Chare.
521 3022 600 3048 Um'v.
618 3023 710 3048 Paris.
729 3023 748 3048 1.
1995 3024 2025 3047 25
