2580 3528
237 405 334 446 1274]
578 414 626 437 AB
658 414 766 436 Anno
799 413 877 437 uec
910 413 1044 442 usqua
1078 414 1127 435 An
1162 413 1392 436 rfflmppuu
1427 414 1467 435 ιν
1501 414 1589 436 nso.
1627 415 1763 437 rnANc.
2044 407 2109 440 513

553 519 590 543 De
603 518 735 543 extraneis
747 518 818 543 infre
833 519 900 542 duas
914 521 1006 550 portas
1021 517 1194 546 remansuris,
1210 517 1262 541 nisi
1277 517 1329 550 ipsi
1345 517 1398 541 sint.
1412 517 1565 542 notabiliter
1578 519 1658 550 digne
1671 527 1793 550 persone.

324 595 416 630 Cum
445 606 533 628 vero
557 594 714 640 aliquem
740 593 879 628 socium
905 593 949 627 ad
979 605 1155 627 cameram
1185 593 1243 627 vel
1272 593 1359 626 alibi
1389 593 1578 639 quesierit,
1605 594 1737 627 ostium
1768 601 1851 640 post
1880 606 1920 628 se
1954 594 2108 629 claudat.

238 661 276 696 Si
303 673 392 696 vero
421 661 483 695 ille
513 661 562 695 sit
589 660 698 694 homo
727 660 912 702 notabilis,
944 661 1063 706 ipsum
1093 660 1131 693 in
1160 660 1259 694 curia
1289 671 1435 693 manere
1465 660 1659 706 permittat.
1686 661 1722 694 Si
1748 667 1865 694 autem
1891 673 1966 694 non
1992 661 2039 694 sit
2063 661 2110 695 ita

236 728 421 771 notabilis,
452 728 548 762 inter
576 727 667 762 duas
697 734 819 773 portas
848 734 1043 761 remaneat.

705 835 740 859 De
756 835 821 863 vico,
837 834 941 867 porticu
958 837 984 858 et
998 834 1076 858 domo
1090 842 1121 858 ac
1135 835 1167 858 de
1180 834 1294 866 privatis
1309 842 1324 858 u
1338 834 1457 866 portario
1472 835 1641 858 mundandis.

328 912 418 945 Item
447 911 583 945 curiam
614 917 723 944 totam
754 910 908 944 interius
938 917 974 944 et
1002 910 1162 944 exterius
1192 916 1227 943 et
1256 916 1369 943 totum
1394 910 1526 952 vicum,
1558 917 1730 956 quantum
1758 910 1888 944 domus
1918 917 2041 944 nostra
2071 922 2111 944 se

241 977 416 1019 extendit,
446 989 487 1011 ac
516 977 594 1011 vias
623 984 659 1010 et
687 977 825 1023 gradus
854 983 890 1010 et
919 988 1046 1010 omnes
1075 988 1237 1010 cameras
1267 977 1449 1010 sociorum
1480 989 1519 1010 ac
1549 977 1654 1010 etiam
1685 977 1777 1010 viam
1808 989 2036 1010 communem
2066 978 2111 1011 ad

239 1056 400 1078 cameras
436 1044 592 1090 privatas
628 1050 773 1078 tenetur
810 1043 944 1076 munde
981 1055 1144 1084 servare;
1182 1055 1308 1088 aquam
1348 1055 1414 1088 pro
1453 1043 1627 1077 lavatorio
1665 1055 1704 1077 ac
1742 1043 1861 1089 ipsum
1898 1043 2110 1077 lavatorium

238 1110 394 1144 interius
422 1117 459 1144 et
487 1111 647 1145 exterius
677 1110 864 1144 mundare.

589 1217 625 1241 De
641 1217 749 1241 servitio
762 1217 875 1248 portarii
890 1225 918 1240 se
931 1225 983 1240 non
998 1217 1160 1240 extendentis
1175 1217 1208 1240 ad
1223 1217 1388 1240 comedentes
1404 1225 1451 1241 seu
1465 1217 1584 1241 bibentes
1599 1217 1625 1240 in
1641 1217 1762 1241 cameris.

330 1294 418 1327 Item
457 1292 548 1326 nulli
585 1292 791 1326 comedenti
829 1292 887 1326 vel
916 1291 1056 1325 bibenti
1093 1292 1129 1325 in
1165 1303 1305 1325 camera
1344 1292 1491 1334 serviat,
1530 1292 1600 1326 nisi
1641 1299 1724 1338 post
1757 1293 1973 1339 ignitegium
2011 1299 2112 1339 porta

241 1359 379 1394 firmata
409 1371 491 1393 cum
521 1358 634 1400 clave,
665 1371 770 1404 quam
801 1358 938 1392 clavem
969 1370 1092 1392 secum
1123 1357 1263 1392 habeat.

675 1466 711 1490 De
726 1469 861 1498 portatore
876 1473 1042 1498 nequaquam
1058 1465 1114 1490 sine
1128 1465 1248 1489 custodia
1263 1466 1405 1490 sufficienti
1419 1469 1525 1498 portum
1539 1466 1681 1490 dimittere.

331 1543 419 1576 Item
460 1541 562 1576 nullo
596 1541 705 1575 modo
741 1553 806 1587 pro
843 1541 965 1587 aliquo
1002 1541 1151 1575 intrabit
1185 1541 1319 1575 villam.
1356 1541 1463 1585 Quod
1497 1542 1528 1575 si
1563 1541 1681 1588 aliqua
1716 1542 1934 1576 necessitate
1970 1543 2115 1588 propria

242 1615 396 1657 urgente
439 1609 559 1655 ipsum
599 1609 831 1654 contingeret
867 1607 988 1642 villam
1028 1608 1176 1649 intrare,
1215 1614 1354 1654 portam
1392 1620 1458 1654 per
1499 1608 1656 1654 aliquem
1695 1609 1740 1642 de
1779 1609 1887 1642 domo
1930 1609 2116 1643 custodire

242 1682 426 1716 teneatur;
458 1675 558 1721 quod
587 1675 618 1709 si
653 1687 726 1708 non
759 1675 888 1708 fecerit
922 1681 958 1709 et
991 1681 1092 1721 porta
1130 1675 1209 1708 sine
1243 1675 1395 1709 custode
1425 1675 1570 1710 inventa
1599 1676 1721 1717 fuerit,
1757 1687 1820 1710 sex
1850 1676 2021 1710 denarios
2050 1688 2116 1722 pro

243 1754 333 1789 pena
363 1742 410 1776 de
437 1741 569 1776 salario
598 1754 665 1776 suo
696 1741 823 1776 solvat.

673 1849 711 1873 De
722 1849 847 1881 janitore,
863 1857 895 1873 ex
910 1857 962 1882 quo
976 1849 1058 1873 nichil
1074 1848 1152 1873 faciet
1166 1848 1192 1873 in
1207 1849 1328 1882 coquina,
1344 1857 1402 1873 enm
1417 1857 1551 1882 nunquam
1567 1849 1685 1874 intrabit.

333 1925 423 1959 Item
455 1924 559 1958 nullo
589 1924 698 1958 modo
728 1924 765 1958 in
795 1924 951 1970 coquina
981 1931 1238 1967 commoretur,
1269 1937 1337 1958 nec
1366 1923 1417 1958 ibi
1446 1924 1584 1970 aliquid
1612 1925 1728 1959 faciat.

419 2032 456 2056 Do
470 2035 589 2064 tempore
603 2031 740 2064 aperiendi
754 2035 780 2056 et
794 2032 934 2056 claudendi
948 2035 974 2056 et
988 2031 1130 2056 accusandi
1145 2035 1282 2056 extraneos
1297 2035 1323 2056 et
1337 2031 1480 2060 intraneos,
1496 2034 1550 2055 tam
1565 2032 1678 2056 famulos
1693 2040 1772 2064 quam
1787 2032 1940 2065 magistros.

338 2108 424 2141 ltem
456 2107 600 2153 pulsato
630 2107 809 2154 ignitegio
839 2113 983 2141 tenetur
1012 2119 1177 2153 magnam
1208 2114 1347 2153 portam
1377 2107 1547 2141 claudere
1577 2114 1613 2141 et
1641 2108 1678 2140 in
1708 2108 1966 2153 signovSancti
1995 2108 2119 2142 Jacobi

246 2185 394 2220 semper
421 2173 565 2220 aperire
594 2185 635 2208 ac
664 2173 785 2208 claves
815 2185 962 2220 semper
991 2185 1104 2220 penes
1134 2185 1173 2208 se
1204 2185 1404 2208 reservare.
1437 2174 1473 2208 Si
1511 2186 1595 2208 vero
1629 2174 1785 2220 aliquem
1821 2174 1865 2208 de
1901 2175 2008 2208 domo
2038 2181 2119 2208 ante

246 2239 370 2274 horam
405 2239 603 2286 contigerit
633 2240 744 2281 exire,
772 2246 918 2274 tenetur
951 2252 1107 2287 surgere
1139 2246 1174 2274 et
1200 2247 1339 2287 portam
1370 2247 1453 2286 post
1479 2240 1582 2274 illum
1609 2240 1791 2274 claudere.
1822 2241 1858 2274 Si
1891 2253 1979 2274 vero
2008 2241 2119 2287 aliqui

246 2306 413 2340 consueti
443 2306 578 2340 fuerint
606 2313 690 2352 post
715 2306 913 2352 predictam
942 2306 1068 2340 horam
1095 2307 1243 2349 intrare,
1270 2306 1328 2341 vel
1355 2313 1437 2340 ante
1464 2307 1620 2353 aliquem
1649 2307 1761 2349 exire,
1787 2319 1852 2353 per
1873 2308 2118 2352 juramentum

247 2385 352 2407 suum
379 2379 524 2407 tenetur
547 2372 662 2419 priori
690 2372 864 2407 revelare.
894 2373 1068 2407 Similiter
1088 2373 1120 2407 si
1139 2373 1282 2419 aliquos
1302 2373 1466 2407 defectus
1493 2373 1529 2406 in
1556 2372 1701 2407 famulis
1726 2373 1871 2415 viderit,
1898 2373 1956 2407 vel
1982 2374 2120 2420 aliquid

247 2439 293 2474 de
326 2438 435 2473 bonis
468 2439 600 2473 domus
634 2445 732 2473 extra
766 2439 902 2485 portari
936 2450 1002 2486 per
1034 2439 1190 2485 aliquem
1224 2439 1370 2481 viderit,
1405 2445 1550 2473 tenetur
1583 2439 1757 2473 revelare.
1794 2441 1881 2474 Item
1919 2441 1951 2474 si
1988 2440 2122 2475 viderit

247 2506 404 2552 aliquem
433 2512 643 2540 extraneum
671 2512 873 2551 portantem
901 2505 1039 2552 aliquid
1066 2505 1136 2540 sub
1159 2512 1260 2539 veste
1286 2512 1384 2539 extra
1409 2506 1570 2547 domum,
1597 2517 1670 2540 non
1695 2506 1878 2552 permittat
1903 2519 1984 2541 eum
2006 2507 2119 2550 exire,

248 2572 319 2606 nisi
339 2571 472 2619 aliquis
493 2572 538 2606 de
558 2572 668 2606 domo
688 2572 806 2618 ipsum
828 2572 871 2606 ad
892 2578 1030 2618 portam
1051 2572 1298 2607 associaverit.

527 2679 563 2703 De
578 2678 698 2712 portione
712 2678 834 2711 portarii,
847 2678 892 2711 qui
908 2678 934 2703 in
950 2682 1004 2703 tou
1019 2678 1061 2703 die
1076 2687 1128 2703 non
1143 2678 1240 2703 habeat
1254 2677 1305 2703 nisi
1319 2678 1422 2711 pintam
1437 2678 1507 2708 vini;
1523 2679 1568 2703 ned
1584 2679 1610 2703 in
1626 2679 1685 2703 eliis
1700 2679 1770 2704 sicut
1782 2679 1838 2704 alii.

337 2755 427 2789 ltem
447 2753 484 2788 in
506 2766 616 2801 parvo
637 2754 790 2802 prandio
811 2754 942 2789 habeat
960 2754 1164 2801 portionem
1185 2754 1295 2788 unius
1315 2754 1406 2788 socii
1427 2754 1507 2788 sine
1531 2754 1636 2797 vino3
1665 2755 1702 2788 in
1727 2766 1858 2802 magno
1883 2767 1970 2790 vero
1991 2755 2121 2790 habeat

248 2820 294 2855 de
318 2832 410 2868 pane
435 2827 471 2855 et
497 2821 644 2868 potagio
669 2827 841 2868 quantum
870 2820 984 2855 semel
1010 2820 1081 2855 sibi
1107 2820 1274 2855 sufficere
1301 2820 1475 2863 creditur,
1502 2832 1542 2855 ac
1569 2821 1759 2855 dimidium
1784 2821 1962 2856 ferculum
1982 2822 2027 2856 de
2048 2822 2120 2856 fer-

248 2886 342 2921 culis
371 2886 644 2922 remanentibus
674 2895 756 2935 post
785 2888 973 2922 servitium
1004 2886 1202 2929 sociorum,
1232 2893 1267 2921 et
1296 2886 1437 2921 debitas
1466 2887 1654 2934 portiones
1682 2887 1911 2922 famulorum.
1947 2887 2119 2932 Quolibet

249 2953 355 2988 etiam
376 2953 435 2989 die
453 2953 584 2989 habeat
603 2966 708 2989 unam
730 2955 877 3001 pintam.

375 3012 469 3037 Chare.
493 3011 570 3038 vnit.
589 3011 684 3038 Paria.
701 3011 721 3037 1.
1965 3014 1995 3036 ⁰⁵
