2618 3640
508 439 550 471 42
1093 444 1413 468 CHARTULARIUM
1448 443 1639 465 UNIVERS.
1676 443 1806 467 PARIS.

507 523 634 556 audire
662 521 911 568 significamus
944 519 1063 561 vobis,
1099 531 1167 552 nos
1202 531 1311 552 sanos
1341 525 1377 551 et
1409 517 1612 551 incolumes
1647 517 1804 551 Domino
1837 517 1993 551 faciente
2022 518 2240 562 consistere,
2275 526 2313 554 et
2343 521 2389 555 ad

507 589 697 623 servitium
726 595 888 623 vestrum
918 593 954 620 et
982 586 1138 620 ecclesie
1167 592 1288 619 vestre
1323 591 1512 630 promptos
1548 591 1583 617 et
1621 591 1765 630 paratos
1804 596 1899 618 esse.
1936 584 2042 619 Unde
2076 586 2313 632 provestris
2353 594 2390 622 et

506 657 705 690 amicorum
730 662 934 689 vestrorum
956 652 1290 699 opportunitatibus
1311 651 1355 684 ad
1376 663 1444 684 nos
1470 663 1600 684 secure
1622 651 1784 693 mittatis,
1806 651 1890 697 quia
1911 650 2010 697 quod
2030 651 2136 687 vobis
2156 654 2388 688 commodum

507 730 543 757 et
580 729 722 769 gratum
761 734 843 755 esse
883 720 1106 761 noverimus,
1147 731 1215 752 nos
1249 718 1494 751 libentissime
1527 718 1714 751 faciemus.
1751 719 1922 752 Preterea
1955 730 2022 765 pro
2057 720 2214 765 quodam
2252 720 2387 755 clerico

507 792 668 823 Romano
696 789 843 822 nomine
874 789 1020 821 Sasson.
1051 793 1183 832 nepote
1210 785 1328 818 felicis
1354 785 1529 817 memorie
1557 784 1696 818 domini
1723 797 1815 831 pape
1841 785 2037 828 Anastasii,
2071 787 2134 832 qui
2161 787 2322 822 Parisius
2349 788 2387 822 in

506 856 617 890 scolis
652 862 825 897 moratur,
861 854 1093 887 dilectionem
1127 859 1284 886 vestram
1320 863 1493 897 rogamus
1526 852 1711 893 attentius,
1753 852 1924 898 quatinus
1958 853 2078 899 ipsum
2112 866 2235 887 amore
2270 855 2387 889 nostri

505 923 793 956 commendatum
823 920 998 962 habeatis,
1028 926 1066 952 ut
1093 926 1162 952 tam
1191 919 1269 964 ipse
1298 931 1403 964 quam
1432 925 1602 964 parentes
1634 919 1692 952 sui
1719 926 1926 965 opportuno
1957 926 2120 966 tempore
2150 921 2195 954 ad
2223 928 2386 955 vestrum

505 989 692 1023 servitium
714 988 871 1034 prompti
893 987 1058 1028 existant,
1083 993 1118 1019 et
1137 997 1206 1018 nos
1227 992 1350 1031 grates
1376 984 1575 1019 debeamus
1601 985 1707 1019 vobis
1728 986 1903 1032 plurimas
1924 986 2110 1020 exhibere.
2139 988 2176 1022 Si
2196 988 2295 1034 quod
2314 982 2386 1022 sibi

504 1056 722 1090 beneficium
748 1054 1000 1095 exhibueritis,
1027 1053 1149 1086 sciatis
1175 1052 1258 1097 quia
1286 1059 1322 1085 et
1346 1052 1391 1085 de
1419 1052 1531 1094 curia,
1560 1054 1666 1098 cujus
1693 1053 1850 1087 clericus
1877 1060 1945 1096 est,
1974 1060 2010 1087 et
2036 1054 2081 1087 de
2108 1054 2216 1089 nobis
2244 1061 2280 1089 et
2305 1055 2386 1090 aliis

503 1123 627 1156 amicis
649 1122 725 1155 suis
746 1121 880 1166 poterit
899 1120 1004 1154 vobis
1026 1120 1136 1165 digne
1159 1119 1449 1165 recompensatio
1471 1119 1648 1153 exhiberi.

594 1207 738 1235 Duchesne,
754 1206 898 1231 Historiae
912 1206 1092 1230 Francorum
1105 1205 1256 1235 scriptores
1272 1205 1314 1233 tv,
1336 1205 1389 1228 759.
1410 1218 1442 1222 -
1456 1205 1580 1234 Bulaeus,
1597 1206 1630 1233 ΙΙ,
1647 1206 1701 1229 303.
1717 1219 1749 1223 -
1764 1205 1802 1229 Ad
1817 1206 1928 1229 eandem
1948 1206 2048 1230 directa
2063 1210 2103 1230 est
2122 1206 2236 1239 epistola
2251 1207 2386 1232 Gunlelmi

500 1253 526 1275 S.
549 1251 619 1275 Petri
644 1252 677 1274 ad
700 1251 806 1274 vincula
829 1250 918 1281 presb.
940 1250 1022 1278 card„
1044 1258 1096 1281 qua
1117 1252 1238 1280 rogatur,
1265 1258 1277 1273 «
1302 1249 1427 1281 quatinus
1452 1248 1556 1282 (eidem)
1580 1250 1744 1273 subdiacono
1768 1249 1882 1282 singulis
1907 1251 2043 1275 mensibus
2069 1260 2154 1284 usque
2178 1252 2211 1275 ad
2236 1260 2335 1276 annum
2355 1251 2385 1276 in

499 1306 516 1320 v
530 1296 622 1320 solidis
638 1295 777 1327 providere
793 1303 805 1318 1)
822 1298 903 1318 curet.
920 1295 1066 1323 Duchesne,
1082 1294 1100 1318 l,
1117 1302 1150 1323 c.,
1166 1302 1192 1326 p.
1210 1295 1263 1318 754.

593 1368 615 1391 1.
636 1367 740 1399 Absque
764 1366 844 1390 dubio
865 1366 921 1390 Odo
937 1366 1112 1393 Lombardus,
1137 1366 1264 1389 diaconus
1288 1366 1360 1389 card.
1383 1366 1409 1389 S.
1436 1366 1537 1390 Nicolai
1562 1366 1589 1390 in
1610 1374 1715 1390 carcere
1740 1366 1862 1390 Tulliano
1888 1367 2028 1391 1153-1174
2050 1370 2076 1391 et
2100 1367 2218 1400 aequalis
2243 1367 2385 1393 Guillelmo

499 1412 635 1436 cardinali.
653 1411 807 1435 Anastasius
823 1419 902 1443 papa,
919 1411 964 1443 qui
978 1411 1005 1434 in
1025 1411 1138 1442 epistola
1158 1411 1310 1434 nominatur
1331 1414 1356 1434 et
1375 1410 1409 1434 ab
1428 1419 1470 1434 an.
1489 1411 1628 1435 1153-1154
1644 1411 1670 1435 in
1690 1411 1751 1435 sede
1773 1411 1798 1435 S.
1815 1411 1886 1435 Petri
1906 1412 2023 1441 sedebat,
2042 1411 2098 1444 jam
2118 1413 2258 1437 defunctus
2272 1416 2337 1437 orat.
2352 1426 2385 1431 —

498 1459 521 1481 2.
546 1457 686 1480 Abbatissa
712 1456 865 1479 monasterii
887 1456 915 1479 B.
939 1455 1037 1479 Mariae
1060 1456 1199 1479 1126-1162
1226 1459 1283 1479 erat
1307 1455 1443 1479 Mathitdis
1466 1456 1490 1479 11
1515 1455 1589 1487 regio
1613 1455 1743 1488 sang-uine
1765 1459 1832 1485 orta,
1856 1456 1898 1480 cui
1921 1456 2050 1480 successit
2070 1457 2190 1481 Max-sitin
2215 1456 2382 1490 (1162-1177).

500 1502 595 1527 Gallia
606 1501 702 1526 christ.
717 1501 759 1529 lx,
776 1501 831 1524 444.

496 1647 579 1684 41.
604 1655 767 1692 Stephanus
786 1656 972 1681 Tornacensis
992 1655 1093 1681 scribit
1107 1655 1250 1682 Absaloni
1269 1654 1487 1692 archiepiscopo
1503 1655 1650 1682 lundensi
1669 1655 1705 1682 de
1719 1656 1805 1682 Petro
1825 1663 1886 1691 suo,
1905 1656 1955 1692 qui
1974 1656 2003 1682 in
2023 1659 2117 1682 monte
2133 1657 2160 1682 S.
2181 1657 2339 1691 Genovefae
2353 1656 2384 1683 in

588 1714 675 1731 sacra
687 1705 799 1741 pagina
814 1704 919 1731 studet.

1550 1768 1704 1798 1178-1192,
1720 1767 1766 1803 [ln
1778 1770 1866 1795 monto
1882 1768 1905 1795 S.
1922 1767 2095 1803 GenovetaeJ.

587 1856 855 1891 Verecundiam
882 1868 994 1889 meam
1022 1856 1142 1902 tetigit
1168 1856 1287 1889 littera
1312 1862 1445 1899 vestra,
1473 1863 1587 1902 pater,
1615 1863 1651 1890 et
1675 1856 1851 1902 castigato
1877 1855 2012 1890 rubore
2037 1856 2194 1889 frontem
2221 1855 2384 1902 perfudit

499 1935 788 1957 commemorans
822 1935 888 1968 pro
923 1923 1083 1968 negotiis
1117 1923 1251 1957 vestris
1285 1923 1380 1969 apud
1416 1923 1604 1957 dominum
1635 1935 1763 1969 papam
1796 1935 1853 1956 me
1883 1924 1998 1957 fuisse
2029 1923 2239 1964 sollicitum,
2275 1929 2311 1956 et
2342 1922 2382 1956 in

499 1990 664 2024 consiliis
689 1990 807 2023 nuntii
830 1990 942 2023 vestri
969 1990 1132 2036 magistri
1162 1989 1278 2023 Tobie
1306 1990 1427 2024 minus
1460 1990 1625 2024 desidem
1656 2002 1762 2036 quam
1796 1990 1979 2024 devotum.
2014 1990 2095 2022 Non
2126 1989 2293 2023 modicus
2325 1995 2384 2023 est

500 2057 761 2102 obsequiorum
782 2057 933 2098 fructus⁷
957 2069 1021 2090 eos
1042 2056 1176 2102 quibus
1201 2057 1365 2103 impensa
1388 2064 1473 2090 sunt
1493 2057 1646 2090 maxime
1672 2063 1840 2103 potentes
1867 2063 1902 2090 et
1926 2055 2071 2090 nobiles
2091 2055 2149 2090 vel
2173 2055 2211 2088 in
2237 2055 2381 2090 modico

500 2123 723 2156 meminisse.
759 2123 881 2156 Placet
914 2123 1022 2156 michi
1057 2124 1246 2158 servitium
1281 2136 1401 2157 meum
1437 2123 1703 2169 complacuisse
1737 2123 1857 2165 vobis,
1894 2130 1930 2156 et
1962 2123 2000 2156 in
2029 2129 2149 2156 vestra
2183 2122 2381 2168 gratiarum

499 2190 639 2224 actione
661 2197 758 2223 totus
778 2190 962 2236 accingor,
990 2197 1025 2224 et
1049 2191 1229 2224 accendor
1249 2191 1293 2224 ad
1318 2192 1466 2236 majora,
1492 2190 1550 2224 vel
1576 2191 1607 2224 si
1628 2190 1935 2236 opportunitatem
1957 2189 2101 2223 occasio
2127 2201 2201 2222 non
2222 2189 2381 2232 deserat,

498 2257 556 2291 vel
583 2257 835 2303 opportunitas
863 2258 1046 2290 occasioni
1071 2265 1275 2291 concurrat.
1308 2259 1453 2291 Petrum
1483 2264 1644 2291 vestrum
1675 2257 1810 2303 pariter
1839 2269 1878 2290 ac
1906 2263 2073 2290 nostrum
2099 2254 2381 2290 commendabili

500 2336 640 2357 morum
675 2323 863 2357 nobilitate
898 2324 993 2357 inter
1020 2326 1178 2370 juvenes
1212 2325 1441 2370 precipuum,
1477 2324 1573 2358 sicut
1606 2324 1818 2366 mandastis,
1855 2329 2027 2369 quantum
2064 2322 2172 2356 nobis
2204 2323 2383 2357 Dominus

500 2391 687 2436 permittit,
710 2397 745 2424 et
764 2403 1037 2425 commonemus
1064 2398 1204 2437 patrum
1230 2391 1367 2433 verbis,
1389 2398 1425 2424 et
1444 2403 1703 2437 promovemus
1728 2391 1878 2424 fratrum
1904 2389 2094 2436 exemplis.
2118 2390 2224 2423 Sacre
2250 2388 2383 2435 pagine

501 2457 652 2490 studens
674 2458 792 2491 scolas
812 2458 974 2491 veritatis
996 2458 1032 2490 in
1053 2458 1248 2500 auditorio,
1270 2458 1388 2492 scolas
1408 2458 1552 2492 virtutis
1578 2459 1785 2503 frequentat
1805 2458 1842 2491 in
1869 2457 2028 2491 claustro
2052 2468 2059 2489 z
2082 2468 2164 2490 cum
2185 2467 2304 2501 neque
2324 2454 2383 2490 hic

502 2523 580 2556 sine
605 2524 754 2557 veritate
776 2524 957 2566 virtutem,
985 2537 1104 2570 neque
1125 2524 1176 2557 ibi
1201 2525 1280 2558 sine
1305 2525 1438 2558 virtute
1464 2524 1648 2558 combibat
1666 2524 1867 2558 veritatem.
1890 2525 1970 2557 Duo
1992 2534 2157 2569 suggens
2178 2522 2290 2555 ubera
2310 2521 2382 2556 cito

502 2590 635 2634 poterit
664 2590 896 2635 impinguari,
929 2597 967 2624 ut
995 2597 1163 2636 tanquam
1194 2591 1381 2637 saginatus
1408 2591 1545 2625 vitulus
1572 2592 1630 2625 vel
1659 2591 1765 2624 sortis
1794 2591 1890 2624 aries
1920 2590 1996 2624 sive
2027 2589 2124 2622 filius
2154 2588 2306 2621 arietum
2337 2587 2382 2622 de

502 2668 616 2701 grege
642 2656 787 2688 Domini
807 2656 850 2689 ad
871 2656 982 2689 altare
1003 2657 1119 2702 ipsius
1144 2664 1180 2690 et
1204 2658 1283 2703 ipse
1308 2657 1487 2691 immolari
1513 2657 1642 2703 possit,
1663 2657 1701 2691 et
1720 2657 1865 2702 quando
1891 2655 1996 2690 vobis
2017 2655 2195 2701 placuerit
2214 2666 2280 2700 pro
2301 2654 2383 2688 aliis

503 2722 702 2755 immolare.
730 2722 985 2756 Consideranti
1006 2722 1115 2756 michi
1135 2723 1223 2768 quid
1244 2723 1348 2757 vobis
1370 2724 1518 2757 domino
1543 2736 1624 2757 meo
1646 2735 1794 2769 possem
1814 2722 1971 2764 mittere,
1997 2721 2110 2755 nichil
2131 2720 2290 2754 occurrit
2309 2733 2382 2766 quo

503 2801 576 2821 non
604 2788 823 2822 habundetis
851 2795 886 2821 et
910 2801 988 2830 vos,
1020 2795 1056 2822 et
1081 2789 1164 2822 ideo
1192 2789 1287 2822 inter
1314 2790 1464 2823 divicias
1495 2796 1531 2823 et
1559 2790 1709 2823 delicias
1739 2788 1998 2830 occidentales,
2028 2778 2204 2821 orientale
2231 2798 2383 2821 munus·-

503 2855 624 2888 culum
655 2855 756 2888 mitto
786 2854 891 2888 vobis
920 2854 1113 2900 ampullam
1144 2856 1275 2901 tyriaca
1305 2855 1559 2901 probatissima
1594 2856 1737 2901 plenam
1767 2855 1811 2888 ab
1840 2854 2116 2900 archiepiscopo
2151 2853 2380 2896 Mamertino,

503 2921 722 2955 Antiocheni
753 2921 953 2967 patriarche
983 2922 1226 2967 suffraganeo,
1263 2922 1510 2955 concanonico
1539 2929 1576 2955 et
1609 2922 1724 2955 amico
1754 2928 1895 2964 nostro,
1930 2920 2040 2954 michi
2070 2921 2200 2954 datam.
2237 2919 2381 2953 Humile

503 2989 604 3031 satis,
639 2989 705 3022 sed
735 2988 823 3022 utile
853 2988 1034 3031 exenium,
1064 2988 1208 3034 magnis
1238 2995 1274 3021 et
1301 2988 1512 3034 potentibus
1541 2989 1630 3023 viris
1665 2995 1850 3034 acceptum
1881 3000 1888 3021 :
1917 2999 2072 3034 quorum
2103 2993 2139 3020 et
2165 2986 2238 3021 vite
2266 2992 2381 3020 status

627 3048 651 3070 6.
