2580 3528
483 390 548 422 354
1065 397 1383 419 cflARTUanlUM
1419 397 1608 418 euivssns.
1648 396 1774 418 rmus.
2257 387 2356 428 [1257

482 528 594 566 309.
617 537 785 564 Alexander
805 539 848 563 IV
871 537 1006 573 reproba!
1033 536 1254 573 appellationes,
1283 544 1478 571 quaecumque
1507 536 1573 567 sint,
1599 536 1801 570 magistrorum
1825 536 2034 561 Parisiensium
2060 539 2199 571 tanquam
2221 535 2353 571 frivolas,

571 587 754 622 decernitque
769 586 977 612 ordinationem
993 586 1098 611 dictam
1116 594 1130 611 (ι
1150 586 1241 618 Quasi
1257 584 1363 619 lignum
1380 584 1454 610 vitae
1468 593 1483 610 ›
1501 583 1705 610 inviolabiliter
1719 583 1937 611 observandam.

1722 665 1775 690 125
1778 665 1801 694 7,
1816 665 1878 690 nai}
1890 665 1926 695 12,
1942 665 2068 691 Laterani.

572 742 775 774 Alexander
797 742 991 786 episcopus
1014 752 1142 773 servus
1164 751 1352 772 servorum
1375 739 1453 780 Dei,
1483 739 1526 771 ad
1548 745 1758 783 perpetuam
1780 738 1990 772 memoriam
2010 740 2228 773 futurorum.
2251 740 2354 774 Circa

482 808 653 852 frequens
674 808 853 840 cotidiane
875 806 1134 840 sollicitudinis
1154 806 1395 838 ministerium
1415 805 1578 850 occupati
1599 817 1708 850 supra
1728 805 1826 838 vires
1844 812 1987 839 nostras
2005 806 2164 840 assiduis
2184 807 2355 852 ingruen-

483 875 568 907 tium
599 875 758 918 undique
786 873 1087 918 disceptationum
1119 872 1329 905 incursibus
1355 872 1559 916 fatigamur,
1587 883 1657 916 que
1684 883 1751 905 nos
1777 871 1977 905 inevitabili
2003 873 2220 907 necessitate
2248 885 2355 908 cons-

483 941 643 985 tringunt
672 939 945 984 emergentibus
972 939 1172 984 litigiorum
1203 937 1340 971 morbis
1368 938 1464 971 varia
1495 938 1653 971 remedia
1684 938 1890 983 providere.
1921 939 1992 972 Sed
2020 939 2202 972 interdum
2231 952 2353 985 pacem

480 1007 663 1039 credimur
697 1006 843 1038 dedisse
878 1005 1050 1050 negotiis,
1094 1011 1127 1037 et
1168 1004 1293 1037 cadem
1331 1004 1458 1049 majori
1498 1004 1651 1050 strepitu
1690 1004 1902 1047 recidivant,
1943 1005 2103 1051 dumque
2140 1006 2355 1041 offensionis

481 1073 633 1117 lapides,
659 1072 792 1117 quibus
818 1072 874 1105 vie
899 1072 970 1104 vite
996 1071 1104 1115 hujus
1130 1071 1294 1104 inhorret
1321 1071 1510 1116 asperitas,
1538 1078 1575 1104 ut
1602 1070 1830 1104 rationalium
1851 1072 2044 1105 affectuum
2066 1073 2180 1118 pietas
2201 1073 2355 1108 liberius

481 1146 664 1184 procurrat
700 1139 735 1171 in
772 1139 899 1179 Deum,
937 1137 1156 1171 salutaribus
1192 1138 1323 1171 studiis
1354 1150 1597 1179 removemus,
1628 1138 1787 1172 hominis
1822 1139 1959 1172 inimici
1993 1139 2199 1185 malignitas
2234 1147 2354 1186 petras

479 1206 672 1250 aliquando
701 1205 860 1238 scandali
889 1205 1084 1249 superjacit
1113 1204 1304 1250 gravioris.
1335 1205 1426 1237 Hinc
1451 1205 1576 1250 utique
1604 1205 1654 1246 fit,
1684 1205 1782 1250 quod
1809 1206 2003 1251 operosior
2027 1218 2112 1239 cura
2139 1206 2354 1253 plerumque

481 1272 585 1305 nobis
616 1272 779 1304 imminet
808 1272 901 1304 circa
932 1271 1098 1316 plurima,
1130 1283 1200 1316 que
1231 1271 1368 1304 salubri
1399 1272 1599 1317 sategimus
1632 1284 1780 1305 curasse
1807 1272 1948 1305 medela
1975 1279 2011 1306 et
2039 1274 2258 1318 propensior
2286 1286 2354 1308 nos

480 1339 581 1371 labor
602 1339 730 1384 repetit
757 1345 837 1384 post
865 1338 1024 1379 labores,
1053 1337 1187 1383 quibus
1213 1338 1317 1371 altam
1344 1338 1424 1371 aliis
1450 1339 1658 1372 studuimus
1683 1351 1877 1384 preparare
1903 1339 2074 1384 quietem.
2101 1340 2246 1374 Dudum
2267 1352 2354 1374 sane

479 1418 558 1439 cum
594 1418 705 1450 super
738 1405 954 1450 quibusdam
990 1405 1153 1438 articulis
1192 1412 1322 1438 statum
1358 1405 1576 1439 Parisiensis
1616 1406 1726 1439 studii
1766 1406 2066 1452 contingentibus
2105 1407 2354 1441 controversia

479 1472 702 1513 emersisset,
738 1484 818 1505 nos.
854 1472 914 1516 qui
946 1471 1110 1516 ejusdem
1144 1471 1255 1504 studii
1286 1471 1529 1505 emolumenta
1564 1472 1736 1513 zelamur,
1769 1479 1807 1505 ut
1839 1473 1908 1506 viri
1943 1472 2127 1506 scolastici
2162 1473 2354 1507 summotis

479 1539 786 1580 altercationibus,
811 1551 880 1584 que
902 1539 1103 1584 profectum
1125 1538 1319 1584 discipline
1340 1539 1573 1584 prepediunt,
1602 1539 1638 1571 in
1659 1539 1758 1584 pacis
1779 1539 1853 1572 otio
1875 1539 2058 1584 pacificis¹
2081 1552 2167 1573 sane
2189 1540 2354 1574 doctrine

479 1606 779 1651 occupationibus
810 1606 1054 1647 imminerent,
1085 1617 1151 1651 per
1180 1605 1447 1639 ordinationem
1478 1606 1670 1651 quandam,
1702 1618 1772 1651 que
1804 1606 1918 1651 Quasi
1945 1606 2084 1652 lignum
2113 1607 2185 1641 vite
2213 1607 2352 1653 incipit,

479 1672 626 1705 suborta
655 1673 909 1705 dissidentium
937 1672 1059 1718 jurgia
1098 1672 1267 1705 duximus
1300 1672 1345 1705 de
1377 1673 1526 1705 fratrum
1555 1679 1764 1706 nostrorum
1793 1672 1948 1706 consilio
1975 1673 2191 1706 dirimenda.
2217 1675 2353 1708 Verum

479 1740 641 1784 magistri
663 1746 769 1784 atque
794 1739 954 1772 scolares
980 1739 1207 1773 Parisienses
1233 1739 1498 1772 ordinationem
1526 1740 1692 1781 eandem,
1720 1752 1789 1785 qua
1813 1740 1851 1772 in
1876 1739 1981 1785 plana
2001 1740 2207 1774 curavimus
2227 1753 2355 1786 aspera

479 1813 711 1848 commutare,
743 1807 784 1839 ad
814 1806 1032 1839 turbationis
1062 1807 1245 1839 materiam
1277 1813 1505 1840 assumentes
1533 1807 1710 1840 adversus
1740 1806 1894 1840 dilectos
1922 1806 2018 1840 filios
2045 1807 2174 1841 fratres
2204 1807 2354 1842 Ordinis

478 1873 747 1906 Predicatorum
782 1874 933 1906 maxime
970 1874 1004 1906 in
1040 1873 1207 1906 scandala
1242 1880 1492 1915 surrexerunt,
1529 1873 1646 1906 eidem
1683 1874 1904 1907 ordinationi
1943 1880 2065 1907 erecto
2104 1874 2353 1908 inobedientie

480 1940 612 1972 vertice
642 1940 862 1981 resistendo,
893 1952 959 1973 nec
990 1940 1258 1974 considerando
1289 1940 1488 1985 prudenter
1518 1940 1737 1973 ordinationi
1769 1946 1904 1974 temere
1932 1939 2070 1974 obviari
2100 1940 2237 1982 divine,
2268 1941 2352 1974 dum

478 2006 676 2051 apostolice
707 2007 967 2040 contradicitur
996 2007 1179 2052 potestati,
1210 2007 1253 2040 ad
1287 2007 1384 2052 quod
1415 2019 1479 2040 eos
1509 2007 1692 2040 credimus
1722 2019 1795 2040 non
1826 2014 1893 2040 tam
1922 2014 2006 2040 voto
2032 2008 2216 2041 communi
2245 2019 2351 2053 quam

481 2074 685 2118 particulari
720 2074 957 2119 quorumdam
994 2074 1208 2107 seductione
1243 2081 1457 2115 commotos,
1493 2086 1574 2107 cum
1604 2074 1663 2107 vix
1692 2074 1736 2107 ad
1770 2074 2026 2107 contumatiam
2062 2075 2139 2119 pari
2169 2086 2353 2108 consensu
2399 2102 2404 2108 .

481 2140 672 2173 multitudo
694 2147 916 2185 prorumpat,
946 2141 1016 2173 nisi
1036 2141 1188 2173 forsitan
1210 2140 1380 2174 incitetur
1401 2153 1418 2173 a
1439 2141 1577 2186 paucis,
1600 2140 1660 2185 qui
1683 2140 1714 2174 si
1734 2134 1879 2186 possint
1899 2152 2049 2186 peccare
2069 2153 2150 2174 cum
2171 2140 2352 2186 plurimis,

481 2207 726 2251 impunitatem
756 2207 825 2240 sibi
854 2219 1002 2240 suorum
1032 2219 1246 2240 excessuum
1274 2219 1366 2252 quos
1392 2219 1458 2252 per
1482 2207 1550 2240 hoc
1577 2207 1698 2252 potius
1724 2214 1945 2253 exaggerant
1966 2208 2234 2252 repromittunt.
2262 2208 2353 2242 Cum

480 2280 596 2306 autem
628 2273 735 2306 iidem
766 2275 895 2307 fratres
926 2274 1181 2319 magistrorum
1215 2280 1322 2319 atque
1352 2274 1546 2307 scolarium
1578 2274 1873 2308 infestationibus
1903 2274 2064 2307 lacessiti
2092 2281 2125 2307 et
2156 2274 2355 2308 insecutio—

481 2339 588 2372 nibus
616 2340 751 2385 satigati
780 2341 1081 2386 compositionem
1109 2341 1286 2385 quandam
1314 2353 1394 2373 cum
1421 2340 1494 2374 illis
1521 2341 1557 2373 in
1586 2341 1859 2386 derogationem
1887 2341 2127 2374 ordinationis
2154 2341 2354 2386 apostolice

481 2405 693 2447 subiissent,
723 2419 791 2440 nos
818 2407 1119 2452 compositionem
1148 2407 1373 2452 hujusmodi,
1400 2419 1470 2452 que
1498 2408 1627 2441 fratres
1656 2407 1757 2453 ipsos
1785 2406 2002 2441 excludebat
2029 2420 2048 2440 a
2078 2407 2190 2441 scolis
2220 2407 2355 2453 magis-

482 2479 617 2505 trorum
646 2473 863 2506 secularium
894 2473 1146 2519 reprobantes,
1174 2474 1439 2507 ordinationem
1471 2474 1585 2519 ipsam
1616 2474 1652 2507 in
1679 2475 1784 2519 cujus
1813 2480 2023 2519 contemptu
2050 2481 2173 2507 nostra
2199 2473 2355 2519 vilipen-

483 2538 633 2571 ‹lcbatur
660 2540 867 2581 auctoritas,
898 2540 1147 2574 mandavimus
1178 2540 1436 2574 inviolabiliter
1466 2540 1666 2583 observari,
1697 2540 1927 2574 cohercendo
1957 2552 2049 2586 pena
2084 2540 2203 2573 debita
2238 2546 2355 2574 trans-

483 2616 686 2648 gressores.
731 2607 804 2650 Ipsi
847 2618 933 2639 vero
978 2607 1141 2652 magistri
1185 2614 1292 2652 atque
1335 2607 1496 2640 scolares
1540 2619 1620 2640 cum
1659 2607 1925 2652 presumptioni
1966 2613 2165 2651 peccatum,
2206 2612 2354 2652 peccato

483 2677 741 2715 contemptum,
772 2678 806 2704 et
834 2673 1056 2718 contemptui
1087 2674 1313 2718 pertinatiam
1342 2673 1577 2718 adjecissent,
1607 2673 1751 2706 tandem
1782 2673 1931 2706 nuntios
1958 2679 1994 2706 et
2019 2679 2274 2718 procuratores
2307 2672 2351 2706 ad

484 2736 606 2768 sedem
629 2738 861 2781 apostolicam
884 2739 1122 2780 destinarunt,
1146 2752 1211 2785 per
1232 2752 1324 2785 quos
1345 2740 1389 2774 ad
1415 2740 1639 2773 excusandas
1660 2739 1914 2772 excusationes
1940 2751 2025 2773 suas
2049 2750 2170 2772 coram
2191 2738 2300 2772 nobis
2320 2745 2354 2772 et

484 2802 654 2835 fratribus
680 2804 815 2836 nostris
841 2805 935 2837 inter
960 2812 1078 2838 cetera
1104 2818 1310 2852 proponere
1336 2813 1567 2848 curaverunt,
1594 2806 1705 2851 quod,
1727 2818 1809 2839 culn
1829 2806 1900 2851 ipsi
1925 2805 1970 2839 de
1995 2805 2181 2838 consortio
2208 2805 2356 2839 univer-

485 2869 599 2902 sitatis
620 2870 874 2915 magistrorum
897 2878 930 2903 et
952 2872 1144 2905 scolarium
1166 2873 1440 2915 Parisiensium,
1462 2885 1479 2906 a
1502 2885 1570 2918 qua
1591 2873 1739 2906 omnino
1759 2878 1989 2906 recesserant
2013 2873 2092 2917 ejus
2112 2871 2354 2905 renuntiando

486 2935 688 2980 privilegiis
719 2943 750 2969 ct
779 2943 893 2969 actum
926 2938 1155 2982 postmodum
1185 2939 1399 2972 dimittendo
1429 2939 1590 2985 legendi,
1619 2951 1691 2972 non
1719 2938 1873 2972 debeant
1901 2939 2059 2984 reputari
2088 2938 2352 2971 ordinationem

610 2994 649 3016 45.

2572 1976 2580 1986 a.
2571 1898 2580 1965 affluet-⁴.
2572 1842 2580 1886 nx..
2573 1768 2580 1813 ..
2574 1750 2576 1754 <

2573 2096 2580 2117 0—
2568 1993 2580 2091 »armarat-m

2571 2345 2580 2468 „at—uua
2571 2311 2580 2336 aaa
2571 2225 2580 2306 „amat-a
2572 2197 2580 2219 a..
2572 2175 2580 2191 cu.
2570 2125 2580 2166 2..„...
