2618 3640
499 417 542 452 48
1091 427 1410 450 CHARTULARIUM
1445 428 1636 450 UNIVERS.
1673 429 1802 451 PARIS.

501 507 655 547 patrum,
678 513 771 546 quos
793 501 920 534 eodem
947 501 1077 547 spiritu
1104 513 1241 535 sacram
1263 502 1479 547 scripturam
1501 501 1660 547 legimus
1682 502 1910 548 exposuisse,
1941 515 2012 548 quo
2034 515 2111 536 eam
2133 504 2387 550 composuisse

501 568 685 601 credimus
706 568 892 613 apostolos
919 574 954 601 et
979 568 1188 614 prophetas.
1216 570 1345 614 lgnota
1366 575 1402 602 et
1422 569 1616 614 peregrina
1637 570 1802 604 convivis
1823 570 1900 603 suis
1921 577 2109 616 apponunt
2128 571 2277 613 fercula,
2305 564 2387 604 cum

501 635 539 668 in
560 635 704 680 nupciis
725 635 790 668 filii
811 635 910 680 regis
931 635 1024 668 tauri
1046 636 1124 679 ejus
1150 642 1185 668 et
1209 635 1325 668 artilia
1346 636 1419 669 sint
1439 635 1559 669 occisa
1579 642 1615 669 et
1635 636 1754 670 omnia
1775 643 1907 682 parata,
1935 649 2002 670 nec
2023 644 2134 671 restat
2152 637 2387 672 venientib'us

502 702 547 735 ad
572 702 729 747 nuptias,
752 702 823 735 nisi
845 714 915 747 que
941 702 1103 747 apposita
1125 709 1210 735 sunt
1230 703 1411 748 prendere
1438 709 1473 735 et
1498 703 1689 748 prandere.
1717 704 1930 749 Disputatur
1950 704 2095 750 publice
2116 711 2241 738 contra
2266 717 2387 739 sacras

502 769 784 802 constitutiones
810 769 854 802 de
881 769 1246 814 incomprehensibili
1272 769 1418 811 deitate,
1441 770 1485 802 de
1507 770 1755 803 incarnatione
1776 770 1880 805 verbi
1900 771 2055 805 verbosa
2075 784 2158 805 caro
2181 779 2216 805 et
2236 772 2387 818 sanguis

502 836 748 869 irreverenter
774 836 902 881 litigat.
926 836 1117 869 Individua
1139 836 1298 869 Trinitas
1326 843 1361 869 et
1388 837 1425 869 in
1451 837 1569 870 triviis
1596 843 1740 870 secatur
1765 844 1801 871 et
1825 838 2059 883 discrepitur,
2080 845 2120 872 ut
2143 845 2196 872 tot
2214 840 2288 884 jam
2315 839 2389 873 sint

503 915 648 936 errores
674 909 763 948 quot
788 903 972 944 doctores,
999 909 1051 935 tot
1076 902 1245 935 scandala
1271 909 1359 947 quot
1386 903 1576 944 auditoria,
1604 910 1657 937 tot
1681 903 1906 950 blasphemie
1928 911 2017 950 quot
2036 905 2166 950 platee.
2194 907 2335 939 Rursus
2355 906 2388 940 si

502 976 648 1003 ventum
679 970 789 1002 fuerit
818 970 862 1002 ad
882 969 1020 1014 judicia
1049 981 1118 1014 que
1141 970 1225 1014 jure
1252 969 1428 1002 canonico
1456 970 1530 1003 sint
1556 971 1752 1012 tractanda,
1780 971 1839 1004 vel
1864 984 1882 1004 a
1908 971 2014 1005 vobis
2040 972 2234 1006 commissa
2259 972 2318 1006 vel
2342 971 2387 1006 ab

503 1037 699 1070 ordinariis
715 1036 904 1081 judicibus
925 1036 1196 1081 cognoscenda,
1226 1036 1410 1081 profertur
1429 1049 1447 1069 a
1467 1037 1723 1070 venditoribus
1743 1037 2006 1072 inextricabilis
2027 1039 2118 1072 silva
2143 1039 2387 1073 Decretalium

503 1103 736 1148 epistolarum
767 1103 870 1148 quasi
899 1102 967 1136 sub
995 1103 1142 1135 nomine
1170 1109 1294 1136 sancte
1322 1103 1588 1137 recordationis
1615 1103 1813 1137 Alexandri
1842 1117 1946 1150 pape,
1978 1112 2014 1138 et
2038 1105 2264 1151 antiquiores
2293 1106 2388 1140 sacri

502 1182 661 1203 canones
687 1169 920 1214 abjiciuntur,
948 1176 1184 1215 respuuntur,
1215 1177 1434 1215 expuuntur.
1463 1172 1538 1203 Hoc
1564 1171 1754 1205 involucro
1781 1171 1921 1217 prolato
1948 1172 1985 1204 in
2010 1172 2170 1205 inedium
2197 1185 2237 1206 ea
2258 1173 2387 1218 quein

502 1237 678 1270 Conciliis
707 1244 915 1270 sanctorum
944 1243 1084 1282 patrum
1118 1236 1314 1270 salubriter
1348 1237 1512 1270 instituta
1543 1244 1639 1279 sunt,
1676 1250 1743 1271 nec
1773 1239 1923 1272 formam
1959 1239 2139 1281 conciliis,
2175 1252 2242 1273 nec
2277 1239 2385 1273 finem

501 1304 666 1349 negociis
692 1304 885 1350 imponunt
910 1303 1185 1349 prevalentibus
1211 1304 1391 1349 epistolis,
1420 1317 1509 1349 quas
1535 1305 1687 1338 forsitan
1713 1305 1878 1339 advocati
1906 1306 2113 1339 conductim
2142 1306 2211 1339 sub
2238 1306 2386 1340 nomine

501 1373 745 1404 Romanorum
767 1371 983 1404 Pontificum
1005 1371 1043 1403 in
1063 1371 1251 1416 apothecis
1272 1371 1349 1405 sive
1370 1371 1551 1405 cubiculis
1573 1372 1650 1405 suis
1672 1372 1892 1418 confingunt
1909 1379 1944 1406 et
1963 1373 2213 1406 conscribunt.
2243 1375 2386 1407 Novum

499 1438 671 1472 volumen
693 1450 737 1471 ex
757 1439 810 1471 eis
832 1445 1058 1483 compactum
1081 1445 1117 1471 et
1135 1438 1172 1470 in
1193 1438 1305 1471 scolis
1327 1438 1566 1484 solempniter
1587 1439 1723 1484 legitur
1748 1446 1784 1472 et
1809 1440 1846 1472 in
1870 1440 1950 1472 foro
1975 1440 2153 1473 venaliter
2179 1441 2384 1486 exponitur,

500 1505 741 1551 applaudente
770 1512 851 1538 cetu
879 1505 1116 1546 notariorum,
1147 1505 1209 1550 qui
1236 1505 1272 1537 in
1300 1505 1580 1538 conscribendis
1608 1506 1790 1551 suspectis
1817 1507 2006 1552 opusculis
2031 1514 2067 1540 et
2091 1507 2253 1540 laborem
2279 1519 2386 1541 suum

500 1572 662 1618 gaudent
687 1572 852 1604 imminui
879 1578 915 1605 et
941 1572 1148 1605 mercedem
1174 1572 1313 1617 augeri.
1341 1574 1394 1606 Ve
1421 1573 1493 1605 duo
1518 1573 1680 1618 predicta
1706 1580 1866 1615 sunt„et
1891 1586 1975 1606 ecce
2001 1580 2114 1607 restat
2138 1575 2285 1610 tertium
2309 1586 2354 1608 ve
2376 1584 2385 1608 2

500 1639 690 1672 facultates
721 1651 810 1684 quas
841 1638 1012 1671 liberales
1042 1639 1227 1684 appellant
1256 1639 1387 1672 amissa
1418 1639 1585 1672 libertate
1616 1640 1768 1685 pristina
1798 1641 1835 1673 in
1866 1647 1997 1674 tantam
2029 1641 2240 1675 servitutem
2276 1641 2388 1675 devo-

498 1713 641 1748 cantur,
671 1712 710 1738 ut
736 1705 906 1738 comatuli
933 1706 1187 1739 adolescentes
1215 1718 1337 1739 earum
1366 1707 1575 1751 magisteria
1602 1707 1834 1752 impudentes
1863 1714 2053 1753 usurpent,
2086 1715 2122 1741 et
2150 1708 2187 1741 in
2218 1708 2388 1742 cathedra

502 1773 688 1806 seniorum
710 1773 862 1806 sedeant
882 1772 1079 1814 imberbes,
1107 1780 1142 1806 et
1167 1773 1228 1818 qui
1255 1773 1415 1806 nondum
1442 1780 1578 1806 norunt
1602 1786 1683 1807 csse
1710 1774 1882 1820 discipuli
1907 1774 2073 1808 laborant
2092 1782 2133 1808 ut
2152 1775 2388 1808 nominentur

503 1840 678 1885 magistri.
706 1839 955 1873 Conscribunt
979 1846 1013 1872 et
1038 1840 1107 1884 ipsi
1134 1840 1333 1873 summulas
1358 1852 1443 1873 suas
1469 1840 1637 1886 pluribus
1664 1841 1789 1875 salivis
1810 1842 2000 1875 effluentes
2027 1848 2062 1875 et
2081 1842 2244 1875 madidas
2269 1826 2388 1887 philo-‘-

502 1906 701 1952 sophorum
724 1906 798 1939 sale
823 1918 889 1939 nec
916 1907 1092 1940 conditas.
1121 1906 1277 1940 Omissis
1303 1907 1443 1952 regulis
1467 1908 1596 1940 artium
1618 1907 1843 1953 abjectisque
1870 1908 1974 1941 libris
1995 1909 2188 1942 autenticis
2209 1908 2386 1942 artificum

502 1985 645 2006 muscas
667 1973 828 2006 inanium
849 1973 1084 2006 verbulorum
1111 1973 1397 2019 sophismatibus
1424 1974 1500 2007 suis
1526 1981 1705 2020 tamquam
1732 1987 1943 2008 aranearum
1963 1975 2160 2008 tendiculis
2181 1975 2385 2009 includunt.

502 2040 641 2074 Clamat
665 2039 895 2085 philosophia
923 2046 1044 2073 vestes
1073 2052 1158 2073 suas
1185 2040 1376 2074 conscindi
1403 2047 1438 2074 et
1463 2041 1655 2087 disrumpi,
1683 2048 1719 2074 et
1743 2041 1961 2087 quibusdam
1987 2041 2254 2087 particulariter
2279 2041 2388 2075 semi-

502 2107 643 2139 nanciis
673 2095 871 2140 nuditatem
903 2119 1003 2140 suam
1034 2107 1241 2141 verecunde
1272 2114 1487 2153 contegens,
1515 2120 1581 2141 nec
1609 2108 1815 2141 consulitur
1844 2108 1888 2141 ab
1918 2109 2079 2154 antiquo,
2107 2121 2174 2141 nec
2204 2109 2387 2154 antiquam

504 2174 725 2207 consolatur.
763 2175 836 2206 Hec
872 2174 1004 2215 omnia,
1037 2181 1149 2219 pater,
1181 2175 1425 2219 correptionis
1455 2175 1654 2220 apostolice
1685 2187 1829 2208 manuni
1861 2175 2083 2217 desiderant,
2115 2182 2155 2208 ut
2183 2175 2387 2209 informitas

504 2241 673 2282 docendi,
705 2241 885 2282 discendi,
916 2241 1126 2286 disputandi
1155 2242 1366 2274 auctoritate
1395 2248 1514 2275 vestra
1542 2248 1676 2275 certam
1707 2242 1895 2287 redigatur
1924 2242 1968 2276 ad
1996 2243 2161 2284 sormam,
2192 2255 2238 2275 ne
2266 2254 2387 2276 sermo

501 2306 650 2340 (livinus
671 2307 861 2340 attricione
882 2307 1024 2353 vulgari
1044 2308 1208 2350 vilescat,
1230 2320 1275 2341 ne
1297 2308 1333 2340 in
1355 2308 1500 2354 angulis
1522 2309 1662 2342 dicatur
1685 2321 1691 2341 :
1716 2310 1808 2342 Ecce
1835 2309 1892 2342 hic
1919 2309 2088 2343 Christus
2113 2316 2174 2342 aut
2194 2321 2278 2342 ecce
2297 2309 2385 2352 illic,

500 2386 548 2407 *ne
570 2380 733 2407 sanetum
755 2374 906 2408 canibus
928 2381 963 2407 et
983 2375 1177 2420 margarite
1199 2375 1320 2420 porcis
1342 2375 1589 2408 conculcando
1612 2375 1810 2409 tradantur.

595 2459 721 2483 Biblioth.
739 2462 791 2483 nat.
808 2460 892 2483 Paris.
910 2468 958 2483 ms,
976 2460 1020 2483 lat.
1038 2460 1107 2488 2923,
1125 2460 1169 2483 fol.
1187 2460 1240 2483 162.
1257 2474 1288 2477 —
1299 2460 1396 2492 Migne,
1414 2460 1525 2485 Patrol.
1540 2461 1599 2489 lat„
1615 2464 1677 2484 tom.
1696 2461 1781 2489 CCXI,
1798 2470 1838 2493 ep.
1857 2461 1910 2490 251,
1928 2470 1954 2493 p.
1972 2461 2025 2485 516.
2037 2475 2069 2479 —-
2080 2461 2229 2493 Stephanus
2245 2461 2386 2493 episcopus

500 2504 675 2529 ,Tornacensis
692 2507 811 2527 mortuus
827 2508 867 2528 cst
882 2512 970 2528 mense
986 2504 1134 2536 Septembri
1151 2505 1221 2528 1203.
1237 2505 1337 2528 Direxit
1351 2505 1492 2536 epistolam
1508 2506 1549 2528 vol
1564 2505 1597 2528 ad
1613 2505 1790 2529 Coelestinum
1806 2506 1851 2534 111,
1869 2506 1910 2529 vel
1925 2506 1959 2529 nd
1975 2506 2155 2529 Innocentium
2171 2506 2218 2531 111.

502 2656 583 2693 49.
607 2666 749 2702 Epistola,
768 2675 825 2702 qua
844 2666 1021 2701 Godefredus
1037 2668 1192 2694 canonicus
1209 2670 1236 2694 S.
1261 2668 1379 2695 Victoris
1394 2669 1489 2695 Par-is.
1507 2668 1646 2705 scriptum
1661 2677 1743 2695 suum
1761 2678 1773 2694 α
1790 2669 1864 2694 Fons
1876 2667 2081 2704 philosophiae
2097 2677 2109 2693 »
2124 2667 2269 2704 Stephano
2285 2667 2388 2695 abbati

595 2716 621 2740 S.
643 2716 799 2749 Genovesae
815 2715 940 2742 dedicat.

1707 2766 1861 2796 1176-1192,
1876 2765 1896 2800 [
1896 2766 2003 2792 Pal-mila
2002 2765 2029 2800 J.

596 2851 751 2884 Domino
788 2852 822 2885 S.
859 2852 993 2885 montis
1028 2859 1150 2885 sancte
1185 2853 1372 2886 Genovefe
1407 2853 1527 2886 abbati
1561 2853 1638 2887 viro
1674 2854 1791 2887 tocius
1824 2853 1969 2887 virtutis
2004 2860 2040 2887 et
2073 2853 2224 2887 scientie
2259 2853 2386 2899 gratiis

507 2918 644 2963 insigni
672 2919 716 2952 G.
746 2918 889 2964 quidam
919 2931 1056 2964 pauper
1083 2919 1219 2952 Christi
1246 2931 1426 2952 summum
1452 2919 1601 2953 bonum.
1629 2919 1787 2953 Calicem
1813 2920 1961 2965 plenum
1989 2920 2100 2954 mixto
2126 2927 2247 2954 vestre
2275 2920 2387 2954 desti-

507 2985 588 3019 navi
616 2991 717 3030 pater
743 2985 961 3018 eruditionis
989 2985 1266 3019 examinandum
1292 2985 1446 3031 judicio,
1476 2986 1646 3031 quatinus
1676 2992 1870 3032 utrumque
1901 2986 1949 3020 sit
1977 2987 2014 3020 in
2043 2986 2211 3020 manibus
2238 2987 2384 3030 vestris,

2616 2344 2618 2346 .
2610 2216 2618 2329 unum-..n
2612 2195 2618 2203 μ
2606 1726 2618 2191 ..Qfflfflffl-
