2618 3640
269 426 367 467 1212]
611 436 657 457 AB
691 435 798 458 Auno
832 435 911 458 mcc
945 435 1078 464 nsque
1114 435 1162 457 AD
1199 436 1430 458 munerum
1466 436 1506 458 ιν
1541 437 1631 459 nso.
1669 437 1806 459 rnANc.
2105 429 2147 462 73

267 509 366 551 cidii,
401 508 583 550 adulterii,
615 515 739 555 raptus
768 508 826 542 vel
854 509 1009 554 alicujus
1039 509 1160 554 magni
1190 509 1354 542 criminis
1383 509 1594 554 hujusmodi
1628 510 1686 543 vel
1720 511 1911 556 sanguinis
1942 512 2047 544 ess'usi
2084 525 2147 557 per

267 575 435 610 baculum
460 575 519 609 vel
543 575 700 621 lapidem
726 575 784 609 vel
810 587 875 621 per
900 588 997 609 arma
1022 575 1170 616 moluta,
1199 576 1256 609 vel
1281 576 1352 609 nisi
1379 588 1459 609 eum
1489 576 1806 622 deprehenderitis
1832 584 1929 610 extra
1956 577 2080 611 horam
2110 579 2146 611 in

267 642 375 676 domo
400 642 568 688 alicujus,
600 642 661 687 qui
692 654 773 675 eum
804 642 952 675 domum
983 654 1084 676 suam
1113 641 1343 688 prohibuerit
1375 655 1495 676 coram
1531 642 1639 676 bonis
1674 643 1842 676 testibus.
1880 644 1916 677 Si
1949 651 2068 678 autem
2102 646 2146 678 ad

265 709 414 754 aliquod
439 708 651 754 hujusmodi
684 709 951 742 forisfactorum
979 709 1255 755 presencialiter
1281 716 1316 742 et
1343 709 1388 742 de
1416 709 1474 742 die
1505 716 1631 755 captus
1664 710 1774 743 suerit
1811 710 1956 756 aliquis,
1999 711 2044 744 de
2074 724 2146 756 quo

266 782 404 810 certum
439 776 488 809 sit
513 775 611 821 quod
645 775 693 809 sit
719 775 888 817 clericus,
918 776 1037 809 statim
1066 776 1227 809 reddatis
1255 788 1336 809 eum
1361 776 1479 821 judici
1509 776 1758 810 eeclesiastico
1788 777 1857 810 sub
1887 789 1959 822 quo
1990 778 2071 817 erit,
2102 779 2146 811 ad

265 842 470 876 faciendum
499 842 544 876 de
571 854 614 876 eo
641 842 678 876 id
699 843 797 888 quod
819 843 1021 876 secundum
1047 843 1282 888 quantitatem
1304 850 1340 876 et
1359 843 1567 888 qualitatem
1595 843 1770 877 forisfacti
1790 844 1901 877 suerit
1925 845 2143 878 faciendum.

267 909 304 943 Si
324 921 412 943 vero
433 909 478 942 de
499 916 605 943 nocte
626 916 753 956 captus
773 910 883 943 suerit
903 916 938 943 et
958 910 1083 943 eadem
1105 917 1212 943 nocte
1232 922 1250 943 a
1267 910 1392 955 judice
1414 910 1662 944 ecclesiastico
1684 911 1902 956 requiratur,
1925 911 1957 944 si
1981 911 2069 945 hora
2091 919 2146 945 est

266 974 336 1022 qua
356 976 474 1022 possit
494 976 612 1018 reddi,
634 988 716 1010 eum
738 977 899 1010 reddatis
920 989 985 1023 per
1005 976 1141 1010 bonum
1164 977 1430 1018 testimonium3
1454 977 1485 1010 si
1504 984 1623 1010 autem
1645 977 1771 1011 eadem
1797 985 1902 1011 nocte
1929 990 2001 1011 non
2023 979 2145 1012 reddi-

266 1043 406 1085 deritis,
429 1043 511 1088 quia
533 1043 602 1077 erit
620 1044 773 1077 forsitan
798 1050 896 1077 extra
921 1043 1060 1085 horam,
1083 1044 1201 1089 ipsum
1231 1056 1304 1077 non
1331 1044 1479 1077 mittatis
1506 1056 1586 1077 eum
1614 1044 1818 1078 latronibus
1847 1045 1904 1078 vel
1931 1045 2012 1078 aliis
2040 1045 2144 1078 male-

265 1109 478 1152 factoribus,
499 1110 565 1144 sed
586 1122 652 1156 per
676 1122 716 1144 se
736 1110 773 1143 in
794 1111 959 1144 custodia
980 1110 1133 1144 honesta
1158 1122 1275 1156 usque
1301 1111 1337 1143 in
1359 1111 1554 1144 crastinum
1578 1112 1746 1153 servetis,
1769 1118 1804 1144 et
1824 1124 1928 1145 mane
1952 1119 2142 1157 antequam

265 1177 472 1222 requiratur
497 1189 579 1210 eum
605 1177 765 1210 reddatis
787 1177 1035 1211 ecclesiastico
1056 1178 1172 1223 judici
1193 1177 1262 1211 sub
1292 1190 1364 1223 quo
1394 1178 1474 1211 erit.
1504 1178 1595 1211 Cum
1625 1190 1712 1211 vero
1739 1178 1872 1223 aliquis
1897 1179 2071 1224 capietur,
2099 1179 2143 1212 de

265 1255 337 1289 quo
366 1255 440 1277 non
469 1244 536 1277 erit
563 1250 701 1277 eertum
733 1244 830 1289 quod
856 1244 903 1277 sit
927 1244 1097 1285 clericus,
1123 1244 1268 1289 quando
1296 1244 1496 1289 requisitus
1521 1245 1631 1278 suerit
1655 1251 1690 1278 et
1714 1245 1919 1278 constiterit
1948 1257 2029 1278 eum
2061 1257 2143 1279 esse

265 1309 452 1351 clericum,
468 1310 642 1343 reddatur
656 1317 694 1343 ut
710 1310 912 1355 predictum
927 1317 994 1343 est.
1007 1310 1105 1343 Idem
1121 1322 1187 1356 per
1202 1311 1321 1343 omnia
1337 1311 1381 1343 de
1398 1310 1570 1343 omnibus
1587 1311 1773 1356 religiosis
1790 1312 1959 1357 personis
1974 1311 2143 1345 volumus

266 1383 302 1410 et
326 1376 549 1422 precipimus
579 1376 779 1410 observari.
804 1378 875 1410 Has
895 1377 1034 1410 litteras
1060 1377 1253 1410 transcribi
1280 1378 1417 1410 faciatis
1446 1384 1481 1410 et
1507 1378 1762 1423 transcriptum
1794 1378 1887 1411 bene
1915 1379 2141 1412 custodiatis.

264 1443 394 1477 Actum
415 1443 634 1489 Compendii
654 1455 749 1477 anno
771 1444 916 1477 Domini
938 1445 988 1477 Μο
1004 1444 1079 1478 CC⁰
1095 1445 1153 1485 X⁰‚
1175 1456 1301 1477 mense
1322 1444 1429 1477 Maio.

358 1541 434 1565 Arch.
453 1542 556 1574 ddpart.
572 1542 604 1566 de
621 1541 702 1566 l'Oine
718 1542 867 1572 (Beauvais)
884 1549 890 1565 z
909 1542 1018 1567 Gartul.
1037 1543 1077 1566 du
1092 1542 1218 1573 chapitre
1228 1543 1261 1566 de
1274 1542 1382 1573 Noyon,
1398 1542 1429 1566 G.
1447 1543 1516 1570 1984,
1534 1542 1578 1566 fol.
1596 1543 1649 1566 363.
1661 1556 1692 1559 -
1712 1542 1746 1566 Le
1761 1543 1884 1570 Vasseur,
1901 1544 1977 1567 Arm.
1994 1543 2027 1566 de
2041 1543 2145 1574 l'e'ylise

265 1587 298 1610 de
316 1585 425 1617 Noyon,
445 1595 472 1618 p.
493 1587 548 1615 927,
570 1586 647 1610 offert
665 1587 848 1611 tantummodo
868 1590 1029 1619 excerptum.
1051 1587 1176 1615 Man-tene,
1196 1587 1276 1612 Thes.
1290 1593 1353 1612 nov.
1370 1588 1468 1611 anecd.
1486 1587 1527 1615 lv,
1545 1587 1597 1610 163.
1616 1587 1654 1610 Cf.
1672 1587 1777 1615 Delisle,
1795 1587 1948 1618 Cataloyue
1964 1588 2011 1611 des
2026 1592 2099 1612 acles
2113 1589 2146 1612 de

264 1630 396 1662 Philippe
410 1633 548 1662 Ααραειε,
564 1635 593 1654 n⁰
608 1631 676 1655 1209.

271 1793 345 1831 14.
370 1803 551 1830 Innocentius
567 1805 614 1830 III
624 1803 665 1830 ad
678 1804 838 1830 Hervaeum
853 1805 1026 1841 episcopum,
1040 1803 1081 1830 ad
1095 1804 1235 1830 decanum
1251 1808 1279 1830 et
1293 1803 1530 1830 archidiaconum
1545 1804 1704 1838 Trecenses,
1723 1807 1753 1829 ut
1767 1803 1923 1830 Iohannem
1939 1803 2145 1830 cancellarium

354 1852 549 1879 Parisiensem
564 1861 686 1879 censura
702 1852 901 1880 ecclesiastica
916 1856 1106 1890 compescant,
1124 1853 1182 1879 nisi
1196 1853 1236 1879 ad
1252 1853 1395 1880 meliorem
1411 1856 1530 1879 mentem
1547 1861 1615 1887 erga
1630 1852 1778 1879 scholares
1793 1852 1920 1878 redierit.

1455 1956 1524 1986 1212,
1539 1956 1659 1982 danum-ii
1669 1956 1714 1986 20,
1730 1956 1857 1982 Laterani.

357 2043 594 2077 Innocentius
616 2043 813 2090 episeopus
834 2056 963 2078 servus
985 2056 1173 2078 servorum
1193 2044 1259 2077 Dei
1280 2043 1480 2078 venerabili
1498 2044 1602 2077 'fratri
1621 2070 1641 2076 ..
1661 2043 1835 2089 episcopo
1853 2051 1887 2077 et
1903 2043 2047 2077 dilectis
2061 2044 2146 2077 filiis

270 2136 291 2142 ..
315 2109 453 2143 decano
475 2116 510 2144 et
533 2136 554 2143 ..
577 2109 833 2144 archidiacono
854 2111 1031 2144 Trecen.¹
1055 2110 1208 2144 salutem
1237 2117 1272 2144 et
1291 2110 1527 2156 apostolicam
1549 2110 1856 2143 benedictionem.
1879 2111 2053 2144 Miramur
2074 2123 2147 2144 non

267 2176 450 2210 modicum
475 2183 511 2210 et
530 2189 719 2211 movemur
743 2177 855 2223 quod⁷
882 2177 977 2211 sicut
1001 2189 1044 2211 ex
1069 2177 1285 2211 dilectorum
1312 2177 1469 2210 filiorum
1492 2177 1685 2210 scolarium
1713 2177 1973 2210 Parisiensium
2000 2177 2147 2223 querela

269 2242 477 2285 didicimus,
502 2255 520 2277 a
540 2243 750 2278 volentibus
771 2244 890 2278 scolas
911 2256 1054 2290 regere,
1081 2256 1174 2290 quos
1195 2244 1301 2278 etiam
1323 2244 1580 2290 magistrorum
1602 2244 1756 2277 assertio
1778 2244 1932 2277 idoneos
1953 2244 2085 2277 asserit
2104 2244 2146 2277 ad

269 2309 484 2354 regendum,
509 2310 755 2354 juramentum
785 2310 969 2344 fidelitatis
997 2310 1055 2344 vel
1088 2310 1297 2344 obedientie
1326 2323 1365 2344 ac
1395 2311 1576 2344 interdum
1609 2310 1762 2356 pecunie
1797 2310 1959 2355 precium
1993 2310 2148 2343 dilectus

269 2375 367 2409 filius
389 2402 409 2408 ..
438 2375 677 2410 cancellarius
705 2377 946 2410 Parisiensis²
974 2377 1101 2411 nititur
1128 2384 1358 2423 extorquere,
1382 2389 1447 2423 pro
1476 2383 1574 2410 motu
1603 2377 1752 2422 proprio
1780 2377 2009 2409 incarcerans
2031 2376 2148 2409 delin-

270 2449 437 2488 quentes,
467 2441 528 2475 ubi
557 2443 661 2476 etiam
691 2455 764 2476 non
791 2443 1027 2488 presumitur,
1055 2444 1154 2489 quod
1182 2456 1247 2489 pro
1273 2444 1486 2477 enormitate
1511 2443 1633 2476 delicti
1660 2455 1809 2476 examen
1829 2443 1967 2487 judicis
1993 2442 2150 2476 debcant

269 2509 356 2554 suge
377 2508 539 2554 presidio
565 2509 763 2550 declinare,
788 2522 828 2543 ac
854 2510 1006 2555 exigens
1033 2510 1221 2556 pecuniam
1247 2509 1291 2543 ab
1318 2510 1455 2543 eisdem
1478 2511 1569 2553 (cum
1592 2509 1628 2542 in
1650 2521 1856 2555 personam,
1885 2521 1958 2542 non
1980 2509 2016 2542 in
2037 2509 2148 2543 sacul-

270 2581 375 2617 tates,
406 2575 581 2609 vindicari
613 2576 773 2621 requirat
792 2578 991 2620 excessus),
1014 2576 1051 2609 in
1082 2588 1171 2610 usus
1202 2577 1371 2622 proprios
1400 2576 1579 2610 convertit
1609 2576 1773 2617 eandem,
1810 2582 1849 2609 ut
1876 2575 2042 2609 videatur
2070 2576 2149 2609 vin-

271 2641 400 2676 dictam
431 2642 641 2688 cupiditatis
670 2643 800 2676 ardore
831 2643 952 2689 potius
983 2655 1087 2688 quam
1117 2642 1195 2676 zelo
1220 2643 1369 2688 justIcie
1399 2655 1582 2676 exercere.
1611 2643 1701 2676 Cum
1731 2642 1842 2688 igitur
1870 2649 2045 2688 tempore,
2077 2655 2149 2688 quo

270 2708 476 2742 vacavimus
511 2708 672 2742 Parisius
706 2709 827 2742 studio
862 2709 1076 2751 litterarum,
1112 2721 1295 2755 nunquam
1332 2709 1493 2742 scolares
1522 2709 1723 2743 viderimus
1752 2708 1804 2741 sic
1839 2708 1995 2750 tractari,
2031 2709 2148 2742 eidem

272 2773 488 2808 cancellario
514 2775 650 2809 nostris
676 2775 807 2809 litteris
833 2776 1001 2809 dedimus
1027 2776 1063 2809 in
1092 2776 1288 2822 preceptis,
1314 2783 1353 2809 ut
1377 2776 1429 2809 sic
1456 2775 1666 2821 hujusmodi
1693 2775 1853 2821 corrigat
1882 2787 1946 2821 per
1973 2775 2149 2821 seipsum,

273 2841 370 2887 quod
391 2853 472 2875 eum
496 2854 560 2887 per
579 2842 687 2876 alium
708 2843 752 2876 ad
774 2843 809 2876 id
830 2843 1000 2889 compelli
1022 2843 1170 2877 minime
1190 2843 1375 2877 faciamus.
1404 2843 1564 2888 Ideoque
1585 2842 1798 2876 discretioni
1819 2848 1939 2876 vestre
1961 2854 2025 2888 per
2045 2854 2151 2887 apos-

274 2906 380 2941 tolica
408 2908 540 2953 scripta
569 2909 794 2951 mandamus,
825 2910 1008 2955 quatinus,
1038 2910 1069 2943 si
1097 2909 1216 2943 dictus
1241 2909 1479 2944 cancellarius
1512 2909 1716 2943 mandatum
1752 2915 1915 2942 nostrum
1950 2908 2149 2954 neglexerit

275 2973 489 3020 adimplere,
516 2987 582 3008 vos
610 2987 690 3009 eum
719 2988 737 3010 a
766 2977 1040 3023 presumptione
1068 2976 1279 3022 hujusmodi
1315 2976 1458 3011 sublato
1490 2975 1746 3022 appellationis
1778 2974 1967 3008 obstaculo
1997 2987 2149 3008 censura

402 3031 500 3057 chart.
523 3032 601 3058 Univ.
619 3034 713 3059 Parte.
731 3034 751 3058 1.
1998 3033 2027 3055 ¹0
