2580 3528
227 412 325 453 1257]
570 421 617 443 AB
649 421 755 443 Auno
788 421 867 443 uec
901 420 1032 449 usqua
1067 421 1380 443 AD=putL1PPUM
1414 421 1455 443 ιν
1488 420 1577 443 aas.
1615 421 1752 443 rnANc.
2030 413 2093 445 351

225 495 466 530 ordinationis
488 501 627 536 nostre,
651 495 757 540 cujus
782 494 1001 540 principium
1029 501 1085 528 est
1112 494 1226 539 Quasi
1251 494 1389 540 lignum
1416 494 1499 535 vite,
1527 494 1697 527 volumus
1718 506 1791 527 non
1813 495 1940 535 teneri,
1968 495 2094 528 decer—

224 568 354 596 nentes
372 561 514 595 irritum
535 567 572 594 et
589 561 711 602 inane,
737 560 911 606 quicquid
936 572 1001 606 per
1026 560 1211 606 predictos
1235 567 1418 594 cantorem
1445 568 1481 594 et
1506 561 1545 593 R.
1574 560 1618 593 de
1645 561 1767 593 Duaco
1788 561 1882 593 circa
1908 560 2095 593 contribu-

223 628 358 662 tionem
384 627 594 673 hujusmodi
618 627 818 661 faciendam
840 627 1011 661 decetero
1031 627 1228 673 contigerit
1247 627 1462 672 attemptari.
1489 627 1663 660 Ceterum
1686 627 1717 659 si
1742 626 1854 672 aliqui
1880 627 1925 660 de
1947 627 2095 671 prefatis

223 694 407 741 magistris
426 701 463 728 et
481 693 685 728 scolaribus
706 693 1091 728 excommunicationis
1111 693 1327 727 sententiam
1346 705 1411 739 per
1430 693 1579 727 eosdem
1600 699 1783 726 cantorem
1801 699 1836 726 et
1853 694 1892 725 R.
1911 693 1956 725 de
1973 694 2096 726 Duaco

221 767 282 795 aut
305 772 431 794 eorum
456 760 717 806 subdelegatos
743 761 781 794 in
806 772 870 794 eos
896 761 958 806 qui
981 760 1186 806 portionem
1208 771 1448 806 expensarum
1470 760 1629 806 ipsarum
1651 760 1924 805 contingentem
1945 759 2093 792 eosdem

221 827 431 874 persolvere
452 827 636 874 denegant
654 827 918 873 promulgatam
939 827 1115 861 hactenus
1135 827 1371 861 incurrerunt
1390 833 1451 860 aut
1470 833 1590 860 notam
1611 826 1889 872 irregularitatis
1910 833 2095 859 contraxe-

222 901 306 928 runt
338 894 482 936 exinde,
517 905 598 927 cum
633 893 677 927 ab
712 894 765 927 eis
798 893 985 927 humiliter
1018 893 1218 939 requisitus
1255 893 1369 926 fueris
1403 899 1439 926 et
1472 892 1537 926 tibi
1571 893 1788 933 constiterit,
1825 892 1923 938 quod
1964 892 2094 925 dictam

221 960 486 994 ordinationem
507 966 667 994 nostram
693 966 728 993 et
752 960 917 994 mandata
943 966 1112 993 contenta
1136 960 1174 993 in
1198 960 1276 1006 ipsa
1302 966 1513 994 reverenter
1538 959 1736 993 observent
1754 971 1794 992 ac
1815 958 1910 992 bona
1931 959 2002 992 fide
2028 958 2094 992 tibi

200 1027 468 1073 promiserint,
497 1027 596 1072 quod
625 1039 667 1060 ea
695 1026 954 1060 inviolabiliter
983 1026 1245 1068 observabunt,
1277 1033 1314 1060 tu
1344 1026 1398 1060 eis
1428 1037 1540 1072 super
1569 1026 1760 1071 premissis
1787 1025 2030 1059 absolutionis
2058 1031 2094 1059 et

219 1093 505 1139 dispensationis
530 1093 747 1127 beneficium
775 1093 986 1127 auctoritate
1011 1099 1135 1126 nostra
1165 1105 1230 1138 per
1257 1099 1291 1126 te
1318 1092 1376 1126 vel
1402 1104 1466 1138 per
1494 1092 1603 1126 alium
1627 1093 1729 1138 juxta
1761 1093 1910 1126 sormam
1938 1091 2093 1126 ecclesie

219 1159 398 1206 largiaris.
420 1161 499 1194 Dat.
523 1160 687 1194 Laterani
708 1160 746 1205 iij
768 1159 817 1193 id.
839 1160 973 1201 Martii,
995 1159 1227 1205 pontificatus
1249 1159 1364 1193 nostri
1385 1171 1480 1192 anno
1501 1159 1621 1192 tertio.

312 1257 448 1290 Originsle
462 1257 488 1281 in
504 1257 580 1282 Arcb.
596 1260 650 1283 nat.
666 1257 750 1281 Paris.
767 1257 794 1281 L.
811 1257 866 1285 251,
882 1261 911 1280 11⁰
927 1257 982 1281 127.
997 1257 1106 1281 Restant
1121 1257 1165 1280 fila
1180 1257 1293 1281 cannah.
1310 1257 1339 1280 ln
1354 1257 1507 1280 membrana
1523 1265 1616 1280 aversa
1630 1264 1636 1280 1
1654 1265 1666 1280 «
1681 1256 1881 1280 Predicatorum
1896 1265 1919 1280 »-

215 1463 327 1502 306.
350 1472 518 1499 Alexander
527 1471 617 1499 1Vad
630 1473 818 1498 Turonensem
828 1475 856 1498 et
874 1471 998 1498 Odonem
1013 1472 1249 1506 Rotomagensem
1260 1471 1493 1508 archiepiscopos
1508 1480 1543 1497 ac
1558 1471 1750 1506 Reginaldum
1762 1472 1926 1508 episcopum
1937 1472 2088 1498 Parisien-
2106 1506 2108 1508 ι

301 1530 361 1548 sem
376 1525 407 1548 ut
420 1521 450 1548 in
463 1523 590 1556 fratrum·
602 1520 838 1547 Praedicator-um
853 1524 881 1547 et
895 1521 1046 1556 Minor-um,
1064 1529 1136 1556 quos
1150 1519 1227 1546 omni
1242 1519 1330 1546 laude
1345 1519 1481 1554 cumulat,
1495 1519 1691 1555 defensionem
1707 1523 1796 1546 totam
1811 1529 1910 1546 curam
1922 1520 2086 1547 intendant.

1418 1619 1496 1648 7257,
1511 1619 1599 1645 nat-tii
1609 1619 1655 1649 30,
1671 1619 1798 1645 Laterani.

300 1693 508 1728 Alexander
526 1694 722 1740 episcopus
743 1705 872 1727 servus
892 1705 1082 1727 servorum
1103 1693 1169 1726 Dei
1190 1692 1463 1727 venerabilibus
1483 1693 1656 1727 fratribus
1675 1719 1696 1726 ..
1714 1693 1942 1727 Turonensi⁴
1965 1720 1986 1727 ..
2005 1700 2042 1727 et
2063 1720 2085 1729 ..

214 1760 499 1807 Rothomagensi
532 1759 819 1806 archiepiscopis
853 1766 889 1793 et
915 1786 936 1792 ..
964 1760 1138 1806 episcopo
1172 1759 1370 1793 Parisiensi
1400 1759 1553 1793 salutem
1585 1766 1620 1793 et
1648 1760 1883 1806 apostolicam
1913 1759 2087 1794 benedic-

215 1827 361 1862 tionem.
390 1828 471 1861 Non
497 1827 577 1861 sine
603 1827 715 1861 multa
741 1827 864 1860 cordis
889 1826 1143 1868 amaritudine,
1168 1832 1232 1861 etc.
1258 1827 1353 1861 sicut
1374 1838 1485 1872 supra
1512 1830 1550 1860 n⁰
1575 1828 1653 1869 290,
1680 1838 1785 1872 usque
1809 1834 2084 1862 commutarent.

211 1893 346 1929 Deinde
373 1906 384 1927 :
418 1894 570 1928 Constat
597 1893 709 1940 igitur
738 1905 782 1927 ex
810 1893 895 1935 hiis,
926 1893 1147 1927 meritoriam
1177 1893 1334 1927 existere
1363 1893 1632 1927 mendicitatem
1662 1905 1802 1935 eorum,
1831 1894 1989 1939 et'quod
2014 1895 2085 1940 ipsi

212 1966 282 1994 tam
308 1959 353 1994 ab
378 1959 463 2002 hiis,
489 1959 624 2006 quibus
653 1960 854 2006 predicant,
874 1971 980 2006 quam
1001 1959 1046 1994 ab
1066 1959 1160 2002 aliis,
1182 1959 1402 1994 elemosinas
1423 1966 1547 2006 petere
1573 1972 1613 1994 ac
1641 1960 1804 2006 recipere
1831 1960 1958 2006 illique
1988 1961 2087 2007 ipsas

211 2033 366 2072 possunt
390 2027 529 2061 eisdem
558 2026 731 2060 fratribus
760 2025 956 2060 salubriter
985 2026 1145 2072 elargiri.
1177 2027 1269 2061 Cum
1299 2026 1451 2072 insuper
1480 2026 1590 2060 iidem
1621 2027 1752 2060 fratres
1786 2027 1906 2060 omnia
1936 2035 2086 2074 propter

213 2094 328 2127 Deum
363 2093 591 2139 reliquerint,
621 2093 727 2127 exilia
764 2093 836 2127 vite
874 2092 1039 2127 subsidia
1076 2093 1339 2135 mendicantes,
1369 2093 1628 2139 Christumque
1664 2093 1851 2127 imitentur
1889 2106 2084 2140 pauperem

213 2159 471 2206 perfectionem
492 2159 737 2206 evangelicam
758 2159 1008 2206 amplexando,
1037 2166 1186 2206 propter
1206 2160 1304 2206 quod
1325 2160 1514 2194 evidenter
1533 2166 1694 2206 apparet,
1720 2172 1784 2194 eos
1809 2172 1882 2193 non
1905 2161 2023 2194 solum
2046 2162 2082 2194 in

213 2232 307 2260 statu
327 2225 581 2260 salvandorum
602 2226 772 2268 existere,
788 2226 855 2260 sed
875 2227 981 2260 etiam
1002 2227 1258 2272 perfectorum,
1276 2233 1312 2260 et
1331 2238 1396 2272 per
1416 2238 1482 2260 sue
1502 2226 1694 2273 religionis
1715 2226 1995 2269 observantiam,
2013 2240 2085 2273 quc

212 2291 358 2338 quidem
384 2291 501 2338 ipsius
526 2292 761 2338 perfectionis
787 2293 998 2338 evangelice
1026 2299 1125 2327 tenet
1149 2293 1313 2334 formam,
1342 2293 1380 2326 in
1404 2299 1529 2326 eterne
1557 2292 1810 2326 retributionis
1835 2294 1974 2338 premio
2001 2306 2084 2339 pre-

211 2358 403 2392 cellentem
437 2357 590 2404 gloriam
625 2359 847 2404 promereri;
870 2371 950 2394 cum
980 2359 1087 2392 etiam
1121 2359 1166 2392 de
1200 2358 1346 2393 licentia
1375 2358 1432 2392 vel
1462 2359 1721 2393 commissione
1750 2365 1812 2393 aut
1839 2360 2080 2394 concessione

212 2424 361 2459 Romani
387 2424 570 2470 pontificis
595 2436 660 2458 seu
685 2424 885 2471 legatorum
913 2425 1006 2471 ejus,
1030 2424 1088 2459 vel
1115 2425 1381 2459 ordinariorum
1409 2425 1571 2458 locorum
1598 2425 1695 2458 licite
1721 2425 1864 2471 possint
1891 2426 2079 2471 predicare

211 2490 370 2537 populis,
400 2497 435 2525 et
463 2490 716 2525 confessiones
745 2491 884 2533 audire,
915 2503 954 2525 ac
989 2491 1207 2537 penitentias
1236 2491 1430 2537 injungere
1460 2491 1651 2533 salutares,
1681 2491 1834 2525 aliorum
1865 2492 2077 2527 inferiorum

210 2556 429 2603 prelatorum
458 2564 493 2591 et
518 2563 698 2591 rectorum
724 2556 959 2591 ecclesiarum
984 2570 1023 2591 ac
1049 2557 1277 2591 sacerdotum
1305 2557 1584 2603 parrochialium
1611 2569 1764 2591 assensu
1787 2558 1935 2592 minime
1956 2560 2079 2605 requi-

210 2623 280 2657 sito
302 2635 309 2656 :
331 2623 500 2659 volumus
520 2630 556 2657 et
574 2635 638 2670 per
658 2623 855 2669 apostolica
876 2624 1008 2670 scripta
1028 2623 1134 2658 vobis
1153 2623 1317 2658 districte
1338 2623 1575 2670 precipiendo
1596 2624 1808 2658 mandamus
1835 2625 2007 2670 quatinus
2033 2626 2077 2660 ad

210 2689 484 2735 requisitionem
510 2690 724 2724 dilectorum
751 2690 908 2724 filiorum
933 2717 953 2723 ..
976 2690 1110 2736 prioris
1134 2690 1282 2724 fratrum
1309 2690 1579 2724 predicatorum
1609 2697 1644 2724 et
1666 2717 1687 2724 ..
1710 2691 1899 2737 guardiani
1927 2692 2076 2726 fratrum

210 2756 390 2790 Minorum
415 2756 575 2791 Parisius
599 2756 657 2791 vel
680 2757 829 2791 alterius
855 2769 980 2790 eorum
1008 2769 1072 2803 per
1096 2768 1162 2791 vos
1186 2763 1247 2790 aut
1270 2756 1362 2791 alios
1389 2757 1617 2803 inquirentes
1637 2757 1682 2791 de
1703 2757 1810 2803 plano
1832 2765 1868 2792 et
1887 2759 1967 2792 sine
1989 2765 2077 2793 stre-

209 2822 286 2868 pitu
308 2822 439 2868 judicii
476 2834 587 2869 super
613 2823 816 2858 assertione
843 2829 879 2857 et
908 2823 1182 2870 presumptione
1215 2823 1426 2869 hujusmodi
1460 2822 1674 2870 diligentius
1706 2824 1907 2867 veritatem,
1950 2837 2077 2859 omnes

209 2888 417 2935 magistros,
437 2888 619 2932 doctores,
641 2896 677 2924 et
695 2888 800 2932 alios,
822 2890 885 2935 qui
904 2890 982 2925 sive
1001 2890 1039 2923 in
1063 2889 1187 2932 scolis,
1209 2889 1286 2924 sive
1312 2889 1349 2923 in
1374 2889 1686 2936 predicationibus
1706 2902 1772 2924 seu
1793 2890 1878 2924 alibi
1900 2892 2076 2937 premissa

208 2954 267 2989 ve}
285 2954 433 3001 aliquod
458 2955 620 3002 ipsorum
645 2955 770 2990 dicere
792 2957 1094 3002 attemptaverint,
1121 2956 1179 2990 vel
1203 2957 1439 3002 imposterum
1465 2956 1739 3003 attemptabant,
1765 2969 1809 2991 ex
1834 2964 1933 3003 parte
1954 2965 2075 2991 nostra
