2580 3528
467 403 534 436 666
1050 406 1373 429 ana‘rULAamM
1408 404 1599 427 UNIVERS.
1636 402 1767 425 PARIS.

985 526 1150 550 Innocentius
1166 526 1199 549 IV
1214 525 1338 549 Gualtcro
1354 524 1478 555 episcopo
1494 523 1603 546 Tornac.
1621 521 1730 545 mandat
1743 523 1773 544 ut
1786 529 1857 552 mag.
1875 520 1982 552 Hugoni
1999 520 2031 544 de
2051 520 2177 552 Seghuin,
2191 529 2256 552 pro-

1016 570 1131 594 curatori
1148 570 1268 593 Univcrs.
1285 569 1369 593 Paris.
1386 569 1411 592 in
1426 567 1508 595 curia,
1525 567 1557 590 de
1572 565 1728 590 canonicatu
1742 565 1881 597 provideat
1883 582 2255 590 ...............

759 519 895 551 Februarii
911 527 941 550 16

2300 565 2344 589 241

784 630 871 654 Martii
888 630 916 652 12
986 628 1150 652 Innocentius
1170 628 1203 650 IV
1223 627 1256 650 ad
1276 626 1449 657 Reginnldum
1465 625 1620 656 episcopum
1634 623 1819 652 Parisiensem,
1835 623 1877 647 cui
1897 623 1931 647 ad
1949 623 2085 647 biennium
2105 623 2256 648 facultatem

2300 668 2344 692 241

1016 673 1061 696 dat
1076 671 1230 695 absolvendi
1243 671 1376 694 scholares
1392 670 1423 693 de
1439 669 1553 693 violenta
1568 669 1595 692 in
1609 668 1719 691 clericos
1733 676 1858 691 manuum
1874 667 2012 700 injectione
2014 685 2254 692 ..........

986 730 1150 754 Universitas
1169 729 1358 760 magistrorum
1373 731 1398 751 et
1413 726 1574 750 scholarium
1590 726 1674 749 Paris.
1695 725 1788 749 statuit
1806 728 1836 749 ut
1853 725 1943 750 nullus
1958 725 1985 749 in
2000 734 2155 758 quacunque
2171 726 2256 750 facul-

1015 778 1068 798 tate
1083 774 1210 805 magister
1225 773 1258 796 ad
1274 772 1415 804 collegium
1430 771 1621 803 magistrorum
1636 770 1800 799 admittatur,
1818 770 1871 794 nisi
1882 770 2014 802 jnraverit
2029 773 2128 794 statuta
2143 770 2256 794 Univer-

753 731 921 764 Aprili-Sept.
939 731 951 753 2

1017 818 1102 842 sitatis
1118 826 1145 841 sc
1160 817 1273 841 fideliter
1288 817 1504 844 observaturum
1521 815 1610 839 nullus
1626 814 1789 847 principium
1804 814 1916 846 alicujus
1931 814 2081 838 baccalarei
2095 812 2190 844 teneat,
2204 814 2256 839 nisi

1015 863 1090 894 prius
1105 862 1128 886 ei
1144 861 1298 889 constiterit,
1315 861 1385 892 quod
1400 860 1470 884 idem
1485 860 1584 883 eisdem
1597 859 1755 892 juramentis
1770 859 1869 891 ligatus
1885 859 1932 888 sit;
1950 859 1969 883 ii
1985 859 2030 891 qui
2045 862 2154 883 vacante
2169 859 2256 883 studio

1016 907 1098 930 Puris.
1116 906 1240 930 lectiones
1260 914 1393 929 resumere
1414 904 1650 937 praesumpserint,
1667 912 1682 927 a
1697 904 1830 928 consortio
1844 904 2034 936 magistrorum
2050 904 2229 928 secludantur.
2248 921 2255 928 .

467 971 512 993 220
983 965 1134 996 Alphonsus
1158 972 1244 987 comes
1267 963 1438 987 pictaviensis
1463 966 1488 986 et
1511 962 1658 986 Tolosanus
1679 962 1810 986 universis
1834 962 1994 994 praepositis
2017 970 2067 994 pro
2087 965 2207 994 tempore
2229 961 2256 986 in

1014 1009 1126 1040 Rnpclla
1149 1009 1258 1032 mandat
1281 1011 1310 1031 ut
1334 1007 1494 1031 monasterio
1516 1008 1542 1031 S.
1569 1007 1697 1031 Bernardi
1720 1007 1804 1031 Paris.
1828 1006 1941 1038 singulis
1965 1007 2041 1030 annis
2062 1009 2134 1031 certa
2152 1015 2257 1030 summa

1015 1054 1134 1077 solvatur
1151 1068 2256 1077 ...........................................

465 1117 508 1140 221
984 1111 1133 1143 Stephanus
1164 1111 1247 1134 abhas
1278 1110 1451 1134 Claraevallis
1474 1109 1610 1141 Alphonso
1637 1110 1768 1134 Tolosano
1792 1110 1882 1134 comiti
1905 1113 2077 1142 patronatum
2102 1109 2257 1133 monasterii

1015 1157 1041 1179 S.
1058 1155 1186 1179 Bernardi
1201 1155 1359 1179 Parisiensis
1375 1156 1484 1183 confert,
1501 1154 1527 1178 in
1543 1163 1595 1186 quo
1610 1154 1705 1186 viginti
1720 1154 1863 1178 monachos
1879 1156 2014 1186 professos
2029 1154 2135 1178 abbatis
2148 1154 2257 1178 Clarae—

1014 1200 1140 1224 vallensis
1161 1208 1266 1223 sacrum
1286 1199 1403 1223 studium
1423 1199 1572 1231 theologiae
1594 1199 1691 1223 ibidem
1707 1199 1902 1231 gubernaturus
1917 1199 2071 1223 habiturum
2085 1202 2214 1231 perpetuo
2229 1207 2257 1223 se

2300 1243 2346 1268 245

1013 1245 1144 1277 promittit
1148 1261 2046 1269 ...................................
2054 1242 2063 1250 ”
2066 1260 2256 1268 ........

801 1303 865 1327 Julii
882 1303 893 1326 1
984 1303 1149 1333 Innocentius
1170 1303 1203 1326 lv
1223 1302 1359 1334 magistris
1375 1305 1401 1326 et
1415 1301 1582 1326 universitati
1598 1301 1760 1325 scholarium
1775 1302 1965 1326 Parisiensium
1984 1302 2094 1326 mandat
2111 1305 2141 1325 ut
2161 1303 2256 1326 fratres

1014 1351 1135 1379 regentes
1148 1347 1175 1370 in
1188 1347 1337 1379 theologica
1349 1347 1474 1370 facultate
1487 1346 1617 1370 ordinum
1633 1346 1847 1370 Praedicatorum
1860 1350 1885 1370 et
1895 1346 2026 1370 Minoi-um
2039 1355 2054 1370 a
2067 1346 2257 1378 magistrorum

2301 1391 2347 1415 2117

1014 1392 1125 1423 collegio
1145 1395 1283 1424 separatos
1300 1392 1334 1415 ad
1350 1391 1437 1423 ipsum
1453 1391 1596 1423 collegium
1611 1390 1751 1415 admittant
1754 1408 2256 1416 ....................

464 1455 509 1477 223
816 1464 846 1467 —
880 1450 890 1472 1
984 1450 1149 1474 Innocentius
1169 1450 1202 1473 IV
1221 1449 1354 1481 episcopis
1374 1449 1474 1473 Adamo
1494 1449 1685 1473 Silvanectensi
1709 1452 1734 1473 et
1757 1449 1871 1472 Johanni
1894 1449 2048 1473 Ebroieensi
2067 1449 2099 1473 de
2118 1449 2210 1473 eadem
2228 1457 2257 1473 re

2301 1494 2347 1517 2¹18

1014 1495 1107 1518 scribit
1123 1511 2255 1518 ............................................

816 1566 846 1570 --
864 1553 891 1575 21
983 1553 1149 1576 Innocentius
1166 1553 1198 1576 IV
1213 1552 1247 1575 ad
1261 1552 1378 1584 priorem
1393 1551 1456 1575 Ord.
1474 1551 1565 1575 Pracd.
1582 1555 1608 1575 ct
1622 1551 1773 1575 ministrum
1788 1551 1851 1575 ord.
1868 1551 1999 1575 Minorum
2013 1551 2133 1581 Parisiis,
2153 1555 2182 1575 ut
2202 1553 2257 1576 sra-

1013 1598 1099 1621 tribns
1115 1597 1268 1628 regentibus
1284 1596 1436 1620 corumdem
1450 1596 1579 1620 Ordinum
1595 1596 1789 1620 absolutionem
1802 1599 1826 1620 et
1839 1596 2064 1628 dispensationem
2078 1596 2112 1620 ad
2127 1596 2257 1620 cautelam

1014 1642 1168 1674 impendant
1177 1657 2256 1665 ..........................................

769 1699 879 1731 Augusti
895 1700 925 1722 26
984 1700 1149 1724 Innocentius
1168 1700 1201 1723 IV
1216 1699 1359 1730 magistros
1377 1699 1539 1722 Parisienses
1555 1699 1677 1722 hortatur
1693 1702 1723 1722 ut
1737 1699 1878 1723 molestare
1893 1699 2036 1731 magistros
2052 1702 2172 1731 regentes
2193 1698 2256 1722 Ord.

1014 1745 1229 1768 Praedicatorum
1244 1747 1270 1767 et
1284 1743 1415 1767 Minorum
1430 1743 1560 1772 desinant,
1575 1751 1619 1767 cos
1633 1743 1659 1767 in
1673 1743 1795 1767 libertate
1809 1743 1878 1767 sicut
1892 1746 1970 1767 antea
1984 1743 2078 1767 sistere
2091 1743 2256 1775 permittant,

2301 1787 2348 1811 Ἀθ

2302 1845 2348 1870 250

1014 1797 1097 1821 usque
1112 1789 1146 1812 ad
1162 1790 1257 1812 festum
1272 1788 1477 1820 Assumptionis,
1494 1796 1546 1820 quo
1561 1788 1665 1820 utrique
1679 1788 1713 1812 ad
1728 1788 1829 1812 curiam
1842 1788 1961 1812 venirent
1963 1805 2256 1812 ............
2260 1823 2262 1825 ‚

808 1860 836 1864 -
896 1847 925 1869 26
984 1847 1150 1870 Innocentius
1169 1847 1202 1870 1v
1222 1846 1253 1869 de
1268 1846 1359 1870 eadem
1375 1854 1402 1869 re
1418 1846 1551 1878 episcopis
1571 1846 1670 1870 Adamo
1687 1846 1878 1870 Silvanectensi
1894 1849 1920 1870 et
1937 1846 2052 1870 Johanni
2067 1845 2230 1870 Ebroicensi.
2249 1863 2257 1870 .

766 1904 886 1928 Januarii
903 1905 932 1927 28
983 1905 1149 1929 Innocentius
1170 1905 1204 1928 IV
1223 1904 1390 1928 scholaribus
1406 1904 1573 1928 cisterciens.
1591 1904 1654 1928 Ord.
1670 1904 1781 1928 Parisiis
1796 1904 1963 1928 studentibus
1982 1904 2125 1936 privilegia
2145 1905 2258 1928 fratrum

1014 1949 1145 1973 Minorum
1160 1952 1186 1973 et
1200 1949 1416 1973 Praedicatorum
1431 1948 1530 1972 ibidem
1549 1949 1770 1973 commorantium
1789 1949 1908 1973 concedit
1911 1966 2256 1973 ..............
2301 1947 2344 1972 251

812 2021 839 2025 —
903 2007 932 2029 ‘28
984 2007 1151 2031 Innocentius
1172 2007 1206 2030 IV
1225 2007 1381 2038 episcopum
1396 2007 1589 2038 Lingouensem
1607 2006 1743 2039 privilegii
1762 2006 1788 2030 in
1807 2006 2027 2039 praecedentibus
2046 2006 2142 2030 litteris
2163 2006 2258 2030 Cister-

1014 2052 1148 2075 ciensibus
1162 2051 1273 2075 Parisiis
1287 2051 1454 2075 studentibus
1467 2051 1585 2075 concessi
1600 2054 1813 2075 conservatorem
1825 2051 1962 2075 constituit
1964 2068 2256 2075 ............
2302 2049 2346 2074 251

810 2123 841 2126 —
903 2109 932 2131 28
984 2110 1151 2134 Innocentius
1163 2110 1196 2133 IV
1208 2109 1356 2132 IIaimerico
1367 2109 1525 2132 cancellario
1535 2109 1679 2133 Parisiensi
1692 2109 1794 2138 scribit,
1807 2112 1837 2133 ut
1846 2109 1922 2133 fratri
1935 2109 2049 2133 Guidoni
2061 2109 2124 2133 Ord.
2137 2109 2256 2138 Cisterm,

1015 2154 1037 2177 si
1053 2154 1149 2186 dignus
1170 2153 1212 2182 sit,
1228 2157 1254 2177 et
1273 2153 1333 2177 aliis
1351 2153 1468 2185 ejusdem
1484 2153 1592 2177 Ordinis
1608 2153 1717 2178 Parisiis
1735 2154 1903 2177 studentibus
1919 2153 2052 2177 licentiam
2072 2162 2119 2177 suo
2139 2157 2258 2186 tempore

1014 2199 1147 2230 largiatur
1159 2215 2256 2224 ...........................................
2302 2197 2348 2221 252

765 2256 902 2280 Februarii
917 2257 931 2279 4
985 2257 1097 2280 Litterae
1108 2255 1295 2280 Universitatis
1306 2255 1464 2279 Parisiensis
1478 2257 1512 2280 ad
1526 2257 1661 2288 praelatos
1679 2256 1806 2280 ecclesiae
1817 2260 1842 2280 et
1857 2256 1992 2280 scholares
2006 2256 2144 2280 universos
2160 2256 2257 2288 quibus

2301 2299 2348 2324 252

1016 2301 1122 2324 ordines
1137 2300 1265 2332 religiosi,
1282 2300 1415 2332 imprimis
1430 2302 1525 2324 fratres
1541 2301 1748 2329 Praedicatores,
1765 2301 1920 2325 incusantur
1923 2317 2257 2326 ..............

820 2373 851 2376 -
904 2360 934 2382 26
985 2359 1119 2382 Statutum
1138 2358 1319 2382 universitatis
1338 2358 1527 2390 magistrorum
1548 2358 1646 2383 ortium
1665 2359 1749 2383 Paris.
1770 2362 1862 2382 contra
1881 2367 1935 2389 eos,
1952 2359 1997 2391 qui
2014 2358 2211 2391 pro-impensis
2230 2358 2258 2382 in

1016 2412 1096 2426 causa
1109 2406 1200 2426 contra
1211 2404 1306 2426 fratres
1318 2403 1517 2427 Praedicatores
1529 2403 1604 2427 sactis
1615 2403 1755 2435 pecuniam
1766 2405 1885 2427 conferre
1895 2404 2050 2433 renuebant,
2062 2407 2087 2427 et
2100 2403 2126 2427 in
2139 2405 2258 2427 futurum

1017 2456 1126 2471 renuere
1145 2447 1291 2471 voluissent
1294 2464 2256 2474 ......................................

2284 2447 2348 2480 μω

822 2524 852 2527 d
906 2511 935 2533 28
987 2509 1153 2533 Innocentius
1173 2510 1207 2533 lv
1225 2509 1359 2541 provisori
1373 2513 1399 2534 et
1414 2510 1550 2534 monachis
1566 2511 1591 2536 S.
1607 2510 1735 2534 Bernardi
1755 2510 1782 2534 in
1801 2510 1942 2535 Cardineto
1961 2510 2045 2534 Paris.
2063 2510 2172 2534 Cisterc.
2193 2509 2256 2534 Ord.

1013 2554 1056 2586 jus
1067 2557 1224 2586 patronatus
1235 2554 1261 2578 in
1274 2554 1441 2578 medietatem
1451 2555 1576 2579 ecclesiae
1587 2555 1619 2578 de
1628 2555 1777 2579 Roderham
1788 2555 1962 2579 Eboracensis
1974 2555 2101 2579 dioecesis
2113 2563 2129 2578 a
2138 2554 2258 2579 ‚Iohanne

1018 2599 1049 2622 dc
1065 2598 1221 2630 Lessington
1237 2599 1343 2622 domino
1358 2599 1390 2623 de
1405 2600 1485 2623 Eston
1501 2607 1655 2623 concessum
1670 2600 1808 2624 confirmat
1811 2616 2257 2624 ..................

2302 2600 2348 2624 252

824 2675 854 2678 Ᾱ
907 2662 936 2684 28
987 2661 1105 2684 Decanus
1120 2661 1246 2684 ecclesiae
1261 2661 1377 2685 Lincoln.
1394 2665 1564 2686 conservator
1578 2662 1610 2686 dc
1625 2662 1716 2686 codem
1729 2661 1834 2694 negotio
1846 2661 2016 2686 constituitur
2017 2678 2256 2686 ..........
2302 2662 2348 2686 260

789 2722 874 2746 Martii
890 2723 918 2745 12
989 2723 1154 2746 Innocentius
1179 2724 1212 2746 lv
1234 2723 1353 2747 concedit
1378 2724 1511 2756 provisori
1535 2727 1560 2748 et
1583 2724 1609 2748 in
1634 2724 1783 2756 theologica
1808 2724 1932 2749 facultate
1956 2723 2123 2748 studentibus
2148 2723 2257 2747 Cisterc.

1020 2767 1127 2790 Ordinis
1146 2768 1179 2791 ad
1200 2768 1226 2791 S.
1247 2768 1412 2792 Bernardum
1426 2768 1510 2792 Paris.
1526 2771 1660 2793 uteorum
1676 2768 1789 2792 novitios
1804 2771 1830 2793 et
1849 2776 1991 2792 conversos
2010 2771 2072 2800 post
2092 2767 2258 2799 probationis

1020 2815 1123 2842 tempus
1139 2812 1173 2834 ad
1188 2813 1380 2843 professionem
1395 2813 1535 2837 admittere
1549 2813 1654 2845 possint
1656 2828 2258 2839 ........................
2303 2813 2348 2837 260

474 2874 518 2895 235
567 2872 717 2899 1253-1254

751 2890 959 2898 .........
991 2873 1155 2896 Innocentius
1182 2874 1213 2897 IV
1239 2874 1361 2906 deplorat
1386 2878 1468 2898 totam
1495 2875 1651 2898 clericorum
1673 2875 1869 2898 multitudinem
1889 2875 1931 2898 ad·
1942 2874 2087 2898 audiendas
2109 2874 2258 2898 saeculares

1020 2917 1092 2948 leges
1108 2926 1272 2947 concurrere,
1288 2919 1397 2943 adhibet
1411 2919 1527 2943 remedia
1541 2922 1632 2943 contra
1646 2919 1716 2943 hunc
1736 2919 1858 2943 morbum
1878 2919 2023 2951 statuitque
2042 2927 2073 2942 ne
2093 2919 2119 2942 in
2138 2918 2257 2947 Francia,

1021 2961 1124 2992 Anglia,
1139 2962 1235 2991 Scotin,
1248 2963 1352 2992 Wallin,
1370 2963 1505 2995 Hispania,
1523 2963 1657 2995 Hungaria
1671 2964 1742 2995 leges
1756 2964 1904 2987 saeculares
1917 2963 2040 2995 legantur
2042 2980 2258 2987 .........
2303 2962 2347 2987 261

601 3038 629 3060 8¹·
633 3053 640 3060 .
