2580 3528
172 427 176 431 ·
225 415 322 461 1264]
565 422 614 445 ΑΒ
646 422 753 445 anno
786 421 864 446 uec
898 421 1031 450 usque.
1065 421 1114 443 An
1148 421 1379 444 Pnimrruu
1414 421 1455 443 ιν
1489 421 1578 443 nse.
1615 422 1752 444 rnANc.
2031 413 2097 447 443

221 553 336 592 402.
366 561 512 598 Officialis
539 562 639 588 curiae
659 561 838 588 Par-isiensis
859 564 955 587 notum
975 560 1051 595 facit
1074 560 1150 587 duas
1173 560 1277 587 bur-sas
1302 560 1331 587 in
1353 556 1473 595 collegio
1496 560 1649 586 Sor-bonico
1670 560 1812 595 fundatas
1835 569 1897 587 esse
1920 561 1949 587 in
1970 562 2097 596 gratiam

311 611 432 639 duorum
446 610 649 646 magistrorum
664 610 806 637 dioecesis
820 609 1035 637 Ambianensis.

1455 659 1531 688 1264.
1546 659 1609 685 uum
1618 659 1643 689 2,
1660 658 1788 694 [raa-mis
1788 658 1814 694 J.

312 735 506 770 Universis
526 741 718 781 presentes
738 734 878 768 litteras
898 733 1121 780 inspecturis
1146 733 1311 767 officialis
1336 733 1437 767 curie
1457 733 1677 767 Parisiensis
1698 733 1851 767 salutem
1873 733 1910 766 in
1931 734 2098 767 Domino.

223 802 407 838 Noveritis
432 801 531 848 quod
555 802 592 835 in
617 807 742 835 nostra
766 801 950 847 presentia
974 801 1195 835 constitutus
1222 800 1397 847 magister
1416 799 1599 834 Robertus
1620 800 1665 834 de
1687 799 1882 843 Sorbonio,
1904 800 2101 834 canonicus

225 869 459 911 Parisiensis,
489 868 660 915 provisor
691 880 757 902 seu
782 874 998 914 procurator
1028 867 1328 914 congregationis
1353 874 1551 913 pauperum
1587 867 1843 913 magistrorum
1877 867 2101 901 studentium

224 937 388 971 Parisius
417 936 455 969 in
481 935 688 982 theologica
713 934 895 977 facultate,
916 934 1132 981 recognovit
1160 934 1197 967 in
1221 935 1305 980 jure
1334 946 1454 967 coram
1482 933 1590 968 nobis
1615 946 1655 968 se
1681 934 1866 980 recepisse
1886 946 1904 967 a
1924 934 2003 968 viro
2024 946 2103 980 pro-

225 1003 311 1038 vido
331 1009 368 1037 et
387 1003 547 1037 discreto
566 1002 748 1044 Waltero,
770 1002 867 1036 dicto
887 1002 1019 1043 Carne,
1036 1001 1223 1047 preposito
1245 1001 1290 1034 de
1310 1001 1413 1034 Ludo
1434 1007 1470 1034 et
1489 1000 1622 1035 ballivo
1644 1001 1764 1035 Sancti
1784 1000 1973 1037 Wallarici
1995 1012 2104 1046 supra

227 1082 340 1112 mare,
361 1069 620 1104 Ambianensis
644 1069 827 1116 dyocesis,
854 1075 1035 1102 trecentas
1061 1068 1174 1102 libras
1201 1075 1321 1102 turon.
1344 1068 1382 1101 in
1402 1068 1555 1114 pecunia
1576 1075 1761 1102 numerata
1783 1079 1790 1101 ε
1814 1080 1904 1114 quas
1925 1074 2105 1102 trecentas

227 1137 341 1172 libras
374 1137 472 1171 idem
505 1136 696 1173 Walterus
729 1136 767 1170 in
801 1148 927 1182 puram
961 1142 997 1169 et
1029 1141 1239 1182 perpetuam
1279 1134 1434 1168 contulit
1475 1134 1720 1181 elemosynam
1755 1147 1820 1181 pro
1856 1135 2106 1169 sustentandis

229 1203 375 1238 duobus
395 1203 581 1250 magistris
600 1202 860 1237 Ambianensis
887 1203 1069 1248 dyocesis,
1091 1202 1188 1236 bone
1209 1202 1300 1235 fame
1321 1209 1358 1235 et
1375 1202 1447 1236 vite
1468 1201 1636 1243 honeste,
1657 1202 1694 1235 in
1714 1201 1920 1247 theologica
1940 1201 2107 1236 facultate

229 1270 483 1312 studentibus3
513 1270 732 1320 promittens
762 1269 856 1303 bona
886 1269 957 1303 fide
984 1275 1020 1302 et
1047 1281 1114 1315 per
1141 1268 1340 1314 legitimam
1371 1268 1656 1314 stipulationem,
1687 1268 1786 1314 quod
1814 1269 2012 1314 unicuique
2042 1280 2107 1315 pro

229 1338 341 1372 bursa
365 1349 444 1379 sua,
466 1336 625 1383 singulis
651 1335 880 1378 ebdomadis,
907 1348 972 1370 seu
998 1335 1197 1382 subrogato
1217 1335 1276 1370 vel
1297 1334 1574 1381 subrogatisrab
1599 1335 1751 1377 eisdem,
1773 1335 1818 1369 de
1840 1335 1956 1370 tribus
1977 1335 2108 1370 solidis

230 1404 424 1452 parisiens.
443 1402 664 1450 providebit,
681 1415 722 1436 ac
742 1402 965 1436 ministrabit
984 1402 1144 1448 singulis
1164 1402 1269 1436 annis
1290 1402 1462 1448 quamdiu
1483 1414 1548 1436 eos
1567 1401 1624 1436 vel
1643 1402 1795 1436 alterum
1817 1414 1942 1436 eorum
1964 1403 2001 1436 in
2022 1415 2109 1436 con-

229 1471 444 1518 gregatione
474 1469 655 1504 dictorum
683 1469 941 1516 magistrorum
967 1468 1211 1515 personaliter
1244 1468 1442 1515 contigerit
1473 1469 1702 1502 commorari.
1731 1469 1926 1503 Concessit
1956 1469 2110 1503 nichilo-

228 1537 351 1572 minus
385 1537 482 1571 idem
518 1536 692 1583 magister
725 1535 909 1570 Robertus
944 1535 1042 1581 quod
1081 1535 1201 1569 dictus
1234 1534 1437 1576 Walterus,
1474 1535 1646 1581 quamdiu
1680 1535 1823 1578 vixerit,
1861 1535 1978 1569 dictos
2017 1536 2110 1569 duos

228 1604 426 1651 magistros
455 1604 593 1650 prefate
623 1603 793 1650 dyocesis
819 1603 1072 1649 prenominato
1100 1602 1284 1649 provisori
1310 1602 1369 1636 vel
1398 1602 1432 1636 ei
1457 1602 1519 1648 qui
1545 1614 1611 1648 pro
1642 1609 1804 1648 tempore
1830 1603 1939 1636 suerit
1966 1614 2111 1648 presen-

229 1670 332 1713 tabit,
365 1671 413 1705 ita
442 1677 565 1704 tamen
594 1669 694 1716 quod
723 1670 755 1704 si
783 1669 917 1716 aliquis
944 1670 1148 1703 decesserit
1172 1669 1231 1704 vel
1257 1681 1301 1703 ex
1325 1681 1433 1703 causa
1458 1669 1666 1711 recesserit,
1688 1669 1798 1702 alium
1823 1669 2005 1715 ydoneum
2030 1669 2112 1703 loco

229 1737 331 1772 illius
350 1737 486 1784 poterit
504 1736 722 1783 subrogare,
744 1748 852 1783 quem
877 1736 936 1771 vel
963 1748 1056 1783 quos
1081 1736 1277 1782 magistros
1303 1736 1422 1770 dictus
1449 1736 1619 1782 provisor
1638 1735 1697 1770 vel
1717 1737 1796 1782 ejus
1824 1747 2018 1770 successor
2038 1748 2112 1769 non

230 1804 303 1839 nisi
332 1811 482 1851 propter
505 1815 671 1850 magnam
697 1804 871 1838 offensam
898 1804 1122 1838 manifestam
1152 1803 1246 1837 ultra
1271 1815 1404 1836 annum
1432 1803 1567 1848 poterit
1591 1814 1771 1836 amovere.
1797 1804 2055 1837 Verumtamen
2081 1803 2112 1836 si

231 1871 352 1906 dictus
381 1871 551 1918 provisor
580 1870 650 1905 sub
674 1871 897 1917 juramento,
933 1883 1004 1917 quo
1038 1871 1133 1904 dicte
1163 1870 1288 1904 domui
1317 1870 1488 1904 astrictus
1518 1869 1721 1912 tenebatur,
1752 1869 1908 1915 aliquem
1935 1870 1979 1903 de
2005 1870 2113 1904 dictis

231 1938 419 1985 magistris
446 1937 506 1973 vel
533 1944 729 1984 utrumque
756 1950 831 1972 non
855 1950 939 1972 esse
963 1937 1129 1984 ydoneos
1153 1937 1212 1972 vel
1235 1937 1419 1984 ydoneum
1443 1937 1481 1970 in
1507 1937 1629 1970 studio
1655 1943 1691 1970 et
1720 1937 2006 1983 congregatione
2036 1948 2112 1983 pre-

233 2005 328 2040 dicta
348 2005 446 2039 dicto
473 2003 608 2039 ballivo
627 2004 687 2039 vel
707 2017 851 2039 causam
877 2004 1098 2039 habentibus
1123 2004 1359 2051 presentandi
1379 2003 1424 2038 ab
1445 2003 1573 2038 eodem
1596 2003 1870 2050 significaverit,
1892 2003 2115 2038 tenebuntur

234 2071 355 2106 dictus
381 2071 538 2106 ballivus
565 2078 602 2106 et
629 2071 806 2106 habentes
832 2084 977 2106 causam
1006 2071 1243 2118 presentandi
1268 2071 1312 2105 ab
1339 2071 1481 2113 eodem,
1509 2070 1619 2104 alium
1643 2070 1702 2105 vel
1726 2070 1818 2105 alios
1846 2071 2028 2117 ydoneum
2056 2070 2113 2104 vel

233 2138 399 2186 ydoneos
430 2145 655 2185 presentare.
682 2138 827 2173 Debent
851 2139 1013 2186 quidem,
1040 2145 1372 2185 quantumcumque
1403 2138 1539 2171 fuerint
1563 2137 1697 2184 ydonei
1723 2138 1809 2171 dicti
1835 2138 1907 2171 duo
1936 2138 2113 2184 magistri,

234 2204 366 2239 iterum
387 2204 425 2238 in
445 2205 626 2252 principio
646 2206 732 2239 anni
753 2206 798 2240 de
819 2218 914 2240 novo
934 2205 1151 2252 presentari.
1174 2206 1261 2239 Post
1280 2205 1445 2251 ejusdem
1466 2216 1553 2239 vero
1574 2204 1730 2241 Walteri
1752 2204 1943 2238 decessum
1965 2204 2114 2237 domino

234 2271 412 2318 episcopo
432 2271 670 2307 Ambianensi
691 2279 727 2307 et
746 2273 826 2319 ejus
853 2272 1119 2307 archidiaconis
1145 2272 1206 2318 qui
1234 2284 1300 2318 pro
1327 2278 1489 2318 tempore
1513 2271 1660 2312 suerint,
1682 2270 1741 2305 vel
1766 2270 1912 2304 duobus
1938 2270 1982 2304 de
2007 2271 2113 2317 ipsis,

237 2339 268 2373 si
289 2338 419 2372 tertius
439 2338 574 2372 absens
594 2339 717 2382 suerit,
738 2339 976 2386 presentandi
997 2339 1091 2373 duos
1111 2339 1229 2373 dictos
1249 2338 1445 2384 magistros
1466 2339 1546 2383 ejus
1566 2337 1735 2383 dyocesis
1758 2337 1908 2371 liberam
1930 2338 2115 2372 concessit

235 2403 454 2446 facultatem,
477 2411 512 2438 et
531 2405 576 2438 ad
597 2405 717 2439 omnia
743 2405 921 2451 premissa
946 2404 1206 2440 inviolabiliter
1232 2404 1472 2446 observanda,
1499 2403 1647 2437 nomine
1667 2404 1918 2450 procuratorio
1939 2403 2115 2451 obligavit

237 2483 366 2505 omnes
382 2471 524 2514 domos,
544 2472 817 2518 possessiones,
830 2472 955 2518 predia
976 2478 1012 2506 et
1030 2472 1150 2506 omnia
1170 2471 1279 2514 bona,
1295 2471 1443 2505 nomine
1463 2470 1642 2504 dictorum
1660 2470 1916 2516 magistrorum
1938 2471 2114 2517 acquisita

237 2544 274 2572 et
302 2538 339 2572 in
369 2545 556 2584 posterum
591 2538 824 2585 acquirenda.
860 2538 1046 2585 Obligavit
1074 2539 1226 2585 insuper
1257 2549 1384 2572 omnes
1418 2549 1655 2572 successores
1689 2549 1792 2580 suos,
1826 2544 1862 2572 et
1894 2550 2022 2572 omnes
2051 2539 2113 2585 qui

237 2616 382 2639 causam
413 2604 600 2640 habebunt
631 2605 676 2639 ab
710 2605 853 2648 eodem,
887 2606 931 2640 ad
966 2606 1144 2652 premissa
1177 2605 1297 2639 omnia
1332 2611 1368 2639 et
1399 2604 1545 2651 singula
1578 2604 1755 2646 facienda,
1784 2605 1985 2639 secundum
2015 2605 2114 2651 quod

237 2671 409 2718 superius
430 2678 487 2706 est
506 2684 733 2718 expressum.
757 2674 798 2706 In
818 2673 923 2719 cujus
950 2672 1003 2706 rei
1028 2672 1275 2706 testimonium
1302 2670 1536 2718 presentibus
1560 2670 1692 2705 litteris
1712 2671 1873 2717 sigillum
1895 2672 1996 2706 curie
2016 2673 2114 2706 Pari·

238 2738 374 2773 siensis
401 2738 571 2773 duximus
597 2739 868 2785 apponendum.
891 2741 1019 2773 Datum
1045 2751 1141 2774 anno
1169 2738 1314 2773 Domini
1339 2738 1559 2773 M⁰CC⁰LX⁰
1578 2744 1719 2784 quarto,
1747 2738 1806 2772 die
1834 2739 2004 2772 mercurii
2032 2746 2115 2785 post

237 2804 369 2839 festum
390 2805 639 2852 apostolorum
661 2806 757 2840 Petri
778 2813 813 2841 et
832 2806 945 2841 Pauli.

334 2902 411 2929 Cart.
426 2904 459 2928 de
473 2903 502 2929 la
518 2903 666 2930 Sorbomte
678 2905 704 2929 in
720 2905 789 2930 Bibl.
805 2909 858 2930 unt.
875 2905 971 2935 Parin..
985 2913 1034 2929 mn.
1051 2905 1096 2929 lut.
1115 2905 1199 2933 18069,
1217 2904 1261 2928 sol.
1278 2906 1316 2928 55.
1334 2903 1503 2932 nomen-neus.
1520 2903 1662 2928 Sor-bonae
1676 2903 1810 2935 oriyu'nes.
1828 2903 1902 2931 ibid„
1919 2912 1968 2928 mn.
1981 2904 2027 2928 lut.
2043 2905 2113 2933 5493,

241 2946 286 2971 rol.
301 2946 358 2971 ³6⁸.
375 2947 513 2977 Jonrdain,
530 2952 559 2972 ιι*
573 2950 627 2974 204.
