2580 3528
443 393 510 426 208
1025 403 1343 426 CHARTULARIUM
1377 403 1567 426 nmvsns.
1603 404 1732 426 PARIS.
2220 394 2319 435 [1247

446 473 614 498 Guillaume
627 473 816 504 d'Auverqne,
833 482 859 505 p.
877 474 931 502 152,
947 475 993 504 n.)‚
1010 473 1036 496 in
1051 473 1207 505 episcopum
1222 473 1399 497 Parisiensem
1414 474 1512 498 electus
1530 477 1571 497 est
1590 473 1621 505 (c.
1638 482 1755 498 mensem
1769 473 1860 506 Junii).
1876 473 2033 498 Nominatur
2047 477 2076 498 ut
2090 474 2232 506 episcopus
2246 473 2323 498 Pari—

444 518 538 541 siensis
555 518 584 541 13
600 518 733 550 Septemb.
750 527 791 542 an.
809 518 870 542 1249
886 518 1023 548 (Guerard,
1041 519 1115 542 Cart.
1130 520 1164 542 de
1181 517 1284 549 l'dylise
1298 518 1486 543 Notre-Dame
1500 519 1534 543 de
1548 518 1643 547 Paris,
1659 519 1679 547 1,
1696 518 1760 551 159),
1776 518 1871 551 etjam
1885 527 1975 542 mense
1984 519 2076 542 eodem
2086 519 2160 543 obiit.
2174 519 2324 551 Supersunt

442 570 495 586 non
511 563 598 586 solum
613 562 669 594 ejus
685 571 828 591 sermones,
845 566 873 586 ut
888 566 979 586 notum
994 566 1034 586 est
1048 571 1079 586 ex
1094 563 1164 587 Hist.
1177 563 1230 588 litt.
1246 563 1320 587 dela
1335 563 1451 591 F'rance,
1468 563 1555 591 XXVI,
1572 564 1626 591 390,
1642 566 1668 586 et
1682 563 1767 594 Lecoy
1780 563 1813 586 de
1826 563 1853 586 la
1867 563 1982 592 Mai-che,
1999 563 2043 588 La
2057 563 2155 588 chaire
2168 564 2322 594 t'ranpaise,

444 608 470 631 2⁶
484 608 535 636 ed.,
550 616 576 639 p.
594 609 633 636 95,
650 609 704 636 505,
721 608 767 631 sed
781 611 807 631 et
821 607 994 636 Quaestiones
1008 607 1173 639 theologicae
1193 607 1326 638 Maqistrt'
1346 607 1487 632 Gualtert'i
1505 607 1674 632 cancellarii
1692 607 1863 633 Parisiensis
1882 607 1909 631 in
1929 608 1997 632 Bibl.
2020 608 2046 632 S.
2067 608 2173 632 Antonii
2193 608 2322 637 Paduani,

445 661 494 676 ms.
511 653 565 680 152,
583 653 626 676 fol.
645 653 699 681 150,
716 653 743 676 in
757 661 870 684 quarum
885 652 1038 684 quaestione
1053 653 1083 675 19
1097 651 1192 675 diffuse
1207 652 1239 675 de
1261 651 1398 684 magistris
1415 655 1440 675 et
1459 651 1618 675 cancellario
1632 655 1658 675 et
1677 652 1765 675 studio
1782 652 1867 676 Paris.
1883 653 2009 684 loquitur.
2025 667 2057 671 —
2072 654 2093 677 2.
2111 654 2141 676 20
2155 653 2276 677 Decemb.
2292 667 2324 671 —

444 697 467 720 3.
483 697 563 720 Eccli.
580 698 644 725 322.
658 711 690 714 —
704 698 726 720 4.
744 697 773 720 In
788 705 837 720 ms.
855 697 899 720 lat.
917 696 986 720 Bihl.
1002 699 1056 720 nat.
1072 696 1146 719 deest
1161 704 1166 719 :
1184 704 1196 720 α
1212 696 1417 728 quadragesimo
1432 695 1545 728 septimo
1561 703 1584 719 ».

449 894 556 931 177.
579 904 662 937 Hugo
682 903 767 939 episc.
789 902 975 936 Lingonensis
995 902 1036 927 eis
1059 902 1109 937 qui
1127 901 1168 927 ad
1187 910 1259 938 opus
1278 903 1403 936 fratrum
1422 900 1488 928 Ord.
1510 902 1624 928 Cisterc.
1648 902 1676 927 in
1699 900 1852 927 Car-dinem
1872 900 2006 927 subsidia
2027 900 2207 937 contulerint,
2226 901 2323 928 indul·
2340 916 2345 921 ·

531 952 658 987 gentiam
674 951 873 987 quadraginta
889 950 1000 976 dierum
1016 950 1165 986 elargitur.

1768 986 1836 1012 Aemo
1853 986 1901 1013 124
1906 987 1929 1013 7.

533 1063 725 1097 Universis
753 1061 889 1096 Christi
918 1061 1090 1095 fidelibus
1117 1068 1310 1107 presentes
1339 1061 1479 1095 litteras
1506 1061 1729 1106 inspecturis
1763 1062 1805 1094 H.
1838 1061 1903 1094 Dei
1934 1061 2048 1107 gratia
2078 1060 2324 1107 Lingonensis

443 1131 639 1176 episcopus
679 1129 831 1163 salutem
870 1129 907 1161 in
942 1128 1102 1161 omnium
1139 1128 1335 1162 Salvatore.
1371 1129 1463 1162 Cum
1503 1128 1602 1161 Ordo
1641 1128 1900 1162 Cisterciensis
1939 1135 2107 1174 tanquam
2142 1128 2323 1173 quoddam

442 1197 600 1242 speciale
627 1196 816 1242 speculum
848 1195 1040 1241 religionis
1067 1202 1102 1228 et
1127 1195 1327 1229 sanctitatis
1355 1195 1611 1240 exemplarque
1641 1194 1844 1240 preclarum
1873 1202 1996 1228 sancte
2026 1195 2261 1240 perfectionis
2286 1195 2324 1229 in

442 1264 596 1297 ecclesia
618 1264 684 1296 Dei
706 1269 871 1309 patenter
887 1262 1071 1308 effulgeat,
1090 1269 1187 1295 tanto
1209 1262 1242 1295 ei
1263 1262 1452 1295 liberalius
1473 1268 1509 1295 et
1528 1261 1798 1295 habundantius
1819 1262 1856 1294 in
1877 1262 1955 1295 suis
1971 1268 2028 1295 est
2043 1261 2324 1296 necessitatibus

442 1330 749 1372 succurrendum,
779 1336 914 1375 quanto
945 1330 1024 1375 ipse
1055 1328 1336 1363 necessitatibus
1367 1329 1528 1362 omnium
1559 1329 1792 1374 propensiori
1819 1328 1978 1362 caritatis
2006 1328 2171 1374 largitate
2199 1328 2325 1362 dinos-

441 1398 535 1431 citur
569 1397 778 1431 subvenire.
812 1396 904 1440 Quia
932 1396 1044 1442 igitur
1075 1396 1170 1429 sicut
1195 1395 1380 1429 credimus
1410 1407 1483 1429 non
1514 1395 1652 1440 absque
1679 1401 1769 1428 nutu
1797 1401 1832 1428 et
1857 1395 2079 1440 aspiratione
2105 1395 2227 1429 divina
2253 1395 2324 1429 viri

441 1465 561 1498 devoti
583 1465 620 1497 in
640 1463 787 1498 Christo
809 1463 975 1509 religiosi
997 1463 1046 1496 St.
1074 1462 1186 1496 abbas
1211 1469 1246 1496 et
1271 1463 1402 1496 fratres
1425 1462 1639 1496 Clarevallis
1665 1462 1924 1496 Cisterciensis
1950 1462 2101 1496 Ordinis
2125 1462 2324 1496 claustrum

442 1539 477 1565 et
502 1531 631 1565 domos
657 1530 870 1564 habitationi
897 1530 1047 1563 fratrum
1076 1542 1225 1562 suorum
1253 1536 1289 1563 et
1315 1529 1447 1562 studiis
1475 1536 1575 1574 aptas
1601 1529 1762 1562 Parisius
1783 1529 1820 1561 in
1840 1528 1922 1562 loco
1944 1529 2064 1562 Sancti
2089 1529 2266 1562 Bernardi
2286 1529 2324 1562 in

441 1598 648 1632 Cardoneto
677 1597 846 1631 edificare
876 1596 1114 1637 contendunt,
1144 1597 1181 1629 in
1209 1595 1343 1641 quibus
1372 1596 1502 1629 fratres
1532 1596 1650 1641 ipsius
1679 1596 1819 1629 ordinis
1850 1602 2134 1638 commorentur,
2160 1608 2253 1641 quos
2279 1595 2325 1630 ad

440 1665 705 1711 invigilandum
735 1664 848 1697 sacris
876 1663 1008 1697 studiis
1035 1663 1174 1696 dociles
1202 1669 1237 1696 et
1259 1663 1347 1696 alias
1368 1663 1533 1708 ydoneos
1555 1662 1599 1695 de
1621 1662 1863 1696 conventibus
1884 1662 1961 1696 suis
1981 1662 2130 1695 abbates
2155 1662 2326 1697 duxerint

440 1732 646 1778 eligendos,
679 1738 715 1764 et
743 1738 839 1764 tante
874 1730 1115 1763 edificationis
1146 1729 1353 1775 sumptibus
1383 1735 1532 1775 propter
1561 1728 1629 1762 alia
1659 1729 1835 1762 immensa
1865 1729 2009 1774 pietatis
2037 1741 2147 1762 onera
2176 1729 2324 1776 proprie

440 1811 514 1832 non
536 1798 722 1832 sufficiunt
741 1797 929 1830 facultates
953 1809 959 1830 :
985 1809 1052 1830 nos
1073 1803 1142 1829 tam
1174 1796 1223 1842 pii
1246 1803 1389 1842 tamque
1418 1797 1494 1829 Deo
1516 1796 1654 1841 accepti
1682 1796 1805 1841 operis
1833 1796 2027 1841 participes
2055 1807 2138 1829 esse
2168 1803 2204 1829 et
2231 1796 2324 1830 alios

441 1865 520 1898 fieri
545 1865 748 1910 cupientes,
772 1863 944 1897 omnihus
969 1863 1031 1908 qui
1053 1863 1170 1896 eidem
1198 1863 1300 1908 operi
1329 1869 1430 1908 grata
1451 1861 1616 1895 subsidia
1641 1862 1699 1896 vel
1720 1861 1943 1895 contulerint
1961 1861 2019 1895 vel
2040 1862 2322 1905 transmiserint,

441 1932 679 1977 quadraginta
707 1931 786 1964 dies
817 1931 861 1964 de
891 1930 1065 1976 injunctis
1095 1929 1165 1963 sibi
1196 1929 1408 1975 penitentiis
1438 1929 1483 1962 de
1514 1929 1690 1962 immensa
1719 1929 1786 1962 Dei
1815 1929 2067 1962 misericordia
2096 1935 2132 1962 et
2160 1929 2322 1974 gloriose

441 1999 631 2044 genitricis
661 1999 726 2031 Dei
757 1998 993 2043 omniumque
1029 2004 1235 2030 sanctorum
1272 1996 1412 2029 meritis
1442 2003 1478 2029 et
1509 1995 1681 2041 precibus
1716 2007 1859 2029 necnon
1890 2002 1925 2028 et
1954 1995 1998 2028 de
2028 1995 2148 2038 bonis,
2181 2008 2251 2041 que
2285 1996 2323 2029 in

441 2066 570 2099 eodem
596 2065 678 2098 loco
704 2065 791 2097 fient
820 2064 962 2105 confisi,
993 2063 1281 2097 misericorditer
1306 2062 1523 2103 relaxamus,
1554 2062 1585 2096 si
1612 2069 1731 2095 tamen
1758 2061 1826 2095 hoc
1847 2062 1966 2107 ipsum
1989 2069 2130 2107 gratum
2151 2069 2187 2096 et
2206 2069 2322 2096 ratum

440 2132 575 2166 habere
597 2132 802 2165 decreverit
821 2131 1017 2176 episcopus
1039 2130 1271 2163 diocesanus.
1295 2131 1373 2163 Dat.
1395 2141 1490 2162 anno
1511 2129 1657 2162 Domini
1678 2131 1729 2162 M⁰
1739 2129 1895 2163 CC⁰XL⁰
1915 2129 2083 2174 septimo.

535 2221 672 2253 Originale
686 2221 713 2244 in
728 2221 804 2244 Arch.
822 2221 924 2252 depart.
941 2221 973 2243 de
988 2219 1079 2243 l'Aube
1094 2219 1221 2251 (Ti-oyes),
1238 2219 1344 2250 3Rs153
1359 2233 1389 2236 --
1404 2218 1471 2242 Ibid.
1488 2222 1573 2242 exstat
1588 2218 1717 2250 originale
1732 2218 1882 2242 litterarum
1897 2218 2032 2243 Guillelmi
2047 2218 2166 2250 episcopi
2181 2218 2265 2242 Paris.
2289 2219 2322 2243 ad

440 2267 561 2295 abbates,
582 2266 695 2298 priores,
716 2265 838 2294 decanos,
855 2265 1035 2296 presbyteroS,
1051 2268 1111 2294 eta,
1128 2259 1191 2287 suae
1206 2263 1343 2292 dioecesis,
1361 2263 1531 2292 directarum,
1548 2263 1644 2295 quibus
1660 2271 1704 2286 eos
1720 2266 1817 2291 monet,
1835 2271 1846 2287 «
1863 2263 1987 2295 quatinus
2003 2263 2196 2294 indulgentiam
2211 2263 2284 2287 mille
2298 2266 2325 2287 et

440 2312 652 2343 octingentorum
671 2314 697 2334 et
715 2310 825 2342 triginta
844 2310 956 2338 dierum,
977 2318 1056 2341 quam
1076 2309 1199 2332 dominus
1219 2317 1299 2340 papa,
1321 2309 1390 2332 dom.
1412 2309 1466 2334 Odo
1486 2308 1630 2331 cardinalis
1652 2311 1738 2340 apost.
1760 2308 1830 2332 sedis
1852 2308 1956 2340 legatus
1975 2311 2002 2332 et
2015 2316 2072 2332 ven.
2090 2307 2284 2340 archiepiscopi
2297 2310 2324 2332 et

440 2356 559 2388 episcopi
580 2355 679 2379 faciunt
699 2363 745 2379 seu
766 2355 905 2386 indulgent
924 2354 1047 2377 omnibus
1069 2353 1282 2377 benefactoribus
1302 2353 1363 2376 novi
1383 2353 1471 2384 operis
1488 2353 1586 2384 incepti
1607 2352 1726 2376 Pnrisius
1747 2354 1773 2376 in
1792 2353 1850 2376 loco
1870 2352 1895 2376 b.
1912 2352 2041 2376 Bernardi
2061 2352 2087 2375 in
2107 2352 2273 2376 Cardonneto
2288 2352 2322 2376 ad

441 2410 508 2432 opus
528 2400 718 2424 monachorum
738 2399 879 2423 clarevall.
904 2399 1003 2422 ibidem
1023 2399 1075 2422 Deo
1098 2397 1283 2422 famulantium
1303 2401 1328 2421 et
1348 2397 1374 2420 in
1394 2405 1470 2421 sacra
1490 2397 1589 2429 pagina
1608 2397 1715 2421 assidue
1738 2397 1900 2421 studentium
1922 2397 2045 2429 plebibus
2068 2397 2163 2421 vestris
2167 2415 2215 2421 .....
2240 2404 2322 2429 expo—

442 2445 510 2469 natis
527 2454 549 2474 »,
562 2450 609 2470 etc.
628 2454 639 2468 (t
655 2445 712 2468 Dat.
730 2452 798 2467 anno
814 2444 883 2467 dom.
901 2444 1048 2467 M⁰CC⁰XL⁰
1063 2446 1165 2471 octavo,
1181 2450 1270 2465 mense
1286 2442 1423 2465 Decembri
1440 2451 1461 2465 υ.
1479 2442 1557 2466 Deest
1571 2442 1699 2474 sigillum.

447 2638 576 2675 177⁸.
601 2647 782 2672 Innocentius
798 2647 842 2672 JV
855 2646 1026 2671 Placentiae
1047 2645 1173 2671 instituit
1191 2644 1319 2670 studium
1338 2644 1474 2679 generale
1496 2653 1558 2670 cum
1574 2644 1704 2670 omnibus
1721 2643 1882 2680 privilegiis
1905 2647 1932 2670 et
1954 2642 2192 2677 immunitatibus,
2216 2642 2320 2678 quibus

532 2695 679 2721 studentes
695 2695 821 2721 Parisiis
836 2698 863 2720 et
879 2694 907 2720 in
923 2694 992 2720 aliis
1005 2693 1110 2720 studiis
1122 2693 1308 2728 generalibus
1322 2693 1459 2728 gaudent.

1637 2742 1716 2772 1248,
1731 2741 1865 2767 Februarii
1877 2742 1902 2770 6,
1918 2741 2033 2774 tuydam:

536 2847 556 2852 ..
585 2819 790 2864 Episcopo·
827 2825 862 2851 et
886 2817 984 2850 clero
1019 2829 1057 2850 ac
1093 2816 1228 2862 populo
1254 2816 1476 2849 Placentino.
1509 2815 1601 2858 Quia
1628 2816 1829 2860 profectum
1859 2822 1953 2848 terre
1980 2821 2101 2848 vestre
2133 2815 2170 2847 in
2202 2815 2320 2848 visce-

444 2887 546 2920 ribus
585 2885 836 2931 amplectimur
868 2884 1038 2925 caritatis,
1071 2883 1250 2916 vellemus
1279 2882 1437 2915 libenter
1467 2882 1565 2927 quod
1598 2881 1648 2914 ibi
1680 2882 1792 2915 scisus
1823 2881 2071 2927 repperiretur
2108 2888 2317 2927 argenteus,

445 2954 480 2987 id
516 2954 593 2986 est’
629 2952 787 2985 studium
828 2951 1042 2992 litterarum,
1078 2950 1115 2982 in
1150 2961 1221 2994 quo
1255 2948 1415 2994 Joseph⁸
1456 2948 1581 2981 subtili
1616 2948 1717 2981 novit
1754 2948 1903 2994 ingenio
1938 2948 2088 2994 auguria
2124 2948 2316 2994 explicare,
