2580 3528
264 426 360 467 1274]
598 435 645 457 AB
677 434 784 457 Anno
819 433 898 456 ucc
931 433 1066 462 118an
1101 433 1150 455 An
1185 432 1420 454 PniLirPun
1454 432 1495 453 lv
1530 432 1619 454 nec.
1658 432 1795 454 rame.
2073 422 2138 455 509

493 531 530 555 De
542 533 745 563 procuratorum
759 538 904 562 parvorum
919 529 1044 553 electione
1058 532 1085 553 et
1097 529 1130 553 de
1144 528 1328 560 eligendorum
1343 528 1529 556 nominatione,
1545 531 1664 559 tempore
1678 531 1704 551 et
1719 527 1898 559 responsione.

349 603 438 636 Item
464 602 563 648 quod
587 608 779 647 antequam
805 607 934 634 exeant
957 613 977 634 a
1002 600 1258 646 procuratione
1287 598 1422 632 debent
1446 598 1584 644 eligere
1610 605 1646 631 et
1668 598 1855 631 nominare
1879 605 2134 643 procuratores

259 669 331 704 sibi
360 668 601 704 succedentes
629 674 711 702 ante
741 668 918 702 terminos
946 667 1123 701 hactenus
1152 666 1367 700 observatos
1397 677 1462 711 per
1487 665 1721 710 quindenam.
1753 664 1915 698 Termini
1941 671 2026 697 sunt
2056 664 2131 697 hii:

258 736 391 770 festum
426 735 523 769 beati
558 734 818 776 Bartholomei,
849 734 973 768 Natale
1009 734 1155 767 Domini
1192 740 1228 767 et
1256 732 1427 766 Pascha‘.
1467 732 1648 765 Nominati
1685 738 1877 765 teneantur
1908 731 2134 776 respondere

259 802 424 836 societati
452 802 578 836 eadem
609 801 681 844 die,
712 802 743 835 si
773 801 811 834 in
840 801 993 847 prandio
1023 801 1159 834 fuerint
1182 799 1376 840 nominati3
1409 799 1440 832 si
1464 799 1502 832 in
1527 810 1625 840 sero,
1655 798 1713 832 die
1737 798 1893 832 crastina
1918 797 1955 830 in
1981 798 2133 843 prandio

259 869 328 904 sub
358 881 450 915 pena
478 869 525 914 xij
557 869 790 902 denariorum
820 874 992 914 quantum
1027 867 1071 901 ad
1108 867 1402 912 responsionem,
1438 866 1469 899 si
1503 865 1708 911 aliqualiter
1738 864 1809 898 sibi
1839 865 2040 898 innotuerit
2069 876 2133 898 sua

259 935 390 970 electio
419 948 490 982 que
519 936 574 969 eis
603 935 714 969 debet
748 947 813 981 per
843 934 1023 968 electores
1060 934 1229 968 intimari.
1262 934 1299 967 Si
1328 940 1447 966 autem
1477 939 1756 978 acceptaverunt
1784 931 1845 965 illa
1874 932 1967 973 vice,
2002 938 2133 965 extunc

258 1003 290 1037 si
318 1002 433 1037 velint
460 1009 667 1048 compotum
706 1002 881 1047 recipiant
916 1008 952 1035 et
987 1001 1272 1047 predecessores
1309 999 1464 1033 reddere
1500 1006 1707 1045 compotum
1738 999 1812 1032 sint
1842 998 1965 1044 parati.
2001 998 2071 1031 Sed
2102 998 2134 1031 si

258 1069 386 1104 volunt
414 1069 558 1115 possint
586 1075 776 1115 expectare
805 1080 922 1114 usque
957 1068 1002 1102 ad
1038 1068 1249 1109 terminum,
1285 1067 1356 1100 nisi
1386 1066 1439 1099 illi
1469 1066 1527 1100 vel
1561 1066 1651 1100 alter
1682 1066 1829 1099 illorum
1860 1065 1948 1099 velit
1975 1077 1994 1098 a
2024 1065 2132 1098 domo

259 1137 432 1170 recedere
460 1135 518 1170 vel
549 1135 722 1169 intendat.

913 1179 949 1203 De
967 1182 1171 1211 procuratorum
1186 1178 1306 1202 absentia
1321 1181 1347 1202 et
1361 1186 1477 1202 recessu.

348 1253 401 1286 De
430 1251 564 1298 quibus
592 1250 850 1284 recedentibus
880 1250 999 1283 taliter
1028 1250 1240 1283 ordinamus
1270 1249 1368 1294 quod
1403 1249 1434 1282 si
1463 1248 1596 1294 aliquis
1631 1248 1676 1281 de
1706 1247 1832 1281 electis
1861 1247 1950 1281 velit
1978 1260 1997 1281 a
2025 1247 2133 1281 domo

258 1318 430 1352 recedere
467 1318 558 1351 infra
589 1317 810 1363 quindenam
847 1316 1146 1362 prenominatam,
1187 1316 1217 1349 si
1257 1315 1414 1348 officium
1448 1315 1705 1360 acceptaverit,
1737 1321 1947 1359 compotum
1984 1314 2135 1360 recipiat

255 1391 338 1419 ante
367 1385 447 1430 ejus
475 1395 662 1418 recessum
696 1390 732 1417 et
766 1395 856 1417 suus
892 1383 1079 1417 coelectus
1116 1394 1240 1417 secum
1276 1382 1440 1427 recipere
1472 1388 1679 1427 compotum
1719 1387 1884 1414 teneatur
1920 1387 1955 1414 et
1984 1393 2024 1414 ea
2062 1392 2132 1426 que

256 1451 439 1498 pertinent
467 1450 512 1484 ad
541 1450 699 1484 officium
730 1461 912 1483 exercere.
940 1451 1014 1483 Nec
1039 1455 1230 1495 postquam
1258 1448 1417 1482 officium
1443 1448 1711 1493 acceptaverint
1735 1447 1890 1492 possint,
1918 1446 2009 1480 illud
2040 1443 2137 1480 resu-⁴

255 1524 331 1552 tare
360 1518 432 1552 nisi
462 1524 611 1564 propter
640 1516 842 1563 simplicem
878 1528 1065 1550 recessum
1102 1528 1120 1549 a
1155 1516 1264 1549 domo
1300 1515 1380 1549 sine
1413 1527 1478 1561 spe
1509 1514 1600 1548 infra
1638 1514 1906 1560 procurationis
1937 1507 2131 1547 terminum

255 1585 448 1627 redeundi,
482 1584 541 1619 vel
574 1590 724 1630 propter
756 1596 904 1630 gravem
935 1583 1194 1625 infirmitatem,
1230 1582 1289 1616 vel
1323 1582 1511 1624 lecturam,
1548 1581 1636 1627 quin
1673 1581 1764 1614 illud
1799 1592 1864 1626 per
1899 1592 1938 1614 se
1973 1580 2032 1614 vel
2068 1592 2133 1626 per

254 1652 438 1698 ydoneum
461 1651 643 1698 compleat
665 1651 875 1697 diligenter,
903 1651 985 1696 quia
1016 1650 1047 1684 si
1078 1662 1266 1684 recessum
1297 1649 1500 1695 simplicem
1527 1648 1715 1694 allegaret,
1739 1654 1889 1693 propter
1918 1659 2026 1692 quem
2058 1647 2132 1680 offi-

255 1719 351 1753 cium
374 1718 573 1752 dimitteret
594 1725 631 1752 et
651 1718 743 1752 infra
766 1718 960 1752 terminum
984 1717 1252 1763 procurationis
1274 1716 1423 1758 rediret,
1449 1716 1612 1750 eamdem
1635 1727 1764 1761 penam
1788 1727 1895 1760 quam
1917 1714 1948 1748 si
1971 1714 2131 1747 officium

255 1798 330 1820 non
362 1791 587 1832 acceptasset
621 1785 765 1819 solvere
800 1791 999 1818 teneretur.
1037 1784 1074 1818 Si
1110 1790 1230 1817 autem
1266 1783 1373 1817 electi
1408 1790 1445 1816 et
1477 1782 1653 1816 nominati
1688 1781 1847 1814 officium
1881 1781 2130 1822 refutaverint,

254 1852 398 1887 solvant
431 1863 560 1898 penam
597 1858 829 1898 pretaxatam,
867 1851 1009 1885 scilicet
1040 1863 1062 1884 x
1098 1850 1240 1884 solidos
1274 1850 1366 1883 infra
1402 1850 1497 1883 diem
1534 1849 1726 1882 crastinam
1762 1847 2029 1881 nominacionis
2064 1859 2130 1881 sue

253 1919 451 1960 inclusive;
483 1919 582 1965 quod
611 1919 642 1952 si
672 1930 745 1952 non
775 1918 954 1952 solverint
983 1930 1048 1964 pro
1078 1917 1240 1964 qualibet
1269 1917 1327 1950 die
1358 1928 1428 1962 qua
1458 1916 1660 1950 defecerint
1695 1915 1851 1961 quilibet
1879 1914 1925 1948 ad
1953 1915 1986 1960 vj
2023 1914 2129 1947 dena-

253 1986 329 2020 rios
357 1992 523 2020 teneatur
552 1992 588 2019 et
616 1992 872 2032 procuratores
901 1985 1081 2019 electores
1111 1984 1321 2018 successive
1355 1983 1447 2017 alios
1481 1983 1617 2028 eligant
1649 1994 1842 2028 quousque
1874 1987 2129 2027 procuratores

254 2052 339 2087 novi
366 2051 581 2095 habeantur,
611 2064 657 2086 ne
686 2052 823 2086 utilitas
853 2052 1038 2086 societatis
1068 2051 1284 2085 retardetur.

1015 2145 1052 2169 De
1066 2145 1248 2177 eligendorum
1263 2143 1364 2168 ordine.

343 2216 442 2250 Talis
470 2223 588 2251 autem
618 2216 798 2251 ordinatio
833 2216 1050 2251 observetur
1083 2217 1120 2250 in
1155 2215 1229 2250 illis
1264 2216 1326 2262 qui
1355 2214 1444 2249 alias
1473 2214 1632 2248 officium
1662 2213 1904 2254 exercuerint,
1941 2212 2039 2257 quod
2074 2211 2126 2244 illi

256 2283 372 2330 primo
399 2282 581 2329 eligantur
606 2283 668 2329 qui
695 2283 810 2330 magis
837 2295 855 2317 a
882 2290 1046 2329 tempore
1071 2295 1144 2328 quo
1169 2282 1400 2316 exercuerint
1426 2281 1582 2315 officium
1610 2280 1742 2313 fuerint
1771 2278 1944 2325 elongati,
1971 2278 2042 2311 nisi
2064 2289 2128 2323 per

254 2350 463 2384 societatem
490 2349 548 2383 vel
574 2350 745 2395 majorem
774 2356 909 2395 partem
937 2349 1122 2383 societatis
1146 2361 1219 2382 non
1247 2360 1330 2382 esse
1354 2347 1487 2394 ydonei
1515 2347 1650 2380 suerint
1677 2346 1842 2391 reputati.
1873 2345 1909 2379 Si
1935 2351 2053 2378 autem
2083 2344 2127 2378 de

254 2416 328 2450 illis
347 2415 616 2462 antiquioribus
640 2415 712 2450 duo
740 2415 828 2450 alias
854 2415 1010 2449 officium
1039 2415 1147 2449 simul
1174 2414 1405 2449 exercuerint
1429 2413 1487 2447 vel
1514 2425 1641 2459 penam
1667 2412 1858 2453 solverint,
1884 2412 1920 2445 in
1941 2410 2126 2445 voluntate

254 2482 473 2529 eligencium
501 2489 558 2516 est
583 2482 721 2528 eligere
746 2481 843 2516 hunc
870 2481 928 2516 vel
954 2481 1069 2515 illum.
1100 2481 1155 2515 lui
1176 2487 1295 2515 autem
1325 2480 1388 2526 qui
1416 2479 1505 2514 alias
1535 2485 1790 2525 procuratores
1821 2490 1894 2511 non
1921 2478 2069 2511 suerunt
2095 2478 2126 2511 si

254 2549 393 2584 minora
413 2549 529 2583 officia
550 2549 792 2590 exercuerint,
812 2548 983 2582 videlicet
1002 2547 1175 2582 lecturam
1197 2548 1233 2581 in
1253 2535 1345 2589 aula,
1369 2546 1649 2592 preposituram,
1677 2552 1713 2579 et
1737 2545 1894 2578 officium
1917 2544 1954 2578 in
1974 2543 2125 2590 capella,

253 2622 409 2662 possunt
427 2615 678 2650 indifferenter
697 2615 785 2662 eligi
806 2614 1007 2649 secundum
1029 2614 1248 2660 eligencium
1270 2613 1529 2647 discretionem
1549 2619 1656 2658 atque
1677 2611 1912 2646 voluntatem.

804 2709 839 2733 De
854 2709 1013 2733 famulorum
1029 2716 1043 2732 ι
1059 2708 1149 2741 parvi·
1163 2706 1381 2740 procuratoribus
1395 2706 1566 2731 correctione.

341 2775 397 2810 Ad
430 2775 498 2810 ista
531 2782 649 2810 autem
685 2782 856 2809 tenentur
886 2774 1107 2822 generaliter
1136 2774 1296 2808 minores
1331 2779 1586 2819 procuratores
1620 2783 1761 2814 omnes,
1796 2771 1937 2805 scilicet
1970 2770 2125 2804 famulos

252 2842 438 2888 corrigere
467 2853 610 2876 necnon
639 2849 675 2876 et
703 2842 749 2876 de
780 2842 871 2888 ipsis
901 2841 1070 2875 ordinare
1101 2853 1165 2887 per
1196 2840 1292 2874 hunc
1323 2839 1468 2874 modum
1499 2839 1598 2885 quod
1628 2838 1698 2885 ipsi
1725 2838 1824 2872 omni
1851 2845 2015 2883 temporo
2042 2849 2122 2870 cum

253 2908 423 2955 personis
450 2908 508 2942 hic
538 2909 745 2951 nominatis,
773 2908 914 2943 scilicet
940 2908 1090 2950 lectore,
1119 2907 1318 2954 preposito,
1349 2906 1484 2940 clerico
1510 2905 1648 2952 capelle
1676 2912 1711 2939 et
1735 2905 1924 2939 sacerdote
1953 2903 2124 2937 ebdoma—

253 2972 365 3007 datiis
385 2972 464 3007 sine
484 2972 552 3007 alia
573 2972 836 3007 deliberatione
856 2973 1039 3007 sociorum
1067 2972 1220 3007 aliorum
1247 2972 1390 3018 possint
1415 2970 1473 3005 vel
1494 2971 1608 3016 major
1629 2982 1712 3016 pars
1733 2969 1975 3015 predictarum
1999 2979 2125 3013 perso·
