2580 3528
300 425 400 471 1229]
452 439 456 441 ‘
642 435 690 457 AB
723 434 829 456 Anno
863 433 941 456 uec
975 433 1108 462 usone
1142 433 1192 454 An
1227 432 1457 454 PHILIPPUM
1492 432 1532 454 1v
1567 432 1656 454 aas.
1693 433 1830 455 ruane.
2115 424 2176 456 131

298 509 500 555 analogiam
529 508 702 554 effigiant,
734 507 920 553 organiste
946 506 1142 552 populares
1166 517 1275 539 aures
1304 505 1432 538 melliti
1453 505 1613 551 gutturis
1638 517 1777 551 organo
1806 506 2026 546 demulcent,
2049 507 2177 540 decre-

298 576 382 613 tiste
407 575 651 609 Justinianum
678 573 870 615 extollunt,
891 580 927 607 et
948 585 967 606 a
987 573 1099 606 latere
1125 572 1257 605 medici
1284 572 1474 618 predicant
1497 572 1704 606 Galienum.
1734 572 1865 605 Libros
1894 572 2089 613 naturales,
2115 573 2176 618 qui

299 643 444 676 fuerant
475 641 636 675 Parisius
670 640 878 686 prohibiti⁸‚
913 646 1085 686 poterunt
1117 639 1192 672 illic
1227 639 1353 672 audire
1384 639 1445 684 qui
1479 638 1608 672 volunt
1646 645 1773 672 nature
1809 639 1928 672 sinum
1964 639 2177 672 medullitus

299 708 532 755 perscrutari.
567 708 664 752 Quid
701 707 820 741 deerit
851 706 957 741 vobis
993 707 1129 752 igitur?
1166 705 1332 739 Libertas
1369 705 1584 739 scolastica?
1625 707 1872 751 Nequaquam,
1918 706 2000 750 quia
2040 705 2178 738 nullius

298 774 451 809 habenis
472 774 585 808 dediti
606 774 752 820 propria
774 773 982 820 gaudebitis
1002 772 1182 806 libertate.
1210 773 1267 806 An
1288 772 1423 806 timetis
1444 771 1615 805 malitiam
1638 771 1763 817 populi
1784 772 1960 805 sevientis
1981 771 2038 805 vel
2059 778 2179 817 tyran-

298 842 419 876 nidem
437 841 614 888 principis
634 841 827 886 injuriosi?
841 841 893 874 Ne
914 840 1084 881 timeatis,
1106 840 1190 885 quia
1210 839 1354 873 comitis
1371 839 1569 872 Tholosani
1591 838 1790 872 liberalitas
1812 838 1920 872 nobis
1937 839 2176 872 sufficientem

297 909 383 942 fecit
411 908 642 942 securitatem
672 914 709 941 et
737 907 782 941 de
812 907 943 941 salario
973 914 1100 940 nostro
1134 913 1170 940 et
1203 907 1248 940 de
1278 906 1526 940 servientibus
1555 906 1693 939 nostris
1723 905 1919 939 Tholosam
1944 905 2178 939 venientibus

299 982 335 1009 et
358 974 612 1009 redeuntibus.
643 974 749 1018 Quod
775 974 807 1008 si
836 974 1094 1007 detrimentum
1120 985 1242 1007 rerum
1269 985 1416 1006 suarum
1446 973 1627 1018 patiantur
1654 985 1719 1018 per
1746 984 1875 1006 manus
1906 973 2109 1018 predonum
2141 973 2178 1005 in

299 1042 462 1076 dominio
487 1042 643 1083 comitis,
670 1041 920 1075 malefactores
941 1047 1089 1075 nostros
1115 1040 1160 1074 ad
1185 1040 1469 1074 satisfactionem
1499 1047 1667 1085 tanquam
1697 1051 1762 1085 pro
1788 1039 2008 1073 Tholosanis
2035 1039 2178 1072 civibus

300 1121 365 1155 per
388 1109 486 1143 vires
510 1108 709 1142 Tholosani
733 1107 894 1154 capitolii
915 1114 1169 1153 persequetur.
1195 1107 1374 1140 Predictis
1397 1106 1515 1140 adhuc
1535 1106 1726 1148 adicimus,
1749 1106 1847 1152 quod
1869 1107 1964 1140 sicut
1988 1118 2179 1152 speramus

299 1176 477 1210 veraciter
506 1175 678 1209 dominus
704 1175 847 1221 legatus
873 1174 1068 1220 theologos
1098 1180 1134 1208 et
1162 1174 1378 1207 decretistas
1407 1173 1499 1207 alios
1528 1173 1646 1206 adhuc
1676 1172 1868 1206 advocabit
1896 1173 1940 1206 ad
1968 1179 2179 1219 augmenta-

299 1242 435 1276 tionem
457 1242 583 1284 studii,
604 1248 820 1287 tempusque
842 1240 1111 1282 determinabit,
1134 1252 1198 1286 per
1220 1240 1319 1286 quod
1339 1246 1504 1286 oporteat
1529 1239 1691 1273 scolares
1711 1239 1872 1273 Tholose
1895 1246 2044 1285 propter
2063 1239 2179 1272 indul-

299 1309 459 1355 gentiam
483 1308 712 1350 commorari,
735 1308 766 1341 si
796 1320 932 1341 moram
956 1307 1102 1340 illorum
1130 1319 1204 1340 non
1229 1307 1414 1352 impediat,
1438 1306 1536 1352 quod
1560 1308 1659 1340 Deus
1679 1313 1828 1346 avertat,
1851 1306 1912 1339 ille
1936 1307 2181 1352 prevaricator

299 1375 446 1409 invidus
476 1374 623 1408 humani
658 1374 821 1420 generis,
857 1381 896 1408 ut
928 1380 1199 1419 consequenter
1228 1373 1348 1406 locum
1377 1380 1412 1406 et
1437 1380 1584 1419 gentem
1615 1373 1743 1406 tollant
1777 1373 1928 1406 Romani
1964 1385 2028 1418 per
2059 1373 2180 1406 crucis

299 1441 486 1476 salutifere
516 1441 732 1487 triumphale
760 1441 973 1487 mysterium
1001 1440 1228 1474 dimicantes.
1260 1441 1313 1473 De
1338 1440 1418 1473 foro
1442 1451 1563 1473 rerum
1588 1439 1769 1474 venalium
1796 1440 1916 1485 fugata
1942 1440 2085 1473 caristia
2116 1451 2181 1485 per

300 1508 498 1554 predictam
520 1508 709 1554 percipere
737 1507 904 1553 poteritis
927 1507 1198 1549 certitudinem,
1220 1513 1256 1540 et
1280 1518 1392 1552 super
1416 1506 1483 1540 hec
1509 1513 1578 1540 tam
1600 1507 1692 1540 fame
1713 1518 1820 1551 quam
1847 1506 1981 1539 nuncio
2007 1506 2179 1546 credatis,

300 1582 337 1609 et
355 1574 427 1608 hiis
446 1574 637 1609 versibus:

814 1619 865 1643 Pro
879 1626 962 1651 parvo
978 1618 1077 1648 vinum,
1093 1627 1142 1651 pro
1157 1626 1241 1650 parvo
1256 1618 1334 1650 panis
1352 1618 1474 1646 habetur,

814 1663 865 1687 Pro
879 1671 963 1695 parvo
977 1671 1079 1692 carnes,
1096 1671 1145 1695 pro
1160 1671 1245 1695 parvo
1260 1662 1343 1695 piscis
1359 1666 1469 1686 emetur.

389 1762 442 1794 De
467 1760 668 1795 curialitate
696 1760 822 1806 populi
843 1773 916 1794 non
938 1767 994 1794 est
1020 1760 1374 1806 pretermittendum.
1395 1760 1551 1794 Videtur
1574 1760 1670 1793 enim
1696 1759 1754 1793 hic
1780 1760 1906 1793 facetia
1929 1759 2077 1792 curialis
2099 1771 2180 1792 cum

301 1827 427 1862 militia
447 1827 556 1862 simul
573 1834 609 1862 et
623 1839 704 1861 cum
721 1827 820 1861 clero
836 1827 959 1861 federa
981 1827 1181 1874 pepigisse.
1201 1827 1238 1861 Si
1258 1827 1450 1861 volueritis
1470 1827 1583 1873 igitur
1599 1826 1694 1860 bona
1710 1826 1812 1872 plura
1830 1839 1935 1872 quam
1955 1826 2181 1872 prediximus

300 1894 484 1937 admirari,
515 1901 662 1940 paterna
692 1894 920 1940 postponatis
949 1893 1126 1940 hospitia,
1157 1894 1264 1927 collis
1294 1894 1468 1927 manticas
1503 1894 1717 1935 maritando,
1749 1893 1840 1926 illud
1870 1892 2006 1926 morale
2042 1894 2180 1926 Senece

300 1961 577 2007 complectendo
598 1972 606 1995 z
625 1975 642 1993 «
664 1962 796 1995 Terras
821 1973 949 1995 omnes
976 1967 1143 2007 tanquam
1174 1972 1274 1994 incas
1302 1960 1450 2003 videbo,
1477 1972 1575 1994 meas
1605 1967 1774 2006 tanquam
1801 1960 1976 2001 omnium,
2004 1960 2056 1993 sic
2082 1959 2181 2005 quod

299 2028 415 2062 vivam
437 2028 541 2074 quasi
571 2028 681 2062 sciam
706 2027 788 2061 aliis
817 2040 874 2061 me
900 2034 1025 2061 notum
1047 2039 1147 2068 esse;
1166 2034 1223 2061 est
1238 2027 1335 2060 enim
1352 2027 1420 2061 alta
1440 2034 1615 2073 temptare
1636 2034 1672 2061 et
1692 2033 1812 2060 mente
1830 2028 1963 2072 majora
1985 2026 2180 2072 concipere

302 2106 361 2128 res
381 2094 520 2128 homini
541 2106 721 2141 generosa
741 2108 771 2127 ».

393 2179 522 2203 ,lobannis
546 2179 578 2203 de
597 2179 750 2208 Gai-lendin,
770 2179 812 2204 De
831 2179 986 2210 triumphis
1004 2179 1133 2205 ccclesiae
1156 2179 1222 2204 1ἰὸνὶ
1239 2183 1306 2208 octo,
1328 2179 1384 2203 Lib.
1405 2181 1419 2203 5
1440 2179 1466 2202 in
1487 2179 1545 2203 fine.
1568 2179 1614 2203 Ed.
1637 2180 1704 2203 from
1726 2179 1769 2202 the
1784 2179 1881 2211 unique
1902 2178 2068 2210 manuscript
2090 2178 2117 2201 in
2137 2178 2180 2201 the

301 2223 400 2247 Britinh
415 2223 535 2248 Muscam
549 2223 597 2248 Th.
609 2224 722 2256 Wright,
738 2224 854 2252 London,
871 2224 940 2252 1856,
956 2232 982 2256 p.
997 2225 1078 2248 96-98.
1094 2223 1163 2248 Bibl.
1179 2227 1233 2248 nat.
1251 2224 1338 2248 Paris.
1355 2232 1433 2247 nouv.
1450 2223 1550 2255 aequis.
1567 2231 1616 2247 ms.
1634 2224 1679 2247 lut.
1697 2224 1766 2251 1225,
1783 2232 1809 2255 p.
1828 2224 1866 2247 75.

395 2293 417 2319 1.
442 2294 584 2318 Romanus.
613 2294 678 2318 Vide
700 2295 732 2318 de
755 2294 832 2319 istius
854 2294 948 2318 mei-ito
971 2302 1035 2326 erga
1059 2294 1265 2319 Universitatem
1280 2295 1440 2319 Tolosanum
1464 2294 1571 2323 Denisse,
1596 2294 1646 2319 Die
1677 2294 1898 2319 Untversntaetm
1922 2295 1968 2318 des
1991 2293 2178 2321 Mittelalters,

302 2338 321 2367 Ι,
337 2339 383 2362 ³25
397 2346 456 2371 sqq.
470 2351 502 2356 —
516 2339 539 2362 2.
555 2338 713 2368 Achilleia„
729 2339 752 2368 2,
768 2339 822 2363 124.
840 2351 867 2356 —
883 2339 906 2362 3.
923 2339 962 2363 Cf.
978 2347 1061 2371 supra
1075 2343 1114 2362 κιο·
1130 2339 1168 2368 11,
1185 2340 1224 2363 20.

302 2486 381 2525 73.
404 2496 546 2531 Magister
562 2495 707 2522 lor-danus
729 2495 796 2523 ord.
817 2495 923 2523 Praed.
944 2496 1046 2524 scribit
1065 2498 1103 2532 fr.
1122 2497 1267 2534 Stephano
1286 2496 1459 2534 provinciali
1478 2495 1671 2523 Lombardiae
1686 2496 1722 2522 de
1744 2498 1841 2531 fructu
1853 2495 2085 2532 praedicationis
2105 2504 2178 2522 suae

396 2544 528 2572 Ver-cellis
543 2544 671 2580 habitae,
690 2545 739 2571 ubi
753 2545 930 2572 intraverunt
947 2545 1081 2572 Ordinem
1097 2545 1180 2572 multi
1194 2546 1335 2581 magistri,
1349 2546 1423 2572 inter
1444 2554 1515 2582 quos
1538 2545 1678 2571 Walter-us
1705 2545 1902 2580 ΤΙιειιιοιιίειι-ς,
1922 2553 1995 2571 unus
2011 2554 2047 2571 ex
2062 2544 2178 2581 optimis

390 2594 538 2629 magistris
551 2593 776 2621 Parisiemibus.

1667 2629 1735 2656 Anno
1751 2630 1828 2657 1229.

390 2705 515 2738 Frater
551 2703 721 2739 Jordanis
760 2705 848 2739 Ord.
885 2705 1156 2739 Predicatorum
1199 2716 1328 2739 servus
1363 2704 1503 2738 inutilis
1538 2703 1671 2738 dilecto
1706 2704 1743 2737 in
1778 2703 1926 2738 Christo
1970 2703 2044 2737 filio
2078 2704 2177 2738 fratri

301 2769 484 2816 Stephano
515 2771 626 2817 priori
658 2771 870 2818 provinciali
898 2771 1114 2806 Lombardie
1144 2771 1298 2806 salutem
1326 2778 1500 2805 eternam.
1530 2771 1641 2814 Quasi
1667 2771 1711 2804 ad
1737 2771 1895 2805 sonitum
1923 2770 2001 2804 solii
2022 2777 2176 2805 vestram

300 2836 345 2871 ad
384 2849 538 2883 presens
575 2838 835 2873 conscientiam
874 2838 1019 2873 intueor
1057 2839 1261 2885 expavisse,
1297 2838 1383 2872 dum
1417 2838 1715 2872 constitutionem
1750 2837 1866 2879 illam,
1901 2850 1970 2883 qua
2006 2837 2178 2871 mulieres

301 2903 459 2946 tonderi,
487 2904 590 2938 indui
616 2905 674 2939 vel
700 2905 745 2939 ad
772 2905 1041 2952 professionem
1068 2906 1181 2952 recipi
1211 2905 1383 2940 fratribus
1411 2904 1639 2951 prohibetur,
1670 2905 1707 2938 in
1736 2905 1978 2951 prejudicium
2009 2916 2175 2938 sororum

303 2969 432 3007 sancte
459 2970 615 3017 Agnetis
643 2971 793 3006 creditis
827 2984 910 3006 esse
939 2972 1080 3014 factam,
1111 2972 1305 3007 credentes
1334 2972 1561 3018 quorundam
1588 2971 1746 3017 spiritui,
1769 2971 1831 3016 qui
1858 2971 1894 3004 in
1922 2970 1986 3004 hac
2013 2977 2112 3016 purte
2133 2982 2177 3003 ex
