2580 3528
196 423 199 427 *
251 409 348 450 1257]
588 419 635 440 ΑΒ
669 418 775 440 nmo
810 418 888 440 uec
922 417 1054 446 usous
1090 419 1138 440 An
1174 418 1403 441 {nnmerum
1439 419 1478 441 iv
1513 421 1601 442 ass.
1641 421 1778 443 muse.
2056 414 2121 446 359

249 493 443 527 Dominum
474 504 542 538 pro
569 492 660 538 ipsis
687 491 987 537 persecutoribus
1012 503 1206 525 exoremus
1300 493 1569 526 Recommendo
1598 494 1703 526 etiam
1732 493 1836 527 vobis
1863 495 2122 528 affectualiter⁸

247 560 434 593 dominum
469 560 660 605 H'ugonem
693 557 927 599 cardinalem,
966 558 1220 592 fidelissimum
1255 571 1295 591 ac
1334 559 1581 592 necessarium
1616 560 1768 593 amicum
1800 560 1950 594 Ordinis
1985 562 2045 606 qui
2086 563 2120 594 in

246 626 405 672 negotiis
425 625 577 659 Ordinis
601 625 824 658 defferendis
851 631 885 658 et
913 625 1172 670 promovendis
1193 625 1467 670 infatigabiliter
1490 632 1526 659 et
1551 625 1776 671 perutiliter*
1806 634 2032 671 persevcrat3
2060 628 2120 672 qui

247 693 351 727 etiam
377 704 442 726 sua
466 692 651 738 presentia
677 691 882 737 Capitulum
911 698 1076 725 nostrum
1103 691 1254 725 multum
1279 691 1483 734 honoravit,
1506 700 1540 726 et
1565 692 1775 726 consolatus
1803 699 1859 726 est
1886 705 1958 726 non
1984 694 2123 726 medio-

246 759 356 793 criter
379 758 489 792 corda
514 759 662 792 fratrum
750 759 877 792 Datum
906 758 1100 797 Florentie,
1124 758 1160 791 in
1186 758 1354 804 Capitulo
1380 759 1557 804 generali,
1578 771 1673 793 anno
1694 759 1840 793 Domini
1861 760 2118 794 M⁰CC⁰1.V11⁵.

339 857 386 881 Hs.
408 857 482 881 Rom.
498 857 580 889 Capp.
597 857 713 889 general.
729 856 792 881 ord.
809 835 901 881 l>raed.
929 857 962 880 ad
984 856 1047 881 ord.
1068 857 1211 888 pertinens.
1235 857 1313 880 Deest
1336 856 1362 880 in
1384 857 1570 889 compilatione
1592 857 1675 889 Capp.
1697 858 1812 889 general.
1834 857 1962 881 Bernardi
1983 858 2122 882 Guidonis.

247 901 321 926 Aah.
338 901 440 934 depart.
456 901 488 925 de
502 901 528 925 la
543 901 679 925 cote-d’or
694 901 799 933 (Dijon),
816 902 924 926 cartul.
941 902 988 925 des
1004 901 1192 930 Dominimins,
1210 902 1239 925 u.
1257 902 1312 929 221,
1329 902 1374 926 fol.
1392 902 1444 925 1:35.

340 986 362 1009 1.
381 994 393 1009 α
409 985 447 1009 Ad
461 985 576 1017 patriam
591 994 603 1008 ν
619 994 670 1009 om.
687 994 736 1009 ms.
754 986 826 1010 Rom.
838 999 869 1003 -
884 987 907 1009 2.
925 994 936 1008 a
952 986 1091 1009 Promotus
1109 994 1120 1008 ν
1136 994 1185 1009 ms.
1197 986 1271 1010 Rom.
1287 1000 1318 1003 —
1333 987 1356 1009 ³.
1375 995 1387 1009 (ι
1403 986 1581 1010 Affectualiter
1597 994 1608 1009 a
1625 994 1676 1009 om.
1693 987 1767 1010 Rom.
1779 1000 1810 1004 —
1827 988 1850 1010 4.
1869 995 1881 1009 s
1897 987 1929 1010 Et
1942 987 2092 1019 perutiliter
2108 996 2120 1011 ν

244 1039 297 1054 om.
316 1031 389 1055 Rom.
404 1043 436 1048 -
453 1033 475 1054 5.
492 1030 529 1054 Ad
551 1033 642 1062 patres
665 1030 826 1062 capitulares
848 1030 996 1054 Florentiae
1019 1033 1194 1062 congregatos
1218 1030 1327 1062 scripsit
1348 1031 1421 1054 card.
1444 1031 1522 1063 lingo
1537 1031 1687 1062 epistolam,
1711 1031 1739 1054 in
1759 1039 1811 1063 qua
1835 1031 1961 1055 Ordinem
1983 1032 2121 1064 redarguit

245 1078 354 1107 propter
367 1075 470 1107 aliquos
485 1074 691 1107 praedicatores,
709 1075 755 1107 qui
771 1083 782 1098 c(
799 1075 893 1098 docent
906 1075 976 1106 quod
991 1075 1120 1102 nesciunt,
1137 1078 1260 1098 asserunt
1275 1075 1345 1107 quod
1361 1075 1492 1106 ignorant,
1509 1075 1578 1098 unde
1592 1076 1671 1107 plura
1682 1075 1855 1099 suboriuntur
1870 1077 1995 1100 scandula
2010 1080 2036 1100 et
2050 1077 2121 1100 cadit

243 1119 270 1144 in
285 1119 386 1143 ordinis
402 1119 539 1143 infamiam
554 1121 666 1143 fratrum
681 1119 855 1151 opprobrium
876 1128 898 1147 ιι,
916 1123 963 1144 etc.
982 1128 994 1142 ε(
1010 1119 1160 1143 Concursus
1175 1119 1255 1143 etiam
1276 1121 1388 1143 fratrum
1402 1120 1436 1143 ad
1455 1120 1529 1144 Rom.
1550 1119 1651 1143 curiam
1671 1123 1761 1144 notam
1780 1120 1963 1144 dissolutionis
1979 1121 2080 1145 inducit

245 1165 314 1188 fame
327 1172 431 1196 quoqne
446 1163 582 1196 religionis
598 1172 649 1187 non
663 1164 796 1188 modicum
811 1164 963 1195 derogatur,
979 1172 1038 1187 cum
1054 1164 1124 1188 sicut
1138 1164 1218 1188 vestri
1234 1164 1414 1196 dogmatizant
1427 1164 1584 1193 adversarii,
1601 1165 1664 1188 illuc
1679 1165 1780 1189 versari
1795 1165 1916 1194 debeant,
1933 1165 1976 1197 qui
1993 1166 2118 1190 mollibus

244 1208 392 1233 vestiuntur
407 1217 429 1237 n,
444 1211 492 1233 etc.
510 1208 579 1238 (vide
593 1216 675 1240 supra
695 1212 725 1231 n⁰
746 1209 808 1240 256).
831 1208 893 1232 cod.
910 1208 1046 1232 continens
1062 1208 1249 1240 Mag-istrorum
1265 1208 1328 1232 Ord.
1346 1209 1439 1232 Praed.
1455 1208 1620 1240 aliorumque
1639 1209 1775 1241 epistolas,
1794 1210 1812 1237 l,
1829 1211 1868 1237 67,
1885 1210 1917 1233 nd
1938 1210 2000 1234 Ord.
2023 1211 2117 1234 Prned.

243 1253 387 1286 pertinens,
402 1255 428 1276 ct
443 1252 552 1277 Canul.
568 1253 614 1276 des
630 1252 808 1276 Dominicnins
824 1252 878 1280 eit..
897 1253 940 1276 sol.
957 1254 988 1276 95
1003 1261 1041 1284 sq.

242 1459 355 1497 312.
377 1467 545 1495 Alexander
563 1469 579 1494 1
586 1469 608 1495 V
620 1467 782 1503 Reginaldo
804 1468 937 1505 episcopo
959 1468 1054 1494 Paris.
1079 1469 1289 1494 exsecutionem
1305 1470 1444 1503 praecipit
1459 1478 1564 1503 eorum,
1587 1479 1662 1505 quae
1681 1479 1700 1496 α
1719 1470 1788 1496 sede
1812 1472 1974 1502 apostolica
1990 1470 2026 1497 de
2044 1473 2116 1505 [ναι.

329 1516 586 1544 praedicatoribus
601 1521 629 1543 et
645 1516 804 1543 Minoribus
819 1516 847 1543 in
863 1517 1035 1543 consortium
1051 1518 1253 1552 magistrorum
1269 1517 1363 1544 Paris.
1379 1518 1553 1554 recipiendis
1568 1522 1681 1545 statuta
1696 1521 1821 1553 fuerant.
2106 1510 2108 1512 Ι

1500 1622 1578 1651 1257,
1593 1622 1657 1648 dulit·
1669 1622 1707 1652 u,
1722 1622 1829 1649 riter-bia:

330 1694 536 1729 Alexander
568 1695 764 1740 episcopus
799 1706 928 1728 servus
962 1706 1151 1729 servorum
1186 1696 1253 1729 Dei
1286 1695 1486 1730 venerabili
1519 1697 1619 1730 fratri
1653 1723 1672 1730 ..
1710 1697 1884 1743 episcopo
1919 1699 2116 1733 Parisiensi

241 1761 395 1796 salutem
424 1767 460 1795 et
491 1760 727 1807 apostolicam
761 1761 1068 1795 benedictionem.
1105 1762 1196 1796 Cum
1226 1762 1404 1797 adversus
1433 1763 1657 1809 provisionis
1692 1771 1816 1798 nostre
1849 1765 2115 1800 ordinationem

242 1827 438 1870 salubrem,
473 1840 545 1874 que
579 1829 694 1874 Quasi
725 1828 863 1874 lignum
895 1828 968 1863 vite
1000 1829 1140 1875 incipit,
1176 1841 1288 1875 super
1321 1836 1416 1863 statu
1450 1830 1669 1864 parisiensis
1708 1831 1820 1864 studii
1859 1839 1894 1865 et
1929 1833 2117 1868 nonnullis

241 1894 404 1929 articulis
429 1894 522 1928 illud
550 1893 850 1941 contingentibus
877 1894 1014 1928 dudum
1044 1895 1089 1928 de
1118 1896 1268 1929 fratrum
1298 1903 1506 1930 nostrorum
1537 1897 1692 1931 consilio
1724 1898 1987 1944 promulgatam
2016 1911 2116 1933 secu-

242 1960 337 1994 lares
357 1961 520 2007 magistri
546 1967 589 2007 et.
605 1960 767 1995 scolares
791 1961 1020 1995 Parisienses
1046 1973 1112 2008 per
1136 1962 1262 1996 duram
1290 1962 1504 1996 rebellionis
1524 1964 1786 1998 contumaciam
1808 1965 1844 1998 in
1869 1971 2116 2011 contemptum

242 2028 432 2073 potestatis
451 2026 651 2074 apostolice
670 2027 900 2062 calcitrantes
920 2040 964 2062 ex
984 2029 1062 2074 ipsa
1081 2035 1206 2062 contra
1228 2029 1382 2063 dilectos
1403 2029 1499 2064 filios
1523 2031 1653 2064 fratres
1673 2030 1825 2065 Ordinis
1845 2032 2116 2066 Predicatorum

243 2093 459 2128 offensionis
485 2101 522 2128 et
546 2094 706 2128 scandali
733 2095 915 2129 materiam
942 2094 1161 2141 quibusdam
1185 2096 1230 2130 ad
1258 2095 1326 2129 hoc
1352 2103 1496 2130 ceteros
1523 2097 1786 2143 instigantibus
1815 2099 2117 2145 assumpsissent,

243 2158 387 2192 tandem
417 2164 501 2204 post
527 2157 654 2205 culpas
681 2158 801 2205 culpis
829 2159 989 2205 adjectas
1019 2167 1055 2194 et
1081 2167 1313 2206 contemptus
1341 2161 1613 2207 contemptibus
1639 2169 1873 2208 aggregatos,
1905 2164 2054 2197 nuntios
2083 2171 2117 2198 et

245 2230 500 2270 procuratores
520 2236 608 2259 suos
627 2225 671 2259 ad
691 2225 816 2259 sedem
837 2225 1072 2272 apostolicam
1094 2226 1335 2269 destinarunt,
1358 2239 1423 2273 per
1440 2239 1534 2273 quos
1554 2228 1598 2262 ad
1618 2229 1843 2262 excusandas
1864 2230 2117 2263 excusationes

240 2291 419 2337 ipsorum,
445 2290 580 2337 quibus
609 2303 649 2325 se
675 2292 817 2326 munire
843 2299 967 2326 contra
995 2293 1158 2339 predicte
1185 2293 1427 2328 ordinationis
1453 2294 1720 2329 observantiam
1747 2295 1984 2338 conabantur,
2011 2296 2115 2342 plura

241 2357 343 2391 suere
364 2357 549 2403 proposita
569 2369 688 2391 coram
710 2357 829 2391 nobis.
855 2359 931 2392 Nos
954 2370 1042 2392 vero
1067 2359 1122 2393 eis
1148 2359 1293 2405 plenius
1320 2360 1516 2394 intellectis
1541 2361 1795 2395 excusationes
1816 2368 1851 2395 et
1875 2362 2115 2408 allegationes

240 2435 280 2457 ac
307 2435 543 2469 quascunque
571 2423 834 2470 appellationes
861 2424 1024 2470 ipsorum
1054 2432 1222 2471 tanquam
1250 2426 1450 2466 illusoriae,
1479 2427 1621 2473 ineptas
1653 2434 1689 2461 et
1721 2428 1870 2462 frivolas
1900 2428 1945 2463 de
1975 2429 2114 2475 predic-

241 2495 358 2524 torum
392 2490 540 2524 fratrum
581 2497 789 2524 nostrorum
825 2490 981 2525 consilio
1018 2491 1240 2541 repellentes
1277 2493 1543 2527 sententialiter
1577 2493 1806 2528 decrevimus
1845 2494 2112 2530 ordinationem

241 2556 411 2602 prefatam
439 2563 475 2590 et
500 2556 620 2590 omnia
647 2569 718 2603 que
743 2557 976 2591 continentur
1003 2558 1039 2591 in
1067 2558 1145 2604 ipsa
1172 2559 1438 2604 compositione
1463 2566 1499 2593 et
1524 2559 1605 2594 aliis
1633 2561 1670 2594 in
1697 2561 1918 2595 contrarium
1946 2561 2113 2608 allegatis

241 2634 465 2669 nequaquam
487 2622 732 2666 obstantibus,
758 2623 802 2658 ab
822 2623 994 2658 omnibus
1014 2625 1199 2671 magistris
1219 2631 1256 2659 et
1275 2625 1479 2660 scolaribus
1500 2626 1661 2661 Parisius
1682 2627 1924 2662 existentibus
1944 2636 2112 2664 cessante

238 2689 526 2724 contradictione
554 2689 716 2736 qualibet
749 2690 891 2737 integre
920 2697 955 2724 et
984 2691 1244 2726 inviolabiliter
1277 2691 1479 2735 observari,
1514 2700 1549 2727 et
1581 2693 1780 2739 apostolica
1815 2695 2003 2741 rescripta,
2039 2708 2110 2741 que

238 2767 352 2802 super
376 2756 494 2803 ipsius
518 2756 760 2791 ordinationis
786 2757 1000 2792 executione
1028 2757 1084 2792 vel
1112 2757 1368 2793 observatione
1394 2759 1622 2805 processisse
1647 2767 1861 2803 noscuntur,
1889 2761 2024 2797 habere
2051 2762 2107 2796 sui

239 2821 384 2858 roboris
404 2822 620 2857 firmitatem.
643 2824 799 2870 Insuper
817 2824 1010 2858 adiciendo
1031 2825 1223 2859 statuimus
1244 2832 1283 2859 ut
1301 2825 1463 2860 scolares
1483 2838 1612 2861 omnes
1638 2833 1708 2861 tam
1730 2827 1896 2874 religiosi
1921 2828 1967 2862 de
1994 2828 2112 2875 prela-

240 2894 357 2924 torum
378 2901 527 2923 suorum
553 2889 698 2924 licentia
723 2890 884 2925 Parisius
909 2891 1023 2938 gratia
1048 2891 1160 2926 studii
1186 2891 1424 2938 quandolibet
1442 2900 1723 2937 commorantes,
1752 2906 1859 2940 quam
1880 2894 1987 2929 etiam
2007 2907 2113 2928 secu-

239 2954 347 2994 lares,
373 2954 593 3002 ubicumque
617 2956 812 2999 voluerint,
839 2956 1059 2995 lectionibus
1088 2958 1145 2992 vel
1171 2958 1482 3005 predicationibus
1510 2959 1717 2998 audiendis.
1745 2961 1823 2995 sive
1853 2960 2109 3006 questionibus
