2580 3528
429 363 493 395 108
1009 373 1328 396 cnam-uniamus
1362 373 1554 396 uuivsns.
1591 373 1720 395 rmus.
2209 364 2309 405 [1226

427 476 486 513 51
497 505 506 513 .
533 486 561 511 G.
576 486 658 522 prior
672 487 796 520 fratrum
812 490 840 512 et
853 495 983 512 sororum
1000 487 1026 512 S.
1045 487 1152 512 Lazari
1165 487 1261 512 Paris.
1279 490 1306 512 et
1321 490 1409 512 totum
1425 485 1584 522 capitulum
1599 486 1743 520 fratribus
1759 486 2016 512 Praedicatoribus
2032 486 2188 522 quamdam
2203 490 2309 513 terram

516 538 600 561 extra
614 538 728 571 portam
745 536 772 561 S.
790 535 891 561 Jacobi
906 535 1071 562 concedunt.

1525 572 1603 601 7226,
1617 579 1707 598 mense
1721 572 1852 602 danum-1¹0,
1868 571 1887 606 [
1887 572 1995 598 Parisiis
1995 571 2022 607 J.

517 647 648 679 Notum
680 647 727 679 sit
756 646 927 680 omnibus
957 646 1192 691 presentibus
1213 653 1248 679 et
1272 646 1405 679 futuris
1426 653 1619 691 presentes
1644 646 1783 680 litteras
1803 646 2100 692 inspicientibus,
2120 647 2218 692 quod
2239 659 2308 693 ego

428 713 472 746 G.
495 713 644 746 humilis
679 713 780 758 prior
811 713 962 746 fratrum
991 719 1027 746 et
1055 725 1223 746 sororum
1260 713 1380 746 Sancti
1415 713 1537 746 Lazari
1567 713 1680 746 Paris.
1710 719 1746 746 et
1773 720 1885 746 totum
1917 713 2114 759 capitulum
2142 721 2308 747 nostrum

427 780 665 813 concedimus
695 780 820 813 domui
848 780 968 813 Sancti
998 779 1122 813 Jacobi
1154 791 1224 824 que
1252 786 1309 812 est
1335 786 1417 812 ante
1446 780 1480 813 S.
1505 779 1726 825 Stephanum
1753 787 1788 813 et
1813 780 1987 813 fratribus
2014 780 2309 814 Predicatoribus

428 847 592 892 ejusdem
623 847 694 880 loci
724 854 855 880 terram
885 858 990 891 quam
1021 845 1198 879 habemus
1233 853 1331 879 extra
1361 851 1534 891 portam¹,
1569 858 1639 891 que
1674 846 1775 880 ducit
1807 847 1850 880 ad
1886 847 2050 880 Sanctam
2083 848 2230 880 Mariam
2264 847 2308 880 de

427 913 574 959 Campis
594 914 688 946 inter
714 925 857 946 murum
879 913 979 958 regis
1005 920 1041 946 et
1063 913 1205 946 vineam
1227 912 1434 946 cancellarii
1455 913 1695 947 Carnotensis
1716 913 1812 947 inter
1832 913 2008 947 turnellas
2029 914 2141 959 regis.
2169 914 2310 948 Conce-

427 981 547 1013 dimus
578 981 684 1013 etiam
715 980 878 1025 predicte
907 980 1031 1013 domui
1062 986 1098 1013 et
1125 979 1299 1013 fratribus
1338 979 1503 1025 ejusdem
1535 980 1666 1013 domus
1696 987 1842 1022 terram,
1880 992 1985 1026 quam
2011 980 2188 1014 habemus
2217 981 2310 1014 infra

427 1059 569 1080 murum
592 1047 705 1092 regis,
728 1047 869 1080 scilicet
889 1059 907 1079 a
929 1047 1037 1080 domo
1057 1046 1185 1080 decani
1207 1047 1327 1080 Sancti
1349 1046 1515 1090 Quintini
1536 1054 1670 1080 rectam
1691 1047 1824 1080 lineam
1845 1047 2030 1081 tendendo
2051 1047 2095 1081 ad
2116 1048 2309 1094 turnellam

427 1115 540 1159 regis,
562 1114 608 1147 ita
630 1114 728 1158 quod
750 1114 882 1147 domus
907 1114 1062 1158 predicti
1087 1113 1215 1147 decani
1236 1126 1366 1159 magna
1391 1120 1463 1147 tota
1485 1114 1533 1147 sit
1552 1113 1693 1148 inclusa
1714 1121 1748 1147 et
1770 1115 1817 1148 sit
1837 1121 1930 1148 meta
1955 1121 1991 1148 et
2010 1115 2189 1148 terminus
2209 1114 2309 1149 illius

427 1188 522 1214 terre
547 1193 565 1213 a
591 1180 699 1214 nobis
729 1192 906 1214 concesse
937 1167 1002 1226 pro
1031 1180 1162 1226 viginti
1191 1180 1298 1214 libris
1328 1181 1604 1223 Parisiensium‚
1631 1181 1679 1214 ita
1705 1181 1803 1226 quod
1828 1182 2011 1215 censivam
2038 1188 2074 1215 et
2097 1193 2247 1215 censum
2275 1189 2311 1216 et

426 1248 627 1280 dominium
652 1255 829 1281 terrarum
856 1247 1099 1293 predictarum
1128 1248 1228 1281 intus
1253 1254 1290 1281 et
1309 1254 1408 1281 extra
1433 1248 1470 1281 in
1491 1247 1663 1282 omnibus
1689 1260 1760 1293 que
1781 1248 1825 1282 ad
1846 1261 1914 1282 nos
1935 1249 2120 1294 pertinent
2139 1248 2254 1282 libere
2275 1256 2311 1282 et

426 1315 547 1360 quiete
582 1315 653 1360 ipsi
682 1321 715 1347 et
747 1326 984 1348 successores
1015 1315 1072 1348 sui
1102 1315 1327 1360 possideant.
1364 1315 1470 1358 Quod
1505 1322 1544 1348 ut
1573 1322 1689 1348 ratum
1724 1322 1760 1348 et
1792 1316 2053 1353 inconcussum
2088 1323 2308 1361 permaneat,

426 1381 550 1427 sigillo
572 1381 720 1427 capituli
741 1382 858 1414 nostri
880 1388 916 1414 et
935 1388 1063 1415 nostro
1084 1382 1214 1415 dictam
1237 1382 1515 1415 concessionem
1538 1382 1708 1415 duximus
1729 1382 1908 1416 roborari.
1931 1383 2062 1416 Actum
2082 1395 2177 1416 anno
2193 1383 2309 1428 gratie

426 1449 622 1482 millesimo
644 1448 896 1482 ducentesimo
917 1449 1092 1482 vicesimo
1112 1453 1162 1490 νο,
1179 1460 1305 1482 mense
1326 1449 1509 1490 Januario,
1533 1448 1768 1494 presentibus
1789 1449 1870 1482 istis
1885 1461 1892 1482 :
1907 1451 2062 1495 Hugone
2084 1450 2129 1483 de
2151 1451 2309 1484 Bruero-

425 1516 485 1548 liis
513 1516 688 1548 canonico
717 1515 929 1556 Parisiensi7
957 1515 1156 1549 Guillelmo
1184 1515 1408 1557 Pointlasne,
1437 1516 1612 1561 magistro
1639 1516 1809 1550 Guidone
1831 1516 1875 1549 de
1896 1517 2113 1558 Montefora,
2134 1516 2308 1550 Nicholao

426 1582 560 1615 clerico
582 1582 668 1615 dicti
691 1582 872 1627 Hugonis‚
894 1589 931 1615 et
950 1582 1118 1627 pluribus
1140 1582 1253 1615 aliis2.

520 1681 656 1712 Originnle
671 1681 696 1703 in
718 1680 794 1703 Arch.
817 1683 871 1704 nat.
888 1681 972 1704 Paris.
996 1681 1021 1704 S.
1042 1681 1113 1709 4229,
1134 1685 1164 1704 n⁰
1184 1682 1221 1704 56.
1244 1681 1393 1712 Supersunt
1412 1682 1463 1704 duo
1484 1681 1599 1705 taeniola
1619 1680 1829 1710 membranacea,
1847 1682 1888 1705 cui
1908 1690 2027 1714 appensa
2043 1686 2118 1706 erant.
2136 1683 2188 1706 duo
2208 1683 2306 1715 sigilla.

425 1725 501 1749 Circa
516 1726 625 1749 candem
641 1733 696 1749 rem
711 1728 797 1748 exstat
812 1725 942 1757 originale
956 1725 1106 1749 litterarum
1122 1725 1240 1757 ejusdem
1257 1729 1401 1749 conventus
1417 1726 1481 1750 ibid.
1498 1731 1528 1750 n⁰
1542 1727 1581 1754 45,
1597 1725 1660 1748 anni
1676 1725 1736 1749 1235
1751 1734 1840 1750 mense
1856 1727 1976 1758 Augusti.

520 1812 541 1834 1.
562 1811 626 1834 Erat
644 1814 722 1842 porta
739 1812 764 1834 S.
781 1811 883 1839 Jacohi,
899 1819 967 1842 quae
987 1811 1037 1834 isto
1057 1814 1176 1842 tempore
1195 1811 1275 1834 ctiam
1291 1811 1341 1834 sub
1356 1812 1462 1835 nomine
1476 1815 1570 1843 portae
1585 1812 1781 1836 Aurelianensis
1798 1815 1858 1836 nota
1879 1816 1943 1839 crat,
1961 1815 1990 1836 ut
2004 1815 2116 1844 apparet
2131 1821 2162 1836 ex
2180 1813 2309 1836 Processu

425 1856 631 1879 canonizationis
647 1856 672 1879 S.
689 1855 818 1879 Dominici
833 1856 859 1879 in
874 1857 933 1880 ΑΛ.
951 1856 1001 1880 SS.
1018 1855 1130 1887 Augusti
1146 1856 1165 1884 1,
1178 1856 1232 1884 638,
1249 1860 1278 1879 n⁰
1294 1857 1331 1879 29.
1350 1856 1436 1880 Minus
1448 1860 1564 1880 correcte
1579 1857 1717 1881 confundit
1732 1857 1821 1889 Linry,
1837 1857 1924 1882 Paris
1937 1861 1962 1882 et
1979 1863 2020 1882 ses
2036 1857 2193 1886 historiens,
2209 1865 2236 1889 p.
2253 1858 2307 1886 223,

426 1906 455 1924 n⁰
469 1902 492 1929 6,
508 1904 613 1932 portam
628 1900 842 1924 Aureliunensem
863 1909 922 1923 cum
941 1903 1018 1932 porta
1033 1900 1105 1924 Buci.
1119 1914 1146 1918 —
1158 1901 1180 1923 2.
1206 1900 1276 1924 Alias
1296 1901 1451 1924 donationes
1472 1910 1486 1925 a
1507 1902 1619 1925 diversis
1638 1906 1796 1934 receperunt.
1818 1903 1913 1926 fratres
1927 1902 2132 1940 'Praedicatores
2148 1902 2230 1934 April.
2247 1902 2309 1926 1228

425 1946 511 1977 (Arch.
528 1949 580 1969 nat.
598 1946 681 1969 Puris.
700 1945 725 1968 S.
741 1946 812 1974 4229,
829 1949 858 1968 n0
873 1945 926 1977 39);
943 1945 1037 1968 Martio
1052 1945 1110 1968 1231
1129 1945 1201 1975 (ibid.
1220 1949 1258 1968 n⁰³
1272 1946 1302 1968 42
1317 1948 1342 1969 et
1357 1947 1405 1976 l13),
1422 1950 1471 1971 etc.

427 2144 505 2180 52.
530 2153 671 2187 Magister
690 2152 835 2178 Jordanas
857 2153 950 2178 sorori
974 2152 1089 2178 Dianae
1114 2153 1272 2178 Bononiam
1293 2153 1371 2178 circa
1397 2153 1587 2189 receptionem
1611 2153 1788 2179 scholarium
1807 2154 2018 2180 Parisiensium
2035 2154 2064 2180 in
2083 2154 2188 2180 Ordine
2207 2154 2310 2181 scribit

519 2205 546 2228 el
563 2201 664 2228 bonum
679 2205 787 2227 statum
803 2205 954 2228 conventus
968 2201 1147 2227 Parisiensis
1163 2201 1276 2229 laudat.

1598 2239 1676 2269 7226.
1692 2239 1717 2265 in
1733 2240 1785 2265 fine
1799 2240 1891 2270 Martii,
1907 2240 2021 2266 Parisl'ls.

519 2315 642 2346 Frater
662 2313 831 2346 Jordanis
853 2313 931 2346 ord.
950 2313 1221 2346 Predicatorum
1244 2325 1373 2347 servus
1394 2313 1535 2347 inutilis
1557 2313 1689 2347 dilecte
1710 2313 1784 2347 filie
1806 2326 1871 2347 sue
1893 2315 2016 2360 Dyane
2038 2314 2190 2347 salutem
2209 2314 2245 2347 in
2264 2324 2307 2348 eo

429 2381 490 2425 qui
516 2387 572 2413 est
595 2379 757 2413 Salvator
782 2380 956 2413 omnium.
986 2379 1257 2413 Tribulationcs
1283 2387 1318 2413 et
1342 2381 1529 2426 angustias
1557 2381 1712 2414 civitatis
1736 2381 1902 2414 Bononie
1929 2388 1965 2414 et
1986 2393 2051 2426 per
2075 2392 2308 2426 consequens

430 2454 508 2480 tuas
536 2454 571 2480 et
606 2459 773 2480 sororum
802 2453 943 2479 tuarum
981 2459 1098 2492 nuper
1133 2447 1338 2480 audivimus
1375 2454 1411 2480 et
1442 2447 1640 2481 contristor
1670 2459 1713 2481 eo
1749 2447 2016 2490 vehementius⁷
2045 2460 2116 2493 quo
2147 2447 2223 2481 scio
2251 2459 2307 2481 me

429 2514 534 2547 vobis
561 2514 597 2546 in
627 2513 692 2546 hac
731 2520 829 2559 parte
862 2513 1001 2546 nullum
1034 2526 1143 2559 posse
1176 2514 1261 2547 darc
1293 2514 1488 2547 consilium
1519 2514 1576 2548 vel
1607 2514 1785 2557 levamen,
1815 2515 1887 2548 nisi
1922 2521 2094 2560 quantum
2129 2514 2307 2560 prodesse

430 2587 601 2626 poterunt
621 2580 805 2613 orationes
833 2580 903 2614 mei
926 2581 1127 2625 peccatoris
1149 2587 1184 2613 et
1203 2581 1351 2614 fratrum
1374 2588 1597 2624 nostrorum,
1620 2593 1709 2627 quas
1731 2593 1839 2627 spero
1860 2581 1898 2614 in
1918 2587 2117 2626 conspectu
2143 2581 2209 2613 Dei
2229 2581 2306 2614 fore

430 2647 635 2680 efficaces...
666 2646 757 2679 Nolo
784 2647 889 2679 etiam
921 2653 954 2679 te
980 2647 1165 2692 ignorare,
1195 2648 1398 2690 karissima,
1427 2648 1593 2693 gratiam,
1620 2660 1725 2693 quam
1746 2648 1830 2681 facit
1855 2648 2033 2680 Dominus
2061 2647 2195 2689 ordini,
2217 2659 2308 2692 quo-

432 2714 538 2747 modo
566 2714 695 2746 fratres
725 2713 840 2746 nostri
872 2720 1042 2746 crescunt
1072 2725 1223 2746 numero
1254 2721 1290 2747 et
1318 2715 1460 2747 merito.
1492 2716 1578 2747 Post
1606 2714 1793 2748 introitum
1825 2714 1920 2747 enim
1950 2720 2113 2747 nostrum
2145 2714 2306 2747 Parisius

431 2781 521 2814 infra
547 2787 701 2825 quatuor
727 2780 946 2825 septimanas
971 2791 1029 2812 xxl
1056 2780 1185 2813 fratres
1210 2781 1449 2822 intraverunt,
1475 2781 1567 2814 intra
1593 2793 1685 2826 quos
1712 2787 1813 2814 erant
1838 2792 1901 2814 sex
1922 2781 2085 2826 magistri
2106 2781 2250 2823 artium,
2272 2787 2308 2814 et

428 2848 487 2881 alii
510 2854 612 2880 erant
632 2846 811 2880 diotelarii
833 2853 868 2879 et
888 2846 1028 2879 habiles
1049 2847 1093 2879 ad
1114 2847 1280 2880 ordinem
1302 2854 1337 2880 et
1356 2854 1617 2893 competentes.
1641 2847 1819 2881 Dominus
1841 2848 2052 2893 episcopus¹
2076 2847 2181 2881 etiam
2207 2848 2306 2880 Pari—

428 2914 563 2948 siensis
591 2920 688 2947 tanto
718 2913 762 2946 ad
786 2913 916 2946 fratres
950 2920 1116 2947 movetur
1140 2913 1283 2955 affectu,
1313 2914 1410 2959 quod
1436 2914 1515 2959 ipse
1550 2914 1793 2959 personaliter
1822 2914 1865 2947 ad
1897 2926 2103 2948 sermonem
2139 2921 2303 2948 nostruin
