2580 3528
247 401 345 443 1279]
587 411 635 434 ΑΒ
667 411 774 434 ,sano
808 411 885 434 mcc
919 411 1051 439 usqua.
1085 411 1134 433 AD
1168 411 1397 434 PluLtPPUM
1432 411 1471 433 iv
1507 412 1595 434 asc.
1632 412 1769 434 ruane.
2059 403 2124 436 575

245 485 377 520 domus
409 484 668 519 monachorum
703 484 1015 526 Cluniacensium,
1045 484 1217 530 contigua
1247 485 1284 517 in
1313 485 1393 518 vico
1424 485 1544 518 Sancti
1578 485 1711 519 Cosme
1739 486 1891 531 grangie
1926 486 2119 519 Guillermi

227 550 385 594 ‘olearii,
405 558 442 586 et
464 551 590 586 domui
608 551 803 586 Guillermi
821 552 1039 598 Vingneron
1059 551 1097 584 in
1116 551 1196 585 vico
1222 551 1494 590 Lathomorum,
1516 551 1669 593 saisivit,
1691 558 1726 585 et
1746 552 1861 597 ipsos,
1884 553 2029 586 nomine
2051 565 2118 586 suo

242 625 280 653 et
303 619 488 653 sociorum
514 630 665 652 suorum
692 619 954 665 predictorum,
980 625 1048 652 tam
1075 618 1122 652 de
1146 618 1240 652 dicta
1265 618 1374 652 domo
1400 630 1506 664 quam
1534 618 1579 652 de
1606 618 1862 664 appendentiis
1887 619 2051 664 ejusdem
2080 620 2117 652 in

242 685 515 731 possessionem
542 686 675 731 posuit.
699 687 743 719 Et
765 685 832 719 hec
858 685 1030 719 omnibus
1050 692 1178 719 tenore
1198 686 1424 731 presentium
1443 685 1578 731 sigillis
1599 685 1737 718 nostris
1763 685 2003 731 sigillatarum
2031 686 2115 718 inti-

242 764 394 786 mamus.
411 753 541 786 Actum
561 765 656 786 anno
677 753 822 786 Domini
844 753 979 787 M⁰CC⁰
999 752 1271 798 septuagesimo
1293 764 1405 794 nono,
1421 752 1480 786 die
1501 752 1587 785 lune
1608 752 1644 785 in
1664 752 1766 785 seriis
1788 751 2114 786 Pentecostalibus.

334 837 471 870 Originale
486 837 514 861 in
526 838 603 862 Δηὼ.
620 837 742 862 Univers.
758 838 843 862 Paris.
858 838 935 862 theca
949 838 1027 866 XXII,
1042 837 1070 862 Ζ,
1086 838 1108 861 1.
1124 838 1148 861 6.
1164 837 1203 861 Ex
1216 837 1314 869 sigillis
1329 837 1393 861 olim
1407 837 1533 869 appensis
1549 840 1651 860 restant
1663 837 1749 861 adhuc
1767 838 1796 861 23
1809 837 1923 861 taeniola
1937 838 2113 861 membranae.

240 890 300 906 enm
314 882 448 915 aliquibus
464 882 619 914 fragmentis
639 882 798 914 sigillorum.
814 896 839 900 —-
854 882 993 911 Jourdain,
1012 886 1041 906 n0
1058 883 1111 906 257.

334 955 357 978 1.
376 954 440 978 Vide
457 962 539 986 supra
554 958 584 977 n⁰
597 954 652 978 ¹18⁹.

237 1067 351 1106 490.
376 1077 472 1103 Simon
486 1075 648 1103 cardinalis
663 1076 786 1112 legatus,
804 1076 986 1102 dissensione
1004 1080 1069 1102 orta
1089 1076 1164 1102 inter
1178 1076 1332 1111 magistros
1350 1075 1505 1110 facultatis
1520 1076 1626 1102 artium
1649 1085 1686 1102 ex
1701 1085 1759 1102 una
1771 1079 1858 1112 parte
1873 1080 1900 1102 el
1915 1077 2069 1111 magistros
2084 1077 2114 1103 in

327 1125 451 1153 decretis
465 1130 494 1152 et
507 1125 651 1152 medicina
665 1134 703 1152 ex
716 1125 820 1160 altera,
839 1125 1053 1161 inquisitionem
1069 1125 1186 1151 ordinat
1200 1125 1236 1152 de
1251 1124 1334 1151 modo
1349 1124 1542 1151 denuntiandi
1556 1125 1791 1160 congregationes
1804 1125 1964 1160 generales.

1425 1215 1499 1245 127⁹.
1514 1215 1623 1248 Augusti
1633 1216 1659 1244 ε,
1674 1214 1800 1250 [Parisiis
1800 1214 1826 1249 J.

327 1290 462 1336 Symon
490 1285 723 1324 miseratione
755 1290 877 1323 divina
904 1289 999 1323 tituli
1027 1290 1156 1323 Sancte
1181 1289 1318 1324 Cecilie
1346 1289 1528 1335 presbiter
1554 1289 1749 1323 cardinalis
1781 1289 1982 1335 apostolice
2010 1290 2110 1324 sedis

235 1357 379 1403 legatus
410 1356 580 1390 discretis
604 1356 694 1390 viris
719 1356 904 1402 magistris
930 1356 1067 1389 decano
1094 1356 1350 1397 Parisiensis',
1377 1363 1412 1390 et
1431 1343 1648 1398 GerxTasi0¹,
1675 1357 1965 1390 Cenomanensis
1993 1356 2110 1390 eccle-

235 1424 370 1459 siarum
395 1423 665 1465 archidiacono,
687 1422 840 1456 salutem
866 1422 903 1455 in
924 1423 1093 1456 Domino.
1118 1423 1205 1456 Orta
1225 1423 1363 1456 dudum
1384 1423 1569 1457 dissensio
1595 1423 1690 1456 inter
1711 1423 1906 1468 magistros
1931 1423 2110 1458 facultatis

234 1491 364 1526 artium
389 1502 434 1524 ex
457 1496 558 1536 parte
582 1502 666 1531 una,
687 1496 724 1523 et
747 1489 943 1535 magistros
970 1489 1007 1522 in
1034 1489 1193 1523 decretis
1220 1496 1256 1523 et
1282 1489 1461 1523 medicina
1488 1501 1532 1523 ex
1557 1489 1667 1523 altera
1695 1501 1807 1535 super
1834 1489 1941 1523 modo
1969 1490 2111 1523 denun-

234 1557 348 1592 tiandi
383 1557 532 1591 decanis
560 1557 818 1603 magistrorum
849 1556 1013 1602 ipsorum
1043 1557 1080 1590 in
1110 1556 1268 1590 decretis
1297 1563 1333 1590 et
1362 1556 1541 1590 medicina
1574 1556 1883 1602 congregationes
1917 1556 2109 1602 generales

234 1624 492 1671 magistrorum
526 1623 563 1657 in
597 1623 842 1658 Universitate
876 1623 1074 1657 Parisiensi
1109 1623 1329 1669 regentium,
1364 1635 1434 1669 que
1469 1623 1579 1657 certis
1613 1623 1733 1656 modis
1766 1630 1801 1656 et
1835 1623 2110 1657 conditionibus

235 1689 518 1738 precedentibus
537 1696 811 1724 consueverunt
830 1701 895 1736 pro
916 1696 1080 1736 tempore
1100 1690 1193 1732 fieri,
1215 1690 1283 1723 suit
1301 1689 1478 1724 hactenus
1498 1690 1665 1735 quadam,
1687 1696 1726 1723 ut
1745 1690 1891 1731 dicitur,
1914 1690 2109 1724 concordia

234 1758 500 1792 interveniente
537 1757 672 1791 sedata.
704 1757 766 1791 Set
794 1757 894 1803 pacis
923 1756 1044 1790 emulo
1078 1763 1296 1803 procurante
1326 1756 1537 1802 hujusmodi
1568 1763 1624 1790 est
1662 1757 1874 1790 resuscitata
1909 1756 2109 1799 dissensio,

233 1824 315 1860 aliis
342 1823 594 1859 asserentibus
620 1823 938 1858 denunciationem
964 1823 1175 1869 hujusmodi
1202 1835 1267 1869 per
1294 1830 1471 1857 rectorem
1497 1835 1562 1857 seu
1589 1823 1826 1870 magistrum³
1853 1823 2109 1857 Universitatis

233 1892 399 1939 ejusdem
422 1897 502 1925 actu
527 1897 715 1937 regentem
742 1890 984 1936 personaliter
1008 1902 1075 1924 sue
1096 1891 1243 1924 nomine
1263 1890 1463 1931 facultati53
1491 1890 1571 1924 aliis
1595 1902 1682 1925 vero
1708 1891 1875 1924 assertim
1901 1890 2109 1924 dicentibus

233 1970 307 1993 non
331 1970 397 2005 per
421 1965 598 1992 rectorem
623 1957 682 1992 vel
709 1958 936 2004 magistrum,
959 1957 1031 1992 nisi
1056 1957 1101 1991 de
1122 1957 1350 2003 beneplacito
1378 1957 1530 1991 rectoris
1556 1957 1729 2003 procedat
1755 1957 1935 2003 ejusdem,
1962 1964 2019 1990 set
2046 1969 2111 2003 per

231 2025 390 2072 aliquem
406 2026 567 2071 Juvatum
591 2025 848 2059 Universitatis
870 2024 1034 2070 predicte
1057 2023 1193 2058 debere
1216 2024 1295 2058 fieri
1323 2023 1477 2058 rectoris
1500 2024 1711 2058 auctoritate
1733 2024 1874 2070 prefati,
1897 2036 1936 2057 ac
1958 2023 2110 2057 decanis

233 2091 420 2127 sufficere*
446 2092 680 2138 supradictis,
706 2098 746 2126 ut
768 2091 814 2125 de
834 2090 1185 2137 congregationibus
1205 2091 1296 2137 ipsis
1317 2098 1353 2124 et
1378 2091 1422 2124 de
1447 2090 1623 2132 articulis,
1650 2102 1762 2136 super
1786 2090 1921 2136 quibus
1944 2090 2109 2124 faciende

232 2165 448 2201 noscuntur,
477 2158 726 2204 peraliquem
755 2158 801 2192 de
822 2158 954 2204 juratis
981 2158 1236 2192 Universitatis
1266 2157 1428 2204 predicte
1457 2164 1601 2191 constet
1628 2157 1780 2191 eisdem.
1807 2158 1898 2191 Cum
1925 2157 2039 2202 igitur
2065 2156 2109 2190 ad

233 2225 439 2260 instantiam
459 2225 614 2271 partium
635 2225 878 2271 predictarum
894 2224 1105 2270 hujusmodi
1125 2224 1372 2258 dissensionis
1393 2224 1580 2270 negotium
1602 2223 1814 2257 duxerimus
1830 2223 2107 2265 assumendum,

232 2298 270 2326 et
299 2291 345 2326 ad
377 2291 645 2338 expeditionem
675 2291 793 2337 ipsius
823 2298 921 2325 tanto
947 2291 1123 2325 libentius
1153 2291 1396 2333 intendamus,
1428 2297 1563 2336 quanto
1597 2303 1641 2324 ex
1675 2290 1887 2335 hujusmodi
1922 2289 2106 2322 discordia

232 2359 348 2404 majus
374 2357 574 2405 periculum
600 2358 764 2392 noscitur
788 2357 979 2391 imminere
1002 2369 1009 2391 :
1033 2369 1101 2391 nos
1125 2357 1171 2391 de
1195 2357 1264 2391 hoc
1289 2357 1455 2391 volentes
1479 2358 1574 2391 scire
1600 2356 1745 2403 plenius
1770 2356 1974 2395 veritatem,
1995 2367 2036 2389 ac
2061 2355 2106 2389 de

232 2425 410 2472 probitate
435 2431 555 2459 vestra
578 2423 720 2470 plenam
748 2424 785 2458 in
811 2424 966 2458 Domino
991 2423 1160 2458 fiduciam
1185 2423 1407 2465 obtinentes,
1434 2423 1647 2457 discretioni
1675 2430 1795 2457 vestre
1822 2435 1891 2468 qua
1918 2422 2106 2468 fungimur

230 2491 442 2526 auctoritate
467 2491 679 2525 mandamus
703 2491 875 2536 quatinus
899 2502 1010 2536 super
1031 2490 1180 2536 negotio
1200 2490 1281 2536 ipso
1302 2502 1367 2536 per
1386 2497 1499 2524 testes
1519 2490 1673 2523 idoneos
1699 2502 1717 2523 a
1745 2489 1850 2523 vobis
1875 2489 1919 2523 ad
1945 2489 2014 2522 hoc
2042 2501 2107 2535 per

229 2570 421 2593 censuram
459 2557 757 2600 ecclesiasticam,
791 2557 823 2591 si
857 2568 951 2603 opus
983 2557 1107 2598 suerit,
1140 2556 1430 2603 compellendos,
1465 2568 1558 2603 quos
1597 2568 1680 2603 pars
1719 2556 1885 2602 ejusdem
1925 2555 2104 2589 facultatis

229 2625 358 2660 artium
386 2625 598 2671 produxerit
622 2637 742 2658 coram
767 2623 888 2666 vobis,
909 2623 955 2658 ita
981 2623 1079 2669 quod
1104 2623 1331 2658 duodenario
1357 2622 1675 2669 producendorum
1702 2622 1847 2657 testium
1877 2634 2029 2656 numero
2058 2622 2105 2655 sit

228 2698 411 2734 contenta,
446 2691 527 2726 sine
559 2703 660 2725 more
694 2690 889 2736 dispendio
923 2690 1115 2736 inquiratis
1149 2689 1364 2736 diligentius
1397 2690 1599 2731 veritatem,
1634 2689 1901 2735 dispositiones
1940 2689 2101 2735 ipsorum

229 2758 375 2793 testium
396 2757 554 2793 fideliter
579 2758 616 2791 in
636 2757 783 2804 scriptis
809 2757 971 2791 redactas
997 2756 1104 2791 nobis
1125 2756 1194 2791 sub
1215 2756 1339 2803 sigillo
1363 2763 1486 2791 vestro
1511 2756 1675 2790 inclusas
1701 2756 1919 2802 quantocius
1946 2755 2102 2789 fideliter

229 2825 492 2859 transmissuri.
521 2825 600 2859 Dat.
635 2824 797 2858 Parisius
826 2823 934 2857 nonis
963 2823 1135 2869 Augusti,
1164 2823 1395 2869 pontificatus
1423 2822 1563 2857 domini
1591 2822 1729 2857 Nicolai
1759 2834 1849 2868 pape
1880 2822 1975 2856 tertii
2006 2833 2101 2854 anno

229 2889 406 2923 mundo.

322 2968 419 2994 Charta
434 2969 534 2993 insort-
549 2968 646 2993 littoris
659 2969 782 2993 officialis
796 2969 886 2993 curias
903 2969 1084 2993 archidiaconi
1099 2968 1266 2998 Pari-tenna,
1283 2975 1351 3000 quas
1366 2967 1496 3000 incipiunt
1511 2975 1516 2991 2
1542 2976 1554 2990 a
1571 2966 1709 2992 Univer-i·
1730 2970 1864 2999 presentes
1880 2966 1981 2989 littora·
1998 2965 2102 2996 inspec-
