2580 3528
512 409 575 441 504
1099 415 1415 438 εΗΜιτυιΑιηυΜ
1451 413 1640 435 UNIVERS.
1677 412 1804 434 PAms.
2291 404 2391 444 [1274

514 542 628 580 447.
657 552 831 578 Πηῐνενείιαε
854 552 1021 577 artistarum
1044 549 1203 575 Parisiens.
1227 547 1357 584 Capitulo
1376 547 1507 582 generali
1521 548 1644 580 fratrum
1660 546 1898 572 Praedicatorum
1918 546 1954 573 de
1975 546 2054 573 obitu
2079 546 2201 573 Thomae
2220 546 2256 573 de
2275 547 2389 583 Aquino

603 600 705 627 scribit
721 608 880 636 corpusque
896 603 922 626 et
938 599 1052 635 aliquos
1068 598 1156 624 libros
1170 597 1383 633 philosophicos
1399 595 1526 631 ejusdem
1540 595 1622 631 petit.

1730 671 1807 701 1274,
1823 671 1884 697 uait·
1894 672 1921 702 2,
1937 672 2050 698 Parisiis.

603 758 885 794 venerabilibus
912 758 948 790 in
974 757 1122 790 Christo
1149 755 1324 801 patribus,
1352 755 1527 800 magistro
1554 761 1589 787 et
1613 754 1899 799 provincialibus
1920 754 2070 788 Ordinis
2089 755 2238 789 fratrum
2263 755 2390 789 Predi-

516 834 675 860 catorum
697 838 736 858 ac
763 824 944 858 universis
971 823 1143 856 fratribus
1170 821 1404 867 congregatis
1430 821 1467 854 in
1492 820 1660 866 Capitulo
1686 820 1849 866 generali
1870 821 2040 867 Lugduni
2061 828 2180 855 rector
2200 822 2390 856 Universi-

515 894 596 926 tatis
632 892 848 925 Parisiensis
883 897 915 923 et
950 896 1205 935 procuratores
1238 889 1424 933 ceterique
1459 888 1624 933 magistri
1663 887 1824 921 Parisius
1858 894 1939 921 actu
1973 895 2144 934 regentes
2178 889 2216 921 in
2250 888 2389 923 artibus

515 959 665 992 salutem
688 959 724 990 in
746 970 788 990 eo
811 957 871 1002 qui
894 956 1089 990 salubriter
1109 956 1279 989 universa
1305 955 1469 1000 disponit
1494 961 1528 987 et
1556 954 1740 1000 sapienter
1760 954 1825 988 toti
1846 954 2014 1000 providet
2033 955 2218 989 universo.
2242 955 2390 1001 Singul-

515 1033 620 1058 tuoso
651 1024 807 1057 elamore
838 1023 948 1056 totius
980 1022 1134 1055 ecclesie
1165 1021 1372 1055 universale
1401 1021 1634 1066 dispendium
1664 1033 1808 1054 necnon
1835 1028 1871 1054 et
1896 1022 2115 1055 Parisiensis
2142 1021 2254 1055 studii
2280 1022 2389 1055 mani-

513 1092 639 1124 festam
669 1090 930 1123 desolationem
960 1088 1231 1122 lacrimabiliter
1259 1088 1530 1134 deplangimus,
1559 1095 1595 1121 et
1623 1088 1680 1121 his
1708 1087 1839 1121 diebus
1867 1087 2115 1134 preelegimus
2142 1089 2179 1121 in
2205 1088 2388 1122 communi

515 1170 587 1191 non
615 1157 794 1190 immerito
823 1156 1026 1201 deplorare.
1057 1157 1148 1197 Heu,
1178 1156 1260 1200 quis
1288 1155 1349 1188 det
1373 1155 1495 1197 nobis,
1521 1162 1560 1188 ut
1587 1162 1840 1200 representare
1866 1155 2051 1201 possimus
2076 1156 2232 1189 Jeremie
2257 1155 2388 1189 lamen-

514 1232 601 1265 tum,
631 1224 726 1269 quod
749 1235 856 1268 supra
878 1222 1025 1256 solitum
1047 1223 1193 1255 modum
1224 1222 1260 1254 in
1287 1228 1429 1255 mentes
1455 1222 1631 1267 deinceps
1658 1221 1889 1268 singulorum
1919 1222 2116 1255 inauditam
2142 1222 2290 1255 ectasim
2311 1234 2389 1256 cau-

514 1303 597 1324 sans
619 1297 653 1323 et
673 1289 955 1322 inextimabilem
978 1295 1163 1334 stuporem
1181 1288 1381 1330 adducens,
1404 1288 1548 1321 demum
1567 1288 1748 1322 viscerum
1766 1295 1975 1321 nostrorum
1993 1288 2166 1321 interiora
2182 1287 2387 1330 transfodit,

514 1364 547 1390 et
569 1357 671 1402 quasi
691 1356 846 1389 letaliter
867 1355 1029 1388 cordium
1058 1356 1181 1388 intima
1208 1355 1434 1400 penetravit?
1459 1356 1640 1397 Fatemur,
1663 1355 1761 1400 quod
1782 1355 1841 1388 vix
1861 1355 2024 1388 valemus
2044 1355 2267 1400 exprimere3
2289 1366 2390 1388 amor

515 1424 608 1457 enim
636 1423 797 1464 retrahit,
824 1423 889 1455 sed
917 1422 1022 1455 dolor
1050 1429 1084 1455 et
1110 1422 1308 1455 vehemens
1337 1422 1503 1468 angustia
1532 1422 1654 1455 dicere
1680 1433 1748 1455 nos
1774 1421 1973 1467 compellit,
2001 1434 2044 1454 ex
2070 1421 2254 1454 communi
2273 1421 2388 1455 relatu

513 1497 548 1523 et
567 1497 666 1523 certo
688 1502 832 1522 rumore
859 1489 1054 1522 multorum
1083 1477 1150 1522 nos
1177 1489 1285 1530 scire,
1312 1489 1498 1522 doctorem
1525 1488 1772 1522 venerabilem
1799 1489 1945 1521 fratrem
1973 1487 2146 1521 Thomam
2173 1488 2217 1521 de
2241 1486 2388 1533 Aquino

513 1556 556 1589 ab
585 1556 653 1589 hoc
684 1556 807 1589 seculo
837 1556 951 1589 fuisse
980 1556 1178 1589 vocatum⁴.
1209 1556 1300 1599 Quis
1329 1562 1455 1600 posset
1482 1555 1651 1589 estimare
1680 1555 1837 1589 divinam
1866 1554 2130 1600 providentiam
2160 1554 2387 1599 permisisse,

514 1623 653 1656 stellam
676 1623 883 1655 matutinam
904 1622 1190 1667 preeminentem
1216 1623 1253 1655 in
1280 1622 1431 1664 mundo,
1454 1621 1564 1667 jubar
1588 1622 1625 1655 in
1650 1621 1768 1655 lucem
1795 1621 1923 1663 seculi,
1945 1621 2067 1663 immo,
2090 1627 2130 1654 ut
2148 1621 2272 1654 verius
2293 1620 2389 1654 dica-

514 1701 608 1731 mus,
630 1690 806 1722 luminare
828 1690 956 1733 majus,
980 1689 1077 1734 quod
1099 1696 1242 1734 preerat
1263 1689 1348 1731 diei,
1372 1701 1460 1722 suos
1482 1689 1605 1722 radios
1627 1689 1849 1722 retraxisse?
1868 1687 1978 1721 Plane
1999 1700 2072 1721 non
2092 1686 2389 1721 irrationabiliter

508 1756 714 1801 judicamus
740 1756 854 1789 solem
883 1768 988 1789 suum
1014 1768 1207 1789 revocasse
1234 1756 1415 1801 fulgorem
1445 1763 1480 1789 et
1504 1767 1651 1801 passum
1678 1755 1792 1789 fuisse
1820 1755 2051 1788 tenebrosam
2077 1766 2116 1787 ac
2142 1754 2388 1800 inoppinatam

513 1823 691 1868 eclipsim,
714 1823 798 1855 dum
820 1823 884 1855 toti
911 1822 1066 1856 ecclesie
1092 1823 1179 1855 tanti
1201 1822 1411 1868 splendoris
1437 1823 1562 1856 radius
1584 1829 1640 1856 est
1661 1822 1880 1856 subtractus.
1908 1823 1952 1855 Et
1971 1821 2056 1855 licet
2081 1833 2154 1854 non
2175 1821 2389 1866 ignoremus

512 1889 737 1922 conditorem
766 1896 892 1922 nature
923 1890 1041 1934 ipsum
1071 1890 1135 1922 toti
1166 1890 1301 1922 mundo
1330 1890 1374 1922 ad
1402 1896 1545 1935 tempus
1574 1889 1725 1934 speciali
1752 1888 1946 1934 privilegio
1968 1888 2212 1929 concessisse,
2234 1886 2388 1920 nichilo-

512 1956 631 1989 minus
653 1957 683 1989 si
704 1956 934 2001 antiquorum
957 1956 1259 2001 philosophorum
1283 1955 1559 1989 auctoritatibus
1579 1955 1758 1989 vellemus
1782 1955 1901 1997 inniti,
1929 1967 2011 1988 eum
2035 1953 2227 1988 videbatur
2247 1953 2387 1999 simpli-

512 2023 601 2055 citer
627 2023 794 2067 posuisse
823 2029 948 2055 natura
974 2023 1018 2055 ad
1047 2022 1303 2055 elucidandum
1331 2023 1448 2067 ipsius
1479 2022 1631 2055 occulta.
1660 2023 1704 2055 Et
1730 2033 1794 2055 cur
1823 2022 1957 2054 frustra
1983 2033 2079 2054 nunc
2104 2020 2227 2054 verbis
2253 2019 2386 2054 talibus

513 2089 772 2122 immoremur?
800 2091 903 2131 Eum,
934 2101 1039 2134 quem
1069 2102 1086 2122 a
1113 2096 1236 2122 vestro
1264 2089 1421 2134 collegio
1443 2089 1606 2134 generali
1628 2088 1795 2134 Capitulo
1815 2095 1938 2122 vestro
1960 2088 2167 2121 Florentie²
2188 2086 2384 2129 celebrato,

511 2155 595 2188 licet
622 2156 908 2200 requisissemus
936 2155 1125 2196 instanter,
1154 2154 1245 2200 proh
1275 2155 1392 2196 dolor,
1423 2167 1495 2188 non
1524 2155 1708 2200 potuimus
1729 2154 1895 2188 obtinere
1922 2161 2040 2188 tamen
2066 2154 2110 2187 ad
2137 2153 2223 2187 tanti
2248 2153 2384 2195 clerici,

513 2223 597 2255 tanti
620 2223 743 2267 patris,
768 2223 853 2255 tanti
880 2222 1042 2255 doctoris
1067 2222 1291 2263 memoriam,
1320 2234 1394 2254 non
1419 2222 1619 2255 existentes
1644 2222 1791 2267 ingrati,
1814 2222 1982 2255 devotum
2009 2221 2185 2254 habentes
2205 2220 2384 2262 affectum,

513 2301 617 2333 quem
652 2289 770 2322 vivum
803 2301 875 2321 non
910 2288 1095 2333 potuimus
1131 2287 1320 2330 rehabere,
1352 2288 1469 2333 ipsius
1494 2289 1567 2333 jam
1600 2288 1760 2321 defuncti
1795 2301 1812 2321 a
1846 2287 1951 2321 vobis
1986 2299 2069 2321 ossa
2101 2286 2287 2320 humiliter
2321 2297 2386 2332 pro

513 2355 665 2387 maximo
687 2367 836 2388 munere
859 2355 1098 2400 postulamus,
1122 2355 1291 2400 quoniam
1312 2355 1460 2387 omnino
1487 2362 1543 2388 est
1568 2355 1746 2388 indecens
1774 2362 1809 2388 et
1833 2355 2038 2400 indignum,
2061 2361 2100 2389 ut
2124 2354 2234 2387 altera
2262 2352 2386 2396 [natio]

513 2428 572 2453 aut
592 2421 683 2453 alius
704 2421 819 2462 locus,
843 2434 947 2466 quam
970 2422 1131 2454 omnium
1159 2422 1362 2454 studiorum
1389 2421 1620 2455 nobilissima
1647 2422 1866 2455 Parisiensis
1891 2422 2030 2463 civitas,
2054 2433 2123 2467 que
2144 2421 2263 2466 ipsum
2284 2419 2387 2465 prius

513 2487 691 2529 educavit,
722 2488 872 2521 nutrivit
898 2495 933 2521 et
962 2488 1062 2530 fovit,
1099 2495 1133 2521 et
1166 2488 1398 2533 postmodum
1431 2488 1474 2521 ab
1506 2488 1634 2522 eodem
1667 2488 1908 2522 nutrimenta⁸
1934 2495 1969 2522 et
2001 2487 2196 2521 ineffabilia
2229 2487 2387 2526 fomenta

515 2554 688 2597 suscepit,
711 2565 792 2586 ossa
813 2553 879 2586 hec
900 2554 1065 2587 humata⁴
1089 2561 1124 2587 et
1145 2555 1286 2600 sepulta
1309 2554 1439 2588 habeat
1459 2561 1494 2588 et
1520 2555 1690 2588 detineat.
1720 2555 1755 2588 Si
1783 2555 1877 2588 enim
1904 2554 2033 2588 merito
2061 2553 2213 2587 ecclesia
2242 2563 2326 2586 ossa
2352 2558 2388 2585 et

515 2618 686 2662 reliquias
717 2626 920 2652 sanctorum
951 2620 1115 2662 honorat,
1146 2621 1253 2654 nobis
1285 2633 1358 2654 non
1389 2621 1468 2654 sine
1499 2633 1605 2654 causa
1635 2621 1779 2655 videtur
1807 2621 2001 2655 honestum
2032 2627 2067 2654 et
2095 2626 2272 2660 sanctum,
2298 2617 2386 2652 tanti

515 2684 675 2717 doctoris
696 2697 828 2729 corpus
849 2686 885 2718 in
916 2693 1129 2731 perpetuum
1160 2687 1335 2720 honorem
1367 2687 1508 2730 haberi,
1539 2694 1579 2720 ut
1609 2689 1713 2733 cujus
1743 2688 1869 2721 famam
1900 2687 1995 2733 apud
2014 2699 2082 2720 nos
2103 2686 2236 2731 scripta
2256 2696 2386 2730 perpe-

515 2757 627 2791 tuant,
650 2751 812 2795 ejusdem
836 2763 1074 2796 perseverans
1102 2754 1274 2786 memoria
1300 2754 1487 2799 sepulture
1513 2755 1676 2800 ipsorum
1704 2754 1741 2787 in
1766 2754 1940 2788 cordibus
1960 2764 2217 2787 successorum
2242 2757 2387 2785 nostro-

515 2828 592 2848 rum
616 2816 773 2849 stabiliat
799 2817 877 2849 sine
906 2818 988 2850 fine.
1016 2819 1185 2852 Ceterum
1213 2827 1402 2865 sperantes
1431 2821 1529 2866 quod
1558 2821 1819 2867 obtemperetis
1846 2820 1954 2854 nobis
1983 2832 2064 2853 cum
2095 2819 2224 2852 effectu
2254 2819 2291 2851 in
2320 2817 2385 2851 hac

514 2883 688 2927 petitione
717 2883 858 2924 devota,
886 2883 1070 2917 humiliter
1100 2886 1347 2930 supplicamus
1375 2893 1415 2919 ut
1441 2899 1521 2920 cum
1553 2888 1707 2933 quedam
1739 2887 1872 2933 scripta
1901 2887 1945 2920 ad
1975 2885 2251 2935 phylosophiam
2281 2896 2385 2930 spec-

514 2949 634 2990 tantia,
663 2949 822 2982 Parisius
844 2949 1006 2982 inchoata
1031 2950 1074 2983 ab
1100 2963 1156 2992 eo,
1179 2964 1248 2996 que
1276 2953 1312 2984 in
1340 2965 1405 2985 suo
1434 2954 1606 2987 recessu⁵
1632 2954 1822 2999 reliquerit
1846 2953 2068 2999 imperfecta,
2097 2959 2133 2985 et
2158 2952 2276 2998 ipsum
2306 2962 2386 2984 cre-
