2580 3528
487 408 558 441 ·548
1084 417 1398 440 cnmvrnLARmM
1433 416 1621 438 nmvnns.
1658 415 1785 438 mais.
2267 406 2365 447 [1277

582 493 636 525 77.
664 492 769 534 Quod
790 492 820 525 si
843 499 941 525 esset
960 492 1078 536 aliqua
1100 491 1299 524 substantia
1322 496 1498 535 separata,
1526 501 1595 534 que
1622 501 1695 522 non
1721 496 1883 523 moveret
1908 489 2055 535 aliquod
2081 502 2215 535 corpus
2240 490 2276 523 in
2297 490 2365 524 hoc

493 558 629 591 mundo
650 558 831 598 sensibili,
854 571 925 591 non
947 558 1177 591 clauderetur
1198 558 1233 589 in
1255 557 1438 589 universo.

582 630 635 662 782
663 630 768 671 Quod
790 629 991 662 substantie
1014 629 1234 673 sempiterne
1257 634 1419 672 separate
1441 639 1459 659 a
1481 627 1627 660 materia
1649 627 1781 660 habent
1804 627 1953 668 bonum,
1976 628 2073 673 quod
2095 635 2151 661 est
2171 628 2224 661 eis
2246 629 2365 674 p'ossi-

492 695 578 736 bile,
602 708 679 728 cum
706 696 967 740 producuntur,
992 707 1057 727 nec
1079 695 1288 727 desiderant
1307 693 1459 738 aliquid,
1482 706 1553 738 quo
1576 701 1710 727 carent.
2256 696 2258 700 ’

581 767 633 800 79.
662 767 766 809 Quod
789 766 991 799 substantie
1013 773 1176 810 separate
1198 771 1280 797 sunt
1303 776 1366 797 sua
1389 765 1560 806 essentia,
1584 765 1666 810 quia
1692 765 1729 797 in
1755 765 1808 798 eis
1835 765 1929 798 idem
1953 771 2007 798 est
2029 777 2100 810 quo
2121 772 2190 807 est,
2212 772 2248 799 et
2266 766 2364 811 quod

491 832 593 864 estu.

579 904 633 936 80.
661 903 765 945 Quod
792 915 910 942 omne,
939 903 1035 947 quod
1063 915 1135 934 non
1160 902 1265 935 habet
1288 903 1487 944 materiam,
1515 910 1569 936 est
1594 909 1779 944 eternum3
1807 903 1903 948 quia,
1930 903 2029 948 quod
2054 915 2127 936 non
2152 910 2209 936 est
2231 899 2363 936 faetuin

491 981 554 1013 per
577 969 909 1001 transmutationem
933 969 1093 1009 materie,
1117 969 1218 1013 prius
1240 981 1312 1001 non
1334 969 1439 1002 suit⁶⁸
1463 981 1470 1002 ε
1494 981 1583 1014 ergo
1604 976 1661 1002 est
1680 976 1846 1002 eternum
1858 969 1897 1002 ⁴⁴.
2087 967 2089 969 ¹

577 1041 630 1072 81.
659 1040 777 1082 Quod,
810 1040 892 1084 quia
924 1040 1166 1085 intelligentie
1196 1052 1269 1072 non
1304 1040 1438 1074 habent
1468 1041 1666 1082 materiam,
1701 1042 1799 1074 Deus
1831 1053 1904 1074 non
1935 1047 2062 1086 posset
2089 1041 2208 1074 facere
2239 1040 2364 1085 plures

489 1106 650 1150 ejusdem
673 1107 807 1151 speciei
821 1106 859 1138 ⁴⁸.
2330 1106 2333 1108 ’

575 1178 629 1210 82.
657 1178 762 1220 Quod
784 1177 1025 1222 intelligentie
1048 1178 1258 1223 superiores
1281 1191 1353 1211 non
1375 1186 1461 1212 sunt
1485 1192 1591 1213 causa
1617 1180 1771 1224 alicujus
1797 1179 1967 1213 novitatis
1992 1179 2029 1212 in
2054 1179 2306 1221 inferioribus,
2327 1185 2363 1213 et

488 1244 584 1288 quod
607 1244 817 1288 superiores
839 1251 924 1277 sunt
944 1244 1182 1278 inferioribus
1203 1257 1310 1278 causa
1330 1252 1455 1279 eterne
1477 1247 1712 1292 cognitionis.
2340 1243 2343 1246 ’

574 1316 628 1348 83.
656 1315 762 1357 Quod
789 1315 1030 1360 intelligentia
1057 1316 1245 1361 perficitur
1271 1329 1290 1350 a
1317 1318 1392 1350 Deo
1421 1317 1457 1350 in
1485 1318 1688 1360 eternitate,
1715 1318 1798 1363 quia
1829 1318 2031 1351 secundum
2063 1325 2176 1351 totum
2208 1318 2363 1351 inmuta-

487 1381 571 1414 bilis
592 1388 660 1423 est,
682 1382 798 1414 anima
819 1389 936 1415 autem
958 1383 1026 1415 celi
1048 1395 1133 1416 non.

574 1454 628 1486 84.
656 1453 762 1495 Quod
783 1453 1023 1498 intelligentia
1046 1454 1175 1499 recipit
1194 1467 1213 1487 a
1234 1456 1310 1488 Deo
1333 1467 1415 1488 esse
1437 1468 1502 1501 per
1522 1456 1785 1502 intelligentias
1806 1456 1956 1490 medias.

574 1525 628 1557 85.
656 1524 763 1567 Quod
784 1525 934 1557 scientia
955 1525 1197 1571 intelligentie
1220 1539 1292 1559 non
1314 1526 1436 1560 differt
1455 1539 1473 1560 a
1494 1527 1696 1561 substantia
1717 1529 1815 1573 ejus,
1839 1527 1936 1561 ubi⁴⁰
1958 1528 2054 1560 enim
2076 1539 2149 1561 non
2171 1534 2227 1560 est.
2246 1523 2362 1561 direr-

487 1591 574 1623 sitas
595 1591 769 1624 intellecti
790 1591 833 1624 ab
855 1591 1097 1637 intelligente,
1120 1605 1186 1625 nec
1207 1593 1401 1627 diversitas
1423 1594 1705 1628 intellectorum.

573 1663 627 1695 86.
655 1663 761 1705 Quod
787 1662 989 1696 substantie
1016 1671 1179 1708 separate
1206 1671 1291 1698 sunt
1315 1672 1395 1698 actu
1422 1665 1574 1699 infinite.
1606 1666 1769 1699 Infinitas
1796 1666 1891 1699 enim
1921 1678 1994 1699 non
2022 1673 2078 1699 est
2104 1665 2359 1711 impossibilis,

486 1729 557 1761 nisi
578 1729 614 1761 in
636 1729 746 1762 rebus
767 1729 1030 1764 materialibus.

572 1802 627 1834 87.
655 1801 760 1843 Quod
787 1801 945 1834 mundus
972 1808 1027 1834 est
1052 1809 1214 1844 eternus,
1242 1810 1414 1848 quantum
1440 1804 1484 1837 ad
1510 1816 1637 1837 omnes
1664 1804 1807 1849 species
1827 1804 1864 1837 in
1885 1816 1928 1837 eo
1954 1810 2166 1845 contentas3·
2193 1811 2240 1846 et,
2263 1803 2362 1849 quod

487 1874 628 1912 tempus
650 1874 705 1900 est.
725 1874 902 1909 eternum,
926 1875 961 1901 et.
981 1875 1114 1910 motus,
1143 1876 1177 1902 et
1203 1870 1364 1912 materia,
1393 1877 1428 1904 et
1454 1883 1581 1916 agens,
1608 1877 1643 1904 et
1668 1871 1894 1916 suscipiens3
1918 1877 1953 1903 et
1978 1870 2061 1915 quia
2087 1877 2183 1904 esta
2201 1869 2362 1916 potentia

485 1934 551 1966 Dei
573 1934 723 1974 infinita,
747 1941 781 1967 et
801 1934 1031 1979 impossibile
1053 1943 1105 1969 est
1129 1936 1400 1970 innovationem
1423 1950 1505 1971 esse
1526 1938 1563 1970 in
1585 1938 1714 1971 effectu
1737 1938 1816 1971 sine
1838 1937 2071 1971 innovatione
2091 1937 2128 1970 in
2149 1949 2272 1971 causa,

572 2006 627 2038 88.
655 2005 759 2047 Quod
790 2005 901 2038 nichil
932 2013 1030 2039 esset
1060 2019 1206 2048 novum,
1239 2008 1309 2041 nisi
1339 2008 1456 2041 celum
1493 2016 1592 2042 esset
1625 2009 1798 2042 variatum
1829 2015 1998 2054 respectu
2029 2008 2177 2041 materie
2207 2008 2364 2054 genera-r

485 2071 625 2104 bilium.

573 2143 627 2175 89.
656 2143 761 2184 Quod
787 2143 1016 2188 impossibile
1044 2151 1099 2177 est
1127 2145 1270 2178 solvere
1299 2146 1457 2179 rationes
1484 2147 1693 2192 philosophi
1719 2147 1764 2180 de
1790 2147 1979 2180 eternitate
2005 2146 2144 2187 mundi,
2171 2146 2243 2179 nisi
2263 2146 2360 2188 dica-3

487 2221 579 2250 mus,
602 2209 698 2253 quod
719 2209 887 2243 voluntas
909 2210 1014 2255 primi
1036 2211 1195 2256 implicat
1216 2212 1542 2258 incompossibilia.

520 2287 525 2291 “
574 2281 628 2312 90.
656 2281 761 2322 Quod
783 2281 957 2314 naturalis
979 2281 1220 2327 philosophus
1247 2283 1356 2316 debet
1381 2296 1515 2329 negare
1542 2285 1756 2330 simpliciter
1784 2285 1909 2317 ¹mnndi
1931 2284 2140 2326 novitatem,
2161 2284 2244 2329 quia
2264 2283 2360 2317 inni-

488 2346 573 2378 titur
602 2347 721 2379 causis
751 2347 990 2388 naturalibus,
1023 2355 1058 2381 et
1087 2349 1289 2383 rationibus
1320 2351 1558 2384 naturalibus.
1592 2351 1727 2384 Fidelis
1757 2358 1874 2385 autem
1910 2358 2031 2396 potest
2064 2362 2199 2395 negare
2234 2349 2359 2391 mundi

489 2413 726 2454 eternitatem,
749 2414 831 2458 quia
852 2414 1019 2447 innititur
1040 2416 1160 2449 causis
1182 2418 1534 2462 supernaturalibus.

575 2485 629 2516 91.
658 2485 762 2526 Quod
790 2485 879 2517 ratio
908 2485 1117 2531 philosophi
1146 2487 1402 2522 demonstrans
1431 2497 1565 2523 motum
1597 2490 1665 2523 celi
1692 2502 1774 2523 esse
1803 2496 1967 2522 eternum
1995 2501 2068 2522 non
2081 2488 2107 2506 ⁴⁷
2135 2495 2192 2521 est
2215 2487 2360 2533 sophis-¹

491 2550 574 2589 tica,
599 2557 634 2582 et
653 2551 797 2591 mirum,
819 2552 916 2596 quod
938 2551 1104 2585 homines
1126 2555 1296 2598 profundi
1318 2555 1386 2589 hoc
1408 2568 1481 2589 non
1502 2557 1639 2590 vident.

577 2622 631 2653 92.
660 2621 765 2663 Quod
793 2634 943 2666 corpora
972 2623 1119 2658 celestia
1148 2633 1339 2659 moventur
1360 2640 1378 2660 a
1404 2628 1584 2673 principio
1611 2629 1824 2669 intrinseco,
1848 2627 1944 2673 quod
1966 2633 2022 2660 est
2041 2626 2176 2667 anima;
2206 2631 2242 2658 et
2261 2624 2358 2669 quod

491 2693 681 2720 moventur
702 2699 765 2731 per
784 2688 934 2721 animam
963 2696 995 2722 et
1023 2702 1086 2734 per
1106 2692 1273 2725 virtutem
1302 2694 1545 2738 appetitivam,
1574 2695 1667 2728 sicut
1694 2695 1836 2728 animal.
1861 2694 1962 2728 Sicut
1981 2693 2075 2726 eniin
2098 2691 2229 2727 animal
2250 2703 2359 2736 appe-

493 2760 572 2785 tens
592 2760 770 2794 movetur,
793 2754 838 2786 ita
860 2761 894 2787 et
914 2755 1043 2789 celum.
2009 2758 2011 2760 .
2216 2756 2218 2760 ,
2355 2755 2360 2786 Ῐ

578 2820 633 2852 93.
662 2820 767 2862 Quod
794 2825 944 2865 corpora
972 2822 1118 2856 celestia
1146 2824 1277 2859 habent
1306 2838 1415 2871 exse
1444 2828 1667 2861 eternitatem
1695 2840 1760 2861 sue
1787 2826 2001 2867 substantie,
2031 2824 2096 2859 sed
2124 2837 2197 2858 non
2222 2824 2359 2857 eterni-

492 2892 598 2918 tatem
620 2892 751 2918 motus.

580 2953 634 2985 94.
662 2952 767 2994 Quod
790 2952 861 2985 duo
881 2961 965 2986 sunt
987 2955 1161 3001 principia
1183 2965 1318 3001 eterna,
1342 2960 1482 2993 scilicet
1501 2972 1635 3005 corpus
1656 2958 1796 3002 eeli,'e't'
1814 2958 1930 2993 anima
1952 2958 2043 3004 ejus.
