2580 3528
474 400 540 432 426
1059 406 1380 430 ann‘rULAniuM
1415 406 1607 429 nnlvssns.
1644 406 1774 428 PARIS.
2257 394 2356 435 [1263

474 517 587 554 381.
617 525 748 552 Urbanus
764 526 808 552 IV
822 524 936 551 Alermo
956 525 1090 560 episcopo
1109 523 1251 550 Meldensi
1265 523 1375 558 scribit,
1394 522 1586 558 Reginaldum
1608 523 1772 559 episcopum
1784 523 1988 557 Parisiensem,
2011 521 2134 548 abbates
2150 523 2177 547 S.
2200 522 2358 556 Genovefae

564 579 592 602 et
606 577 633 601 S.
655 575 788 601 Germani
803 578 891 610 atque
907 573 1047 600 decanum
1064 575 1090 599 S.
1115 572 1249 599 Marcelli
1266 572 1393 608 inducat,
1414 576 1444 598 ut
1459 581 1478 598 a
1493 572 1555 598 suis
1573 571 1734 598 hominibus
1744 573 1949 608 juramentum,
1971 571 2048 607 quod
2067 570 2193 606 aliquem
2215 570 2357 597 Univerai-

567 625 637 650 tatis
653 632 709 650 non
726 622 884 659 offendant,
903 622 1034 648 exhiberi
1047 622 1170 656 saciant.

1498 666 1573 695 1263,
1589 666 1708 692 danum-ii
1719 666 1744 695 9,
1760 666 1830 698 apud
1842 665 1930 692 Urbem
1945 666 2069 692 Veterem.

566 743 736 777 Urbanus
758 743 954 787 episcopus
975 753 1104 774 servus
1126 752 1314 774 servorum
1336 740 1403 773 Dei
1423 739 1624 774 venerabili
1643 740 1745 773 fratri
1764 766 1784 773 ..
1804 740 1978 786 episcopo
1999 739 2181 773 Meldensi
2202 739 2355 772 salutem

477 817 513 843 et
532 809 767 856 apostolicam
790 808 1097 841 benedictionem.
1118 807 1356 840 Scientiarum
1378 806 1534 847 fontem,'
1550 812 1614 840 etc.
1637 812 1677 840 ut
1694 818 1806 851 supra
1826 810 1864 839 n⁰
1880 807 1959 848 379,
1980 818 2085 852 usque
2105 806 2285 851 producit.
2303 806 2356 839 Ex

476 883 576 922 parte
603 876 782 920 siquidem
811 875 975 919 ejusdem
1000 873 1257 907 Universitatis
1282 873 1350 906 suit
1369 873 1598 918 propositum
1619 885 1739 906 coram
1766 872 1888 914 nobis,
1910 873 2008 918 quod
2033 872 2119 906 licet
2143 872 2355 906 carissimus

475 943 513 975 in
534 942 680 976 Christo
702 942 800 974 filius
820 948 946 974 noster
967 940 1121 973 illustris
1143 951 1205 972 rex
1226 940 1375 972 Francie
1397 952 1415 973 a
1435 939 1577 973 civibus
1598 939 1754 973 civitatis
1775 939 2007 981 Parisiensis,
2025 939 2062 972 in
2079 951 2171 984 quos
2184 938 2354 984 jurisdic-

476 1010 609 1042 tionem
641 1008 780 1041 obtinet
804 1007 1054 1052 temporalem,
1087 1006 1184 1051 quod
1214 1006 1371 1051 aliquem
1398 1006 1443 1039 de
1469 1006 1715 1040 Universitate
1743 1007 1822 1052 ipsa
1849 1018 1923 1039 non
1950 1006 2138 1040 offendent
2165 1005 2355 1051 corporale

475 1075 651 1120 praestari
678 1074 783 1107 saciat
802 1075 1063 1118 juramentum,
1085 1079 1204 1105 tamen
1224 1072 1446 1106 venerabilis
1470 1073 1581 1106 frater
1605 1079 1732 1106 noster
1752 1073 1948 1119 episcopus
1969 1073 2098 1115 Paris,
2120 1073 2155 1106 S.
2182 1072 2355 1106 Germani

475 1142 520 1174 de
542 1141 657 1174 Pratis
679 1148 714 1174 et
735 1141 769 1174 S.
793 1141 982 1174 Genovese
1003 1140 1308 1173 monasteriorum
1330 1139 1480 1173 abbates
1501 1147 1537 1173 et
1556 1152 1682 1173 eorum
1704 1147 1920 1182 conventus,
1948 1152 1987 1173 ac
2013 1140 2173 1173 decanus
2199 1146 2235 1173 et
2258 1139 2355 1185 capi-

474 1208 589 1241 tulum
610 1209 644 1241 S.
663 1207 825 1240 Marcelli
842 1207 955 1239 Paris.
975 1206 1019 1239 ab
1038 1206 1262 1244 hominibus,
1287 1207 1324 1239 in
1343 1218 1436 1252 quos
1455 1206 1611 1240 similem
1627 1207 1924 1252 jurisdictionem
1942 1206 2121 1248 obtinent,
2143 1205 2355 1252 hujusmodi

468 1276 716 1319 juramentum
738 1273 902 1307 exhiberi
929 1274 1048 1306 facere
1074 1273 1236 1306 indebite
1261 1274 1548 1307 contradicunt'.
1575 1274 1818 1307 Attendentes
1842 1274 1956 1319 igitur
1980 1273 2078 1319 quod
2106 1272 2355 1319 multipliciter

473 1341 592 1374 eidem
632 1340 868 1374 Universitati
904 1340 1050 1385 expedit
1083 1340 1290 1373 securitatis
1325 1339 1505 1374 beneficio
1540 1341 1691 1386 perfrui,
1728 1341 1790 1386 qui
1825 1347 1910 1374 sunt
1948 1340 2181 1374 scientiarum
2221 1339 2353 1374 studiis

473 1408 607 1453 quietis
653 1407 917 1453 plenitudinem
963 1406 1238 1451 requirentibus
1283 1407 1458 1452 deputati,
1500 1407 1715 1441 fraternitati
1761 1414 1821 1441 tue
1867 1419 1932 1453 per
1976 1406 2174 1453 apostolica
2219 1407 2353 1452 scripta

473 1476 685 1509 mandamus
714 1474 884 1519 quatinus
915 1474 946 1507 si
977 1474 1096 1508 dictus
1126 1486 1191 1507 rex
1223 1473 1388 1507 exhiberi
1418 1475 1525 1508 faciat
1553 1487 1572 1508 a
1596 1475 1670 1520 jam
1702 1475 1809 1508 dictis
1841 1474 1984 1509 civibus
2011 1474 2222 1520 hujusmodi
2251 1475 2353 1520 jura-

472 1549 633 1575 mentum
664 1553 671 1574 :
701 1542 927 1586 episcopum,
959 1540 1108 1574 abbates
1139 1547 1174 1574 et
1203 1548 1419 1583 conventus,
1452 1541 1629 1574 decanum
1660 1548 1695 1575 et
1723 1541 1920 1587 capitulum
1950 1541 2149 1587 predictos,
2180 1541 2279 1586 quod
2307 1539 2352 1574 ab

472 1609 611 1642 eisdem
639 1608 849 1641 hominibus
871 1608 948 1641 suis
975 1607 1044 1641 sub
1065 1620 1104 1641 ea
1125 1608 1254 1650 forma,
1276 1608 1344 1641 sub
1366 1620 1435 1654 qua
1455 1608 1551 1641 idem
1573 1621 1637 1642 rex
1657 1609 1748 1642 illud
1769 1608 1813 1642 ab
1833 1608 2044 1642 hominibus
2070 1608 2163 1654 ipsis
2188 1607 2353 1641 exhiberi

471 1676 567 1717 facit,
597 1675 716 1709 simile
743 1675 875 1708 saciant
895 1676 1143 1720 juramentum
1172 1675 1341 1720 prestari,
1370 1675 1571 1709 monitione
1599 1676 1778 1721 premissa
1804 1676 2017 1709 auctoritate
2044 1682 2168 1709 nostra
2193 1674 2353 1721 appella-

472 1743 571 1775 tione
592 1749 729 1775 remota
749 1742 959 1787 compellas.
983 1743 1062 1775 Non
1084 1741 1252 1775 obstante
1274 1742 1305 1775 si
1326 1742 1379 1776 eis
1400 1754 1418 1776 a
1439 1742 1527 1776 sede
1548 1743 1748 1788 apostolica
1769 1743 1815 1777 sit
1835 1743 2016 1776 indultum
2042 1742 2141 1788 quod
2167 1741 2351 1784 interdici,

471 1809 650 1854 suspendi
675 1809 732 1842 vel
759 1809 1064 1842 excommunicari
1091 1821 1165 1842 non
1190 1809 1335 1854 possint
1355 1822 1420 1855 per
1439 1809 1579 1844 litteras
1604 1810 1823 1856 apostolicas
1848 1822 1923 1843 non
1947 1810 2122 1843 facientes
2147 1808 2291 1855 plenam
2317 1814 2353 1842 et

472 1888 681 1921 expressam
717 1876 761 1909 de
796 1876 938 1909 indulto
973 1876 1185 1921 hujusmodi
1219 1876 1441 1910 mentionem
1477 1877 1555 1911 sive
1589 1877 1657 1910 alia
1691 1877 1919 1923 indulgentia
1953 1876 2164 1922 apostolica,
2201 1875 2246 1909 de
2281 1887 2372 1927 qual

471 1943 509 1976 in
537 1943 673 1976 nostris
699 1943 831 1976 litteris
860 1942 939 1976 fieri
968 1943 1099 1976 debeat
1126 1943 1263 1977 mentio
1289 1943 1473 1989 specialis.
1498 1945 1576 1977 Dat.
1599 1944 1694 1990 apud
1715 1944 1851 1978 Urbem
1871 1944 2042 1978 Veterem
2062 1943 2154 1978 vid.
2175 1941 2350 1984 Januarii,

471 2009 703 2055 pontificatus
724 2010 840 2043 nostri
861 2022 955 2043 anno
977 2010 1154 2043 secundo.

565 2107 688 2136 Bulaeus,
706 2108 751 2136 111,
768 2109 822 2136 368,
838 2116 869 2131 ex
884 2107 1018 2139 originali,
1035 2107 1061 2131 in
1077 2108 1151 2139 cujus
1166 2111 1243 2140 purte
1258 2116 1352 2132 aversa
1368 2109 1507 2140 legebatur
1524 2117 1529 2132 :
1547 2117 1559 2132 «
1575 2109 1703 2141 magister
1717 2109 1874 2133 Laurentius
1889 2117 1938 2141 pro
1954 2109 2132 2134 universitate
2146 2109 2231 2133 Puris.
2247 2116 2270 2133 ».

566 2192 589 2216 1.
607 2192 646 2215 Cf.
663 2192 695 2215 nd
712 2192 775 2215 haec
791 2200 872 2223 supra
888 2192 921 2215 ni*
935 2193 974 2221 81,
991 2194 1029 2221 88,
1045 2193 1127 2222 92-94,
1144 2193 1198 2221 159,
1215 2193 1269 2216 160.

470 2370 584 2408 382.
613 2380 744 2406 Urbanus
761 2382 804 2407 IV
820 2381 1006 2407 Universitati
1019 2382 1182 2408 Parisiensi
1193 2382 1374 2418 privilegium
1389 2383 1448 2418 fori
1463 2385 1622 2419 confirmat.

1489 2480 1566 2510 7263.
1581 2480 1700 2507 danunt-ii
1712 2481 1736 2510 9,
1753 2481 1822 2513 apud
1834 2480 1923 2507 Urbem
1939 2482 2063 2508 Veterem.

562 2549 731 2582 Urbanus
757 2550 953 2596 episcopus
980 2563 1109 2586 servus
1135 2564 1325 2586 servorum
1347 2554 1413 2587 Dei
1435 2554 1579 2588 dilectis
1600 2554 1686 2589 filiis
1708 2556 1943 2589 Universitati
1971 2556 2168 2590 Parisiensi
2195 2555 2347 2590 salutem

473 2621 508 2648 et
527 2616 761 2660 apostolicam
783 2616 1090 2651 benedictionem.
1122 2620 1362 2654 Scientiarum
1391 2622 1542 2664 sontem,
1569 2627 1633 2656 etc.
1663 2628 1703 2656 ut
1727 2634 1838 2667 supra
1865 2626 1903 2655 n⁰
1927 2623 2005 2665 379,
2034 2634 2139 2668 usque
2165 2622 2345 2668 producit.

471 2681 614 2714 Vestris
635 2682 755 2726 itaque
776 2683 1104 2727 supplicationibus
1125 2686 1288 2720 inclinati
1309 2688 1521 2733 auctoritate
1537 2688 1643 2722 vobis
1664 2689 1888 2734 presentium
1909 2688 2145 2735 indulgemus
2166 2695 2205 2722 ut
2223 2689 2348 2723 nullus

472 2747 646 2792 magister
676 2748 734 2781 vel
764 2748 915 2782 scolaris
946 2751 1167 2786 Parisiensis
1198 2765 1332 2798 regens
1361 2754 1419 2788 vel
1449 2755 1602 2788 studens
1632 2755 1793 2789 Parisius
1823 2755 1907 2789 dum
1933 2755 2069 2789 ibidem
2101 2755 2223 2789 studio
2257 2755 2347 2789 insi-

472 2813 577 2846 sterit
596 2813 669 2857 (sic)
690 2813 903 2855 litterarum,
933 2816 1072 2849 ratione
1094 2819 1257 2862 cujusvis
1278 2827 1486 2854 contractus
1507 2833 1572 2854 seu
1594 2821 1717 2855 delicti
1738 2822 1775 2855 in
1796 2822 1939 2855 civitate
1960 2821 2157 2855 parisiensi
2182 2821 2262 2855 initi
2288 2821 2347 2856 vel

471 2879 658 2912 commissi
682 2886 742 2913 aut
761 2880 899 2913 iniendi
922 2881 998 2915 sive
1020 2884 1270 2918 committendi
1292 2886 1466 2932 deinceps
1487 2887 1545 2922 vel
1566 2888 1671 2921 etiam
1693 2900 2002 2934 quarumcumque
2023 2900 2158 2931 rerum,
2186 2900 2275 2934 quas
2295 2887 2346 2922 ibi

471 2945 613 2987 habeat,
636 2946 753 2991 possit
779 2953 877 2980 extra
899 2947 1077 2981 civitatem
1100 2949 1215 2994 ipsam
1236 2951 1273 2985 in
1294 2964 1437 2986 causam
1458 2954 1549 2988 trahi
1570 2966 1636 3000 per
1655 2955 1794 2988 litteras
1815 2955 1916 2989 sedis
1935 2955 2135 3001 apostolice
2162 2955 2220 2989 vel
2246 2954 2346 3001 lega-

595 3004 635 3030 51.
