2580 3528
485 397 550 429 556
1064 405 1384 428 cnsn‘rULAan
1419 403 1610 426 UNIVERS.
1647 403 1777 426 mnis.
2258 395 2356 436 [1277

485 481 602 512 episcopi
618 481 691 504 deest
704 481 730 504 in
743 481 793 504 isto
807 481 899 504 ultimo
915 489 963 503 ms.
980 483 1005 503 et
1017 479 1135 503 collectio
1151 479 1208 503 finit
1222 487 1291 502 nunc
1306 487 1365 502 cum
1381 479 1424 501 114
1444 478 1564 501 articulo.
1581 478 1628 501 Ms.
1646 478 1691 501 lat.
1709 478 1786 501 16533
1801 479 1879 508 (saec.
1894 479 2036 511 XIII-XIV)
2051 479 2095 503 fol.
2110 479 2158 503 54¹²
2170 487 2228 511 sqq.
2245 487 2359 504 unacum

485 525 596 557 epistola
621 525 747 557 Stephani
769 528 809 548 est
830 528 905 548 notae
927 524 1068 548 inferioris.
1089 524 1157 547 Bibl.
1181 523 1334 555 Brugensis,
1358 531 1407 546 ms.
1431 523 1483 546 154.
1506 523 1534 545 ln
1557 530 1606 545 ms.
1625 522 1670 545 lat.
1692 522 1776 546 Paris.
1800 523 1887 552 15761,
1907 523 1950 547 rol.
1970 523 2043 554 155³,
2065 524 2185 548 collectio
2205 532 2256 547 non
2269 532 2360 556 super-

484 570 604 601 greditur
625 571 654 593 26
675 578 799 598 errorem,
820 570 888 593 sicut
902 569 969 593 Bibl.
994 569 1025 592 de
1047 570 1136 592 Rouen
1158 577 1206 591 ms.
1227 569 1254 591 A.
1279 569 1332 596 263,
1352 568 1396 591 sol.
1414 568 1467 595 300,
1484 575 1534 589 non
1557 567 1585 589 21
1602 569 1652 590 art.
1673 567 1705 590 At
1727 566 1755 590 in
1779 566 1830 590 isto
1850 567 1943 591 ultimo
1963 569 2007 592 rol.
2029 569 2074 592 307
2094 568 2227 592 invenitur
2246 569 2360 600 epistola

486 615 621 646 Stephani,
636 623 702 646 quae
717 615 773 637 sola
788 614 844 637 sine
859 614 999 637 Erroribus
1014 613 1039 636 in
1055 621 1102 636 mS.
1120 613 1165 636 lat.
1183 614 1267 640 15888,
1286 612 1328 635 fol.
1346 612 1408 635 181b
1423 613 1500 641 (saec.
1518 611 1592 641 XIV),
1604 611 1672 634 Bibl.
1690 612 1780 635 Arsen.
1798 620 1847 636 ms.
1864 613 1918 641 329,
1934 613 1978 636 sol.
1995 614 2050 642 233,
2066 613 2166 645 scripta
2181 616 2229 637 est.
2246 614 2275 637 In
2288 613 2357 637 Bibl.

486 659 613 690 Burghes.
641 660 686 682 296
711 659 738 682 in
755 659 805 682 fine
830 660 907 688 (suec.
936 658 999 689 XIV)
1025 661 1085 680 sunt
1103 658 1147 680 126
1169 665 1271 680 errores
1295 658 1363 686 (cum
1386 656 1508 687 epistola)
1534 655 1639 679 diverso
1665 655 1765 679 ordine.
1793 657 1823 679 In
1847 656 1915 680 Bibl.
1940 660 1995 681 nat.
2020 657 2104 681 Paris.
2126 666 2175 681 ms.
2199 658 2246 681 lat.
2272 658 2358 687 16393,

487 704 530 727 rol.
555 704 607 731 129,
629 704 698 732 2571),
722 706 805 726 exstat
824 703 1026 726 instrumentum
1051 702 1130 733 vulgo
1150 702 1271 725 vidimus
1286 701 1450 732 appellatum
1471 700 1593 723 officialis
1616 700 1701 724 Paris.
1723 700 1842 724 omnium
1865 701 1911 725 219
1935 701 2108 726 articulorum
2130 705 2208 734 atque
2230 702 2359 734 epistolae

486 747 620 779 Stephani,
633 756 700 771 anno
716 748 776 770 1303
793 747 827 776 (in
843 748 892 770 fine
908 750 1004 774 tumen,
1019 746 1063 769 fol.
1080 747 1133 773 258,
1149 745 1246 776 legitur
1259 753 1263 768 :
1282 754 1293 768 <‹
1309 745 1399 768 indict.
1416 745 1445 768 13
1460 745 1554 776 pontif.
1571 745 1684 768 Johann.
1699 745 1768 769 XXII
1783 753 1852 768 anno
1868 746 1897 769 14
1908 754 1930 775 ι),
1946 745 1974 770 id
1988 749 2037 775 est,
2049 747 2119 776 1330)
2130 748 2278 770 consectum
2289 746 2359 779 quod

485 793 595 815 eundem
606 795 704 815 textum
718 792 827 822 praebet
837 795 914 822 atque
925 791 970 813 alii
985 799 1048 813 mss.
1065 790 1158 816 Pan-is..
1176 790 1244 812 sicut
1258 793 1283 812 et
1297 789 1366 812 Bibl.
1378 790 1499 821 Amplon.
1511 798 1559 812 ms.
1574 789 1619 812 179
1632 789 1719 813 in-sol.
1733 791 1811 819 (saec.
1823 790 1879 813 XIV
1890 792 2013 821 exeunt.),
2028 791 2072 814 tol.
2086 791 2146 819 112;
2161 791 2224 815 Cod.
2237 794 2356 815 convent.

486 837 548 860 Ord.
559 837 651 860 Prucd.
664 836 774 859 Vindob.
792 836 861 859 in—lr‘
872 838 948 865 (saec.
963 835 1012 862 XV,
1023 835 1091 857 sicut
1102 838 1126 857 et
1136 834 1187 857 duo
1198 834 1274 857 codd.
1287 835 1445 865 sequentes),
1463 834 1507 857 fol.
1520 835 1559 861 87,
1571 837 1597 857 et
1607 833 1702 857 iterum
1715 835 1759 858 sol.
1772 834 1848 863 117b;
1865 834 1993 859 Cod.Vat.
2009 835 2054 859 lat.
2067 836 2122 863 900,
2134 835 2180 859 fol.
2197 835 2272 863 116b;
2288 835 2357 860 Bibl.

486 881 606 904 Univers.
619 881 701 904 Paris.
712 889 760 903 ms.
777 883 795 903 t.
812 881 831 903 I.
847 881 885 907 36,
903 880 946 903 sol.
964 881 994 902 80
1008 879 1073 910 (sine
1088 879 1223 910 opistnla);
1236 878 1387 905 Corlsruhe,
1404 878 1474 901 Bibl.
1484 878 1558 910 publ.
1571 883 1601 901 (ιθ
1616 878 1669 907 168,
1683 879 1728 902 sol.
1745 879 1775 902 33
1787 880 1865 909 (saec.
1878 879 1951 911 XIV),
1963 883 1993 903 ut
2002 883 2136 903 taceamus
2147 880 2179 903 de
2188 880 2358 904 editionibuu.

578 925 663 956 Aliqui
679 933 797 947 errorum
813 933 827 946 a
843 923 954 946 diversis
968 923 1119 946 doctoribus
1135 931 1203 946 saec.
1217 923 1275 945 XIII
1289 926 1314 945 et
1326 923 1380 946 XIV
1395 923 1532 946 occasione
1549 923 1611 946 data
1628 923 1655 946 in
1673 923 1788 946 medium
1800 925 1980 955 proferuntur.
1994 924 2157 948 unimundus
2167 924 2258 948 Lullus
2270 927 2359 948 tamen

485 978 583 997 omnes,
600 977 749 1000 quanquam
770 969 860 991 ordine.
875 968 988 996 inverso,
1005 967 1080 990 affert
1095 967 1121 990 in
1137 976 1184 990 suo
1199 967 1268 990 libro
1284 975 1325 990 an.
1343 967 1403 990 1297
1419 968 1460 990 vel
1476 967 1537 990 1298
1553 967 1698 999 composito
1716 971 1742 991 et
1756 968 1842 991 adhuc
1858 968 1956 992 inedito
1970 976 1975 992 2
1993 969 2156 994 Declaratio
2171 975 2226 1000 per
2241 970 2359 994 modum

482 1013 587 1043 ‹liuloyi
606 1013 680 1037 edica
698 1017 796 1037 contra
811 1013 976 1043 aliquorum
994 1012 1229 1042 philosophorum
1245 1015 1272 1036 et
1286 1018 1386 1036 eorum
1401 1013 1570 1043 sequacium
1584 1012 1739 1043 opiniones,
1756 1017 1814 1041 etc„
1831 1012 1867 1036 in.
1883 1013 1952 1036 Bibl.
1973 1016 2027 1037 nat.
2047 1013 2132 1037 Paris.
2152 1021 2202 1038 ms.
2218 1014 2264 1037 lat.
2282 1013 2358 1037 16117

485 1059 561 1087 (saec.
583 1058 655 1089 XIV),
678 1058 721 1080 sol.
744 1058 788 1085 553
809 1057 878 1080 Bibl.
899 1057 1008 1084 Monac.,
1031 1065 1093 1079 mss.
1115 1057 1160 1079 lat.
1178 1056 1263 1084 10497,
1281 1056 1324 1079 sol.
1343 1057 1371 1079 77
1388 1058 1418 1085 (s.
1435 1057 1509 1086 XIV),
1527 1059 1552 1080 et
1568 1057 1652 1085 10590,
1675 1057 1718 1080 rol.
1741 1058 1786 1086 72;
1807 1057 1871 1081 Cod.
1891 1058 1948 1081 Vnt.
1970 1058 2075 1086 Urbin.,
2091 1066 2140 1081 ms.
2158 1058 2227 1086 1394,
2246 1057 2290 1082 fol.
2313 1058 2358 1082 1¹2⁵

485 1104 576 1133 (usque
596 1102 628 1124 ud
648 1110 698 1124 err.
722 1102 769 1132 62),
791 1101 957 1132 defenditque
977 1101 1099 1132 opposita
1115 1109 1204 1123 eorum
1220 1103 1310 1123 contra
1325 1100 1514 1132 philosophum
1529 1109 1572 1124 eos
1588 1104 1758 1125 astruentem.
1776 1102 1850 1125 Hunc
1861 1101 1959 1125 librum
1973 1102 2043 1126 Lulli
2060 1110 2118 1126 esse
2134 1103 2254 1131 eundem,
2271 1103 2316 1134 qui
2330 1102 2358 1126 in

484 1147 603 1177 catalogo
619 1155 679 1177 opp.
697 1146 764 1169 Lulli
779 1154 820 1168 nn.
840 1146 896 1168 1311
913 1145 989 1176 (Bibl.
1007 1148 1059 1168 nat.
1077 1145 1171 1173 Paris„
1189 1153 1238 1168 ms.
1255 1145 1300 1168 lat.
1318 1145 1403 1174 15450,
1421 1146 1439 1169 f.
1454 1146 1491 1176 80)
1506 1145 1657 1169 intitulatur
1673 1154 1678 1170 z
1695 1147 1779 1171 Liber
1792 1150 1895 1171 contra
1909 1153 2019 1172 errores
2033 1147 2124 1172 Boetii
2135 1151 2160 1171 et
2173 1147 2288 1178 Siqerii‚
2301 1146 2359 1178 jam

484 1192 603 1214 Haureau
620 1191 645 1213 in
664 1191 733 1214 Hist.
750 1190 802 1214 litt.
819 1192 852 1214 de
865 1190 893 1214 la
908 1190 1025 1219 France,
1041 1190 1127 1217 XXIX,
1145 1191 1199 1217 334,
1215 1190 1370 1213 autumavit.
1388 1190 1482 1221 Sicque
1498 1190 1606 1222 quidam
1621 1190 1727 1214 Boetius
1743 1194 1768 1215 et
1786 1191 1894 1223 Sigerus
1913 1199 1980 1215 saec.
1998 1192 2057 1215 XIII
2072 1195 2180 1215 exeunte
2195 1191 2358 1224 principales

483 1235 593 1258 istarum
618 1235 769 1266 opinionum
788 1237 933 1257 assertores
956 1234 1129 1257 habebantur.
1151 1234 1186 1257 De
1208 1234 1300 1265 Sigero
1316 1234 1348 1257 de
1367 1234 1512 1257 Brabantia
1524 1234 1579 1266 jam
1595 1243 1678 1266 supra
1702 1235 1735 1258 ad
1758 1243 1860 1259 errores
1877 1244 1919 1259 an.
1943 1236 2004 1259 1270
2026 1240 2055 1259 n⁰
2070 1237 2117 1259 432
2138 1236 2220 1259 verba
2237 1235 2356 1260 fecimus.

483 1280 587 1302 Boetius
605 1287 666 1302 vero
684 1278 833 1301 nominatur
851 1278 929 1301 etiam
947 1279 979 1301 ad
1000 1279 1098 1301 calcem
1118 1287 1237 1301 errorum
1257 1278 1283 1302 in
1303 1287 1353 1302 ms.
1375 1279 1459 1302 Paris.
1477 1279 1562 1308 16533,
1579 1279 1623 1303 sol.
1644 1281 1675 1302 60
1692 1279 1761 1311 (vide
1779 1280 1848 1303 infra
1868 1280 1895 1303 in
1912 1280 1963 1304 fine
1980 1289 2005 1304 n.
2027 1280 2091 1313 100).
2113 1281 2142 1304 In
2165 1288 2215 1304 ms.
2231 1281 2278 1304 lat.
2295 1280 2356 1305 4801

482 1324 549 1347 Bibl.
569 1327 621 1347 nat.
636 1323 730 1350 Paris.,
748 1324 791 1346 sol.
806 1324 843 1350 68,
860 1331 952 1346 revera
965 1331 1054 1346 omues
1069 1323 1114 1346 219
1126 1331 1228 1346 errores
1243 1323 1333 1346 eodem
1347 1323 1438 1347 ordine
1452 1323 1520 1347 sicut
1533 1332 1615 1355 supra
1628 1332 1655 1347 se
1668 1324 1859 1356 subsequentes
1870 1325 2088 1357 perstringuntur
2101 1324 2184 1357 (cujus
2195 1324 2358 1348 contrarium

483 1369 540 1400 quis
561 1368 688 1399 conjicere
703 1371 793 1399 posset
807 1377 838 1391 ex
852 1368 975 1392 Journal
989 1369 1035 1392 des
1050 1368 1176 1392 Savants
1192 1368 1261 1391 infra
1282 1368 1370 1398 citato)
1387 1368 1437 1391 sub
1459 1368 1565 1392 rubrica
1582 1376 1587 1392 ι
1606 1369 1712 1393 Contra
1728 1369 1866 1399 Seyerum
1881 1373 1907 1394 et
1921 1370 2053 1394 Boetium
2072 1370 2212 1394 hereticos.
2234 1369 2358 1394 usur-sau

482 1413 507 1436 in
522 1413 646 1437 Journal
658 1414 705 1437 des
721 1413 852 1441 Savants,
872 1413 938 1440 1886,
955 1421 981 1444 p.
999 1413 1044 1435 176
1059 1421 1126 1444 sqq.‚
1144 1412 1302 1436 monstravit
1316 1412 1397 1436 istum
1412 1413 1532 1436 Boetium
1549 1413 1631 1437 fuisse
1646 1414 1787 1445 quemdam
1803 1414 1923 1438 Boetium
1938 1414 1970 1437 de
1985 1414 2074 1442 Dacia,
2090 1417 2116 1438 et
2130 1414 2234 1446 aliquos
2253 1421 2357 1438 errores

481 1457 592 1480 inveniri
609 1457 634 1480 iu
650 1457 766 1488 ejusdem
779 1465 858 1488 opere
871 1465 876 1480 ⁴.
892 1457 1072 1483 Quam-tiones
1085 1464 1176 1487 supra
1192 1457 1279 1482 libros
1295 1458 1466 1488 Topicorum
1479 1459 1555 1489 (quae
1570 1458 1650 1481 etiam
1665 1458 1691 1481 in
1707 1458 1770 1482 Cod.
1783 1459 1839 1482 Vnt.
1856 1459 1901 1482 lat.
1916 1459 1987 1487 4883,
2001 1459 2045 1482 fol.
2060 1459 2098 1487 88,
2113 1460 2236 1489 exstant),
2249 1458 2357 1483 minime

481 1510 543 1525 vero
569 1510 580 1525 (ι
600 1510 712 1533 presque
731 1502 917 1525 litteralrmcut
932 1510 953 1529 υ,
971 1504 999 1525 ut
1018 1501 1075 1532 ipse
1090 1501 1193 1525 asserit.
1210 1501 1301 1525 Adhuc
1320 1505 1407 1525 tamen
1424 1502 1575 1534 subjudice
1589 1502 1623 1526 lis
1638 1506 1687 1531 est,
1707 1511 1741 1526 an
1761 1502 1811 1526 iste
1831 1503 1937 1526 Boetius
1958 1503 2043 1526 Dacus
2065 1503 2101 1527 sit
2120 1503 2165 1527 ille
2189 1505 2270 1527 frater
2292 1503 2356 1527 Ord.

482 1547 573 1569 Prued.
590 1546 706 1577 ejusdem
722 1546 835 1569 nominis
851 1549 876 1569 et
891 1547 956 1569 forte
972 1546 1089 1577 ejusdcm
1105 1546 1241 1577 temporis,
1254 1555 1331 1578 quem
1346 1546 1450 1570 Echard
1466 1547 1491 1569 in
1509 1547 1559 1571 SS.
1574 1547 1638 1571 Ord.
1651 1548 1762 1575 Praed.¹
1779 1548 1798 1576 I,
1815 1548 1869 1576 640,
1886 1556 2026 1579 perperam
2042 1548 2075 1571 ad
2091 1556 2132 1571 an.
2151 1548 2211 1572 1353
2226 1549 2317 1577 refert,
2331 1550 2358 1572 et

482 1591 523 1614 cui
539 1591 647 1622 insuper
663 1599 742 1622 opera
758 1591 828 1622 apud
844 1590 955 1618 Echard,
974 1599 999 1622 p.
1018 1592 1062 1614 734
1078 1591 1197 1621 (Pignon,
1215 1595 1243 1614 η’·
1258 1592 1296 1620 63)
1313 1591 1397 1614 relata
1412 1591 1591 1619 ascribuntur,
1608 1591 1676 1615 inter
1691 1600 1758 1624 quae
1774 1592 1908 1624 quoddam
1927 1592 2057 1624 scriptum
2076 1592 2103 1616 in
2125 1592 2228 1623 Topica
2247 1592 2356 1616 Aristot.

482 1639 631 1658 recensetur
651 1637 692 1665 (cf.
713 1635 850 1666 antiquum
870 1636 1019 1666 catalogum
1035 1635 1060 1658 iu
1076 1637 1161 1660 Arch.
1177 1637 1196 1666 f.
1211 1635 1380 1660 Litteratur-
1396 1637 1460 1661 und
1476 1636 1759 1666 Kirchenyeschichte
1777 1638 1824 1661 des
1843 1637 1995 1666 Mittelalt„
2016 1637 2050 1666 II,
2066 1638 2120 1665 230,
2137 1641 2165 1660 u'¹
2184 1638 2233 1667 35).
2250 1637 2357 1661 Certum

481 1683 583 1703 tantum
603 1683 642 1702 est
661 1679 779 1702 Boetiuin
803 1683 935 1702 auctorem
959 1679 1163 1706 Quaestionum
1182 1687 1270 1710 super
1289 1680 1375 1705 libros
1398 1680 1565 1711 Topicorum
1584 1681 1611 1704 in
1631 1682 1704 1704 nullo
1726 1684 1839 1713 quatuor
1860 1682 1936 1705 codd.
1961 1684 1990 1704 ut
2013 1682 2150 1705 alumnum
2173 1681 2237 1706 Ord.
2261 1681 2355 1705 Praed.

482 1724 615 1755 designari
640 1723 718 1755 (quod
734 1724 809 1752 alias,
826 1724 929 1755 quando
945 1727 1036 1747 auctor
1051 1725 1084 1747 ad
1103 1724 1165 1748 Ord.
1182 1724 1304 1756 pertinet,
1327 1725 1408 1756 vulgo
1430 1725 1469 1757 fit)
1492 1733 1538 1748 nec
1560 1728 1589 1749 ut
1611 1726 1728 1754 fratrem,
1745 1734 1791 1749 nec
1809 1726 1888 1749 etiam
1912 1729 1942 1749 ut
1963 1725 2119 1758 religiosum
2138 1726 2246 1758 publice
2266 1725 2356 1758 philo-

481 1768 602 1800 sophiam
621 1769 712 1791 docere
731 1768 849 1799 potuisse
869 1769 895 1791 in
914 1768 971 1791 vico
987 1769 1145 1792 Garlandine
1166 1778 1212 1792 seu
1236 1769 1385 1793 Straminis.
1402 1783 1433 1787 —-
1448 1770 1553 1793 Minime
1577 1773 1664 1793 tamen
1684 1771 1736 1794 duo
1751 1774 1862 1798 tantum,
1883 1770 1963 1794 immo
1991 1771 2082 1802 plures
2109 1772 2215 1794 suerunt
2235 1773 2356 1795 auctores

480 1813 591 1836 istarum
615 1813 776 1844 opinionum,
800 1816 828 1836 ut
847 1813 923 1836 nabis
944 1821 974 1836 ex
993 1813 1131 1837 collatione
1151 1813 1271 1845 ipsarum
1290 1822 1449 1845 persuasum
1469 1815 1506 1838 fit.
1523 1816 1648 1838 Auctores
1668 1823 1730 1838 vero
1750 1823 1811 1843 non,
1834 1818 1864 1838 ut
1884 1816 2041 1847 quandoque
2060 1815 2225 1844 credebatur,
2250 1815 2356 1839 scholae

480 1857 668 1880 Franciscanae
684 1861 758 1880 erant
772 1858 880 1880 alumni.
893 1858 984 1881 Plures
999 1858 1135 1889 opiniones
1151 1858 1248 1890 injuste
1258 1867 1273 1882 a
1289 1859 1422 1890 Stephano
1441 1859 1574 1891 episcopo,
1585 1860 1616 1882 de
1625 1859 1700 1891 cujus
1712 1859 1800 1883 indole
1814 1859 1874 1883 vide
1889 1868 1971 1891 supra
1984 1864 2013 1883 n⁰
2024 1861 2078 1888 396,
2090 1868 2114 1883 n.
2127 1861 2149 1888 3,
2167 1860 2356 1884 condemnatae

481 1905 549 1930 sunt,
570 1905 599 1925 ut
618 1902 673 1933 jam
694 1902 809 1933 theologi
829 1903 960 1933 aequales,
982 1911 1006 1925 v.
1028 1911 1053 1934 g.
1075 1903 1208 1934 Aegydius
1232 1903 1263 1926 de
1283 1904 1365 1927 Roma
1386 1903 1476 1933 (Quol.
1491 1904 1525 1933 11,
1542 1912 1585 1935 qu.
1603 1905 1626 1935 7)
1648 1907 1673 1927 et
1696 1904 1862 1928 Godofredus
1884 1904 1916 1927 de
1934 1904 2060 1927 Fontibus
2077 1904 2168 1934 (Quol.
2189 1904 2244 1932 XII,
2260 1913 2304 1936 qu.
2321 1905 2354 1934 5),

481 1950 650 1969 asseruerunt
665 1946 732 1975 (vide
748 1947 914 1978 D'Argontre,
933 1947 1082 1977 Coll.jud.,
1100 1947 1119 1977 I,
1136 1948 1181 1970 213
1197 1956 1236 1979 sq.
1254 1947 1298 1971 ubi
1314 1948 1393 1971 etiam
1408 1956 1423 1971 a
1438 1956 1464 1979 p.
1479 1948 1587 1972 175-184
1607 1948 1657 1971 ista
1671 1949 1790 1972 collectio
1805 1950 1944 1979 errorum).
1967 1948 2128 1972 Sententiam
2148 1949 2174 1972 S.
2191 1948 2308 1972 Thomae
2323 1949 2356 1972 de

481 1990 582 2022 Aquino
594 1992 626 2014 de
635 1991 777 2021 principio
790 1991 1029 2016 individuationis
1044 1995 1152 2023 tangere
1168 1992 1291 2015 videntur
1309 2001 1321 2015 «
1339 2001 1441 2016 errores
1459 2001 1470 2015 ι)
1486 1993 1531 2021 81,
1548 1994 1591 2021 96,
1609 1993 1662 2016 191.
1683 1994 1765 2016 Immo
1780 1993 1908 2025 magister
1925 1993 2058 2017 Johannes
2074 1993 2106 2017 de
2123 1993 2242 2025 Neapoli,
2263 1993 2294 2018 Ο.
2314 1993 2354 2022 Ρ.,

481 2035 573 2058 scribit
591 2043 658 2058 saec.
675 2036 730 2058 XIV
747 2035 850 2059 ineunte
867 2036 891 2058 in
908 2044 955 2059 suo
972 2036 1114 2062 Quolibeto
1130 2037 1161 2064 II,
1183 2045 1226 2068 qu.
1244 2037 1302 2064 ult.,
1320 2045 1367 2060 suo
1382 2040 1500 2068 tempore
1517 2038 1646 2069 quosdam
1663 2037 1816 2066 credidisse,
1833 2046 1881 2069 per
1896 2041 2034 2069 sequentes
2051 2038 2176 2061 articulos
2196 2038 2221 2061 S.
2239 2038 2356 2062 Thomue

481 2080 622 2102 sententias
640 2088 696 2102 esse
712 2081 897 2103 condemnatas
914 2089 919 2103 z
938 2082 982 2108 79,
1000 2081 1027 2103 81
1048 2082 1089 2110 (cs.
1105 2082 1142 2109 27,
1159 2083 1199 2110 96,
1215 2081 1270 2113 97),
1288 2081 1350 2109 124,
1368 2082 1413 2104 129
1429 2083 1470 2111 (cf.
1489 2082 1559 2112 163);
1575 2090 1623 2113 per
1638 2082 1753 2113 primam
1767 2085 1870 2114 partem
1886 2082 1984 2106 erroris
2001 2083 2061 2111 156,
2077 2083 2138 2111 173,
2155 2083 2218 2111 187,
2235 2083 2293 2111 212,
2309 2083 2356 2106 218

480 2127 505 2147 et
532 2124 576 2146 219
601 2125 642 2153 (cf.
660 2125 692 2147 ad
717 2124 822 2147 ultimos
838 2125 978 2148 articulum
999 2125 1160 2148 contrarium
1176 2126 1239 2154 204).
1256 2126 1372 2149 Probare
1387 2126 1488 2156 nititur,
1508 2134 1555 2157 per
1570 2127 1673 2150 nullum
1694 2126 1800 2150 illorum
1820 2126 1943 2158 derogari
1961 2127 2096 2150 doctrinae
2116 2127 2142 2150 S.
2159 2127 2275 2151 Thomae
2295 2128 2353 2157 (ms.

480 2172 621 2191 conventus
638 2168 699 2192 Ord.
717 2169 808 2192 Praed.
823 2169 968 2193 Vindobon.
986 2170 1060 2197 in—l10,
1077 2170 1202 2193 articulos
1223 2170 1332 2201 insuper
1351 2171 1538 2194 condemnatos
1559 2171 1703 2200 continens,
1721 2171 1765 2195 sol.
1782 2171 1847 2202 98¹²).
1863 2172 1938 2195 Certe
1954 2171 1980 2194 in
1995 2171 2212 2195 condemnatione
2228 2180 2272 2195 an.
2291 2172 2352 2195 1277

480 2212 588 2235 Parisiis
600 2221 649 2235 non
659 2217 748 2244 aperte
763 2214 850 2245 agitur
866 2214 896 2237 de
911 2214 935 2237 S.
951 2214 1059 2237 Thomu.
1072 2214 1232 2237 Nominatim
1248 2215 1279 2237 de
1295 2215 1455 2246 quibusdam
1467 2215 1522 2246 ejus
1538 2215 1717 2246 opinionibus,
1733 2216 1890 2247 praesertim
1903 2217 1936 2240 de
1950 2216 2060 2240 unitate
2073 2217 2182 2247 formae
2198 2216 2224 2239 in
2239 2215 2354 2244 homine,

481 2260 619 2280 tractatum
639 2261 679 2280 est
703 2258 727 2280 in
748 2258 924 2281 Universitate
948 2258 1031 2282 Paris.
1049 2258 1135 2290 primo
1160 2258 1246 2282 adhuc
1266 2267 1295 2282 eo
1313 2259 1416 2282 vivente
1438 2263 1463 2283 et
1480 2263 1618 2291 praesente
1635 2268 1695 2283 ann.
1713 2261 1855 2287 1269-1271,
1875 2260 1968 2284 deinde
1987 2269 2017 2284 eo
2040 2264 2143 2284 mortuo
2158 2261 2226 2284 inter
2248 2261 2278 2284 20
2293 2259 2354 2284 Maii

481 2305 505 2324 et
520 2303 549 2324 25
564 2302 688 2325 Novemb.
709 2303 776 2331 1277,
794 2306 821 2326 ut
836 2307 948 2334 apparet
962 2312 993 2326 ex
1006 2303 1126 2334 epistolis
1141 2303 1270 2326 Johaunis
1286 2304 1418 2327 Peckham
1434 2304 1503 2327 infra
1518 2304 1551 2327 11¹⁵
1566 2305 1620 2333 517,
1635 2305 1688 2332 518,
1707 2306 1752 2328 523
1767 2305 1867 2328 relatis.

573 2346 635 2369 Post
653 2346 792 2369 editionem
813 2355 931 2370 errorum
954 2356 969 2370 a
996 2348 1138 2379 Stephano,
1159 2348 1283 2379 episcopo
1310 2348 1462 2377 Parisiensi,
1487 2352 1512 2372 et
1531 2357 1546 2372 a
1566 2349 1689 2378 Roberto,
1712 2349 1912 2381 archiepiscopo
1932 2349 2124 2381 Cantusriensi,
2143 2349 2354 2380 proscriptorum

483 2390 589 2421 quidam
604 2391 709 2421 ignotus
729 2391 808 2420 (haud
823 2391 901 2414 dubie
917 2392 943 2414 in
959 2392 1061 2423 Anglia)
1078 2392 1186 2423 majoris
1204 2393 1399 2416 commoditatis
1415 2393 1502 2424 gratia
1521 2394 1608 2417 varios
1625 2394 1747 2417 elenchos
1769 2402 1889 2418 errorum
1910 2402 2038 2425 processu
2053 2394 2179 2425 temporis
2199 2393 2310 2418 Parisiis
2328 2396 2355 2418 et

481 2434 594 2457 oxoniae
607 2435 790 2458 damnatorum
804 2435 829 2458 in
843 2444 923 2458 unum
934 2436 1041 2467 collegit
1051 2440 1076 2459 ct
1086 2437 1235 2468 composuit
1249 2437 1442 2462 Collectimem
1457 2444 1588 2462 errorum
1600 2439 1730 2463 omnium
1741 2439 1774 2463 in
1785 2438 1895 2469 Ληρὶία
1907 2443 1933 2463 et
1946 2438 2080 2463 Parisius
2090 2439 2352 2463 condemnatorum.

481 2479 523 2501 Uti
540 2478 607 2501 circa
623 2479 700 2501 finem
715 2488 781 2502 saec.
799 2480 856 2503 XIII
875 2480 994 2511 privatus
1013 2481 1128 2512 quidam,
1145 2481 1246 2504 seilicet
1258 2482 1360 2505 celeber
1378 2483 1410 2506 fr.
1427 2482 1565 2514 Aegydius‘
1580 2483 1611 2505 de
1632 2483 1722 2511 Roma,
1742 2483 1805 2507 Ord.
1825 2484 1851 2506 S.
1873 2483 2022 2515 Augustini,
2038 2482 2218 2507 collectionem
2233 2489 2353 2509 errorum

481 2522 698 2553 philosophorum
718 2524 873 2552 Aristotelis,
891 2525 1020 2553 Avcrrois,
1038 2525 1191 2554 Avicennae,
1213 2526 1353 2557 Algazelis,
1369 2526 1474 2550 Alkindi
1494 2530 1519 2550 et
1537 2527 1622 2550 Rabhi
1642 2527 1740 2559 Moysis
1761 2527 1871 2559 redegit,
1892 2531 1958 2551 teste
1977 2535 2026 2550 ms.
2047 2528 2077 2550 68
2094 2527 2121 2550 in
2140 2526 2208 2550 Bibl.
2230 2526 2352 2551 Univers.

482 2566 577 2589 Mntrit.
594 2566 635 2597 (cs.
655 2575 756 2590 errores
773 2568 797 2590 in
814 2568 881 2591 Bibl.
898 2572 950 2592 nat.
968 2569 1051 2592 Paris.
1071 2578 1134 2593 mss.
1151 2570 1196 2594 lat.
1215 2571 1299 2599 16195,
1316 2571 1360 2594 fol.
1378 2571 1424 2599 31,
1448 2572 1532 2599 16533,
1550 2572 1593 2595 fol.
1610 2573 1653 2600 47,
1670 2571 1738 2595 Bibl.
1760 2571 1887 2595 Escorial.
1909 2580 1958 2596 ms.
1976 2572 2004 2595 Τ.
2022 2572 2042 2595 1.
2059 2572 2097 2600 15,
2118 2570 2145 2595 in
2164 2571 2216 2595 fine
2235 2572 2247 2594 1
2267 2570 2353 2603 partin

482 2610 615 2634 Summae
631 2612 656 2634 S.
673 2611 804 2640 Thomae;
822 2613 941 2643 Amplon.
959 2614 1012 2636 Fol.
1030 2622 1078 2637 ms.
1096 2615 1150 2643 288,
1168 2615 1211 2638 fol.
1227 2616 1265 2643 27,
1279 2615 1437 2644 truncatim;
1459 2615 1523 2639 in-40
1546 2624 1594 2639 ms.
1612 2616 1665 2644 151,
1683 2617 1727 2640 fol.
1745 2617 1829 2645 11-19;
1846 2616 1914 2640 Bibl.
1931 2615 2060 2647 Burghes.
2077 2623 2126 2639 ms.
2149 2617 2202 2644 360,
2218 2615 2262 2638 fol.
2279 2615 2352 2644 307⁵,

481 2657 506 2677 et
527 2654 678 2685 imperfecte
698 2656 768 2686 apud
788 2656 952 2688 D'Argentre,
970 2666 994 2688 p.
1013 2659 1076 2687 238),
1098 2658 1135 2681 sie
1151 2662 1175 2682 et
1191 2667 1203 2682 «
1219 2659 1343 2683 Collectio
1364 2668 1483 2683 errorum
1500 2660 1525 2683 in
1541 2660 1636 2692 Anglia
1651 2664 1676 2684 et
1690 2660 1800 2684 Parisiis
1820 2660 2054 2684 condemnatorum
2070 2668 2082 2683 »
2100 2668 2131 2683 ex
2149 2668 2228 2691 opere
2247 2659 2352 2691 privato

480 2698 609 2729 provenit.
626 2699 754 2730 Pel-saepe
778 2700 804 2722 in
825 2709 886 2724 mss.
903 2702 1025 2730 occurrit,
1049 2711 1069 2726 v.
1092 2712 1117 2734 g.
1140 2703 1166 2726 iu
1186 2703 1253 2727 Bibl.
1274 2704 1305 2727 de
1320 2704 1409 2728 l'ecole
1423 2705 1455 2728 de
1468 2705 1601 2728 medecine
1617 2705 1648 2728 de
1663 2704 1838 2736 Montpellier,
1854 2713 1903 2728 ms.
1926 2705 1964 2728 33.
1986 2704 2055 2728 Bibl.
2076 2704 2206 2735 Burghes.
2223 2712 2272 2727 ma.
2296 2704 2350 2733 361,

482 2743 526 2766 sol.
542 2742 604 2765 219b
620 2743 760 2774 (scriptura
778 2745 899 2775 anglica).
915 2745 1037 2774 Oxoniae,
1054 2747 1152 2770 Merton
1167 2748 1231 2771 Coll.
1249 2757 1297 2771 ms.
1316 2749 1369 2776 267,
1387 2749 1430 2772 tol.
1449 2749 1502 2776 115,
1519 2749 1565 2772 ubi
1580 2757 1738 2780 responsum
1752 2749 1842 2772 datum
1858 2757 1873 2772 a
1888 2749 2002 2773 Roberto
2017 2748 2171 2779 Kilwardby
2185 2748 2314 2780 epistolae
2328 2748 2351 2772 ei

480 2795 495 2809 a
515 2787 542 2810 P.
564 2787 762 2819 archiepiscopo
782 2788 967 2818 Corinthiensi,
988 2790 1004 2813 i.
1024 2799 1045 2813 e.
1067 2791 1143 2815 Petro
1161 2792 1192 2815 de
1211 2792 1327 2816 Consseto
1350 2801 1395 2816 seu
1415 2793 1589 2822 Confluentis,
1610 2793 1640 2817 Ο.
1662 2794 1701 2822 Ρ.,
1722 2793 1820 2817 missae
1840 2793 1872 2817 de
1892 2793 2025 2825 aliquibus
2050 2792 2184 2816 erroribus
2205 2801 2220 2816 a
2240 2793 2351 2817 Roberto

480 2830 595 2854 Oxoniae
612 2832 790 2855 condemnatis
814 2834 955 2863 praecedit.
980 2834 1048 2858 Bibl.
1072 2839 1125 2859 nat.
1148 2836 1231 2860 Paris.
1257 2845 1320 2860 mss.
1345 2837 1390 2860 lat.
1412 2838 1496 2866 15661,
1523 2838 1567 2861 sol.
1590 2839 1634 2866 99,
1658 2838 1747 2866 15820,
1775 2837 1843 2861 Bibl.
1867 2838 1967 2860 Monac.
1990 2845 2039 2860 ms.
2058 2837 2104 2860 lat.
2121 2838 2191 2865 3798,
2217 2837 2261 2860 sol.
2291 2837 2349 2866 119,

480 2875 620 2907 Bamberg.
634 2876 662 2899 E.
677 2876 732 2904 VII,
753 2878 782 2899 59
795 2885 799 2904 ;
819 2878 938 2908 Amplon.
955 2878 980 2901 in
996 2879 1093 2907 Ersurt,
1106 2880 1182 2908 in-l10,
1196 2889 1244 2904 ms.
1260 2882 1312 2910 151,
1327 2882 1370 2905 sol.
1383 2883 1407 2905 2.
1424 2882 1590 2913 D’Argentre‚
1604 2882 1622 2905 l.
1637 2890 1669 2911 c.,
1684 2890 1710 2913 p.
1725 2882 1882 2907 184.1nista
1895 2881 2047 2905 collectione
2061 2889 2144 2913 paene
2160 2889 2265 2913 semper
2281 2884 2353 2905 ante-

480 2919 549 2943 cedit
568 2919 645 2943 index
661 2920 786 2951 capitum,
803 2921 895 2944 deinde
914 2921 1000 2953 primo
1024 2927 1157 2954 ponuntur
1180 2933 1282 2948 errores
1307 2934 1322 2948 a
1346 2925 1458 2950 Roberto
1474 2926 1630 2957 Kilwardby
1651 2926 1766 2950 Oxoniae
1783 2934 1825 2949 an.
1843 2926 1913 2955 1277,
1929 2925 2016 2949 Martii
2037 2926 2066 2949 18
2084 2927 2126 2956 (cf.
2147 2926 2217 2949 infra
2234 2930 2264 2949 n⁰
2284 2925 2349 2957 474),

480 2964 594 2987 secundo
607 2972 708 2988 errores
724 2973 739 2987 a
754 2965 893 2989 Guillelmo
913 2966 1036 2998 episcopo
1051 2968 1134 2991 Paris.
1156 2977 1197 2992 an.
1221 2970 1278 2992 1241
1295 2970 1412 2995 damuati
1429 2971 1520 3002 (supra
1539 2974 1569 2994 n⁰
1584 2971 1652 3000 128);
1674 2970 1781 2994 tertium
1800 2971 1886 2994 locum
1908 2973 2159 3002 occupant-errores
2182 2978 2197 2993 a
2217 2970 2350 3001 Stephano

2570 747 2580 851 ...m--.4¹
2571 686 2580 748 a—-ff
