2580 3528
727 323 737 354 A!

227 428 325 472 1258]
358 411 363 416 '

208 504 260 548 'et
282 513 416 560 ydonei
442 513 581 548 inventi
606 514 742 548 fuerint
761 514 820 548 vel
841 515 998 548 inveniri
1020 522 1203 561 poterunt,
1226 516 1270 549 de
1292 528 1509 562 quacunque
1531 517 1676 550 natione
1702 519 1849 558 suerint,
1876 519 1974 552 mille
2000 521 2108 565 quin-

569 441 617 463 ΑΒ
650 441 758 463 Anno
792 441 871 464 1100
904 441 1037 470 usone
1072 442 1121 464 An
1157 442 1388 465 ruinarum
1423 443 1464 465 iv
1498 444 1586 466 aas.
1624 445 1761 467 rame.
2040 439 2106 471 :3723

221 586 351 626 gentas
371 579 484 614 libras
509 580 703 626 parisiens.
732 593 798 627 pro
831 581 998 615 emendis
1023 581 1230 615 redditibus
1251 583 1390 616 eisdem
1413 582 1617 616 scolaribus
1639 596 1703 629 per
1724 596 1851 617 manus
1873 593 2105 619 executorum

221 657 386 680 meorum
419 646 575 680 inferius
608 654 864 681 contentorum
899 647 1188 690 distribuendas,
1224 648 1446 694 ubicumque
1481 649 1642 683 studium
1677 662 1717 683 se
1751 651 1974 684 transserat³.
2017 653 2105 685 ltem

222 711 362 746 eisdem
382 711 588 747 scolaribus
608 713 693 759 lego
714 725 844 747 omnes
866 713 981 748 libros
1002 726 1105 748 meos
1125 715 1171 748 de
1192 714 1390 761 theologia,
1411 722 1481 749 tam
1503 715 1650 758 hiblias,
1677 723 1748 762 tam
1768 717 1973 762 originalia,
1999 730 2104 762 quam

221 777 314 812 alios
339 778 457 812 libros
483 779 648 825 glosatos
675 787 711 813 et
736 780 1024 826 assignabuntur
1049 781 1103 814 eis
1123 793 1245 815 coram
1267 782 1451 827 magistris
1472 781 1671 828 theologie,
1698 783 1759 828 qui
1787 790 1872 816 tunc
1899 783 2035 829 legent.
2064 786 2103 817 Et

221 844 255 879 si
280 845 469 891 contingat
496 845 654 891 aliquem
683 847 728 880 de
756 846 961 881 scolaribus
988 848 1177 890 recedere,
1208 849 1421 894 promittent
1449 848 1544 882 bona
1571 849 1657 891 fide,
1686 849 1784 894 quod
1811 849 1967 895 aliquem
1995 850 2104 884 alium

221 910 358 945 bonum
379 911 462 946 loco
482 912 583 946 illius
604 912 840 947 substituent.
864 915 952 947 Item
975 913 1060 960 lego
1080 914 1237 948 ecclesie
1258 914 1353 948 beati
1375 915 1574 948 Mathurini
1598 916 1774 949 Parisien.
1801 916 1931 962 viginti
1958 917 2106 951 libratas

221 984 332 1020 terre,
367 990 457 1024 quas
492 978 580 1012 mihi
614 979 715 1013 dedit
749 980 920 1014 dominus
955 980 1122 1014 Matheus
1152 981 1197 1014 de
1232 981 1530 1023 Montemirabili,
1562 982 1650 1015 sitas
1685 982 1721 1015 in
1752 982 1908 1028 pedagio
1939 984 2106 1018 Feritatis

221 1044 420 1090 Anculphi,
446 1052 482 1079 et
507 1046 738 1079 medietatem
766 1046 866 1080 illius
895 1053 1003 1088 terre,
1031 1059 1137 1092 quam
1163 1059 1233 1093 ego
1261 1048 1331 1081 emi
1358 1049 1396 1081 in
1423 1048 1608 1082 territorio
1635 1049 1680 1082 de
1708 1048 1906 1089 Challiaco,
1934 1050 2103 1084 videlicet

219 1111 351 1157 viginti
372 1118 513 1157 septem
533 1118 681 1158 arpenta
702 1119 798 1146 terre
817 1112 979 1155 arabilis,
1000 1120 1035 1147 et
1056 1114 1122 1147 tria
1143 1121 1290 1159 arpenta
1311 1121 1347 1148 et
1365 1114 1555 1148 dimidium
1578 1115 1779 1156 vinearum,
1801 1123 1835 1149 et
1856 1116 1928 1149 duo
1950 1117 2103 1150 sextaria

219 1177 350 1211 hordei
379 1178 424 1212 ad
454 1178 718 1221 molendinum,
749 1186 786 1213 et
811 1179 884 1213 duo
912 1187 1061 1226 arpenta
1091 1187 1289 1226 pratorum,
1319 1187 1355 1214 et
1383 1181 1610 1214 medietatem
1647 1182 1775 1215 minuti
1810 1195 1957 1221 census,
1994 1196 2100 1229 quem

220 1243 357 1278 ibidem
390 1244 507 1278 habeo
542 1252 578 1278 et
610 1245 822 1291 hospitium.
853 1245 969 1279 Aliam
1000 1259 1088 1279 vero
1118 1247 1348 1280 medietatem
1378 1247 1462 1293 lego
1492 1247 1666 1281 fratribus
1694 1248 1739 1282 de
1768 1249 1870 1283 Valle
1901 1249 2100 1283 Scolarium

220 1309 356 1344 ibidem
391 1312 705 1353 commorantium,
741 1312 772 1345 si
807 1312 966 1346 fideliter
998 1312 1043 1346 ad
1077 1312 1145 1346 hoc
1178 1313 1342 1346 laborare
1377 1313 1576 1353 voluerint,
1610 1315 1709 1360 quod
1743 1315 1779 1348 in
1814 1328 1920 1349 manu
1962 1324 2100 1350 mortua

219 1383 400 1419 teneatur,
421 1377 520 1423 quod
546 1377 640 1412 bene
661 1385 845 1423 poterunt.
871 1380 957 1412 [tem
979 1379 1063 1424 lego
1084 1379 1305 1413 monialibus
1331 1381 1439 1413 Beate
1461 1381 1573 1414 Marie
1595 1381 1639 1414 de
1661 1381 1826 1427 Papelart
1845 1383 1950 1416 vinee
1972 1384 2101 1429 viginti

218 1442 367 1478 libratas
389 1450 498 1486 terre,
519 1456 610 1490 quas
631 1444 719 1478 mihi
739 1445 842 1478 dedit
865 1445 1050 1479 comitissa
1076 1446 1121 1479 de
1147 1446 1299 1479 Bolonia
1326 1446 1362 1479 in
1383 1447 1568 1480 territorio
1594 1447 1639 1480 de
1666 1448 1820 1481 Roulers
1845 1449 2101 1495 assignandas,

218 1516 255 1544 et
277 1522 359 1544 cum
381 1510 449 1544 hoc
470 1510 544 1544 duo
564 1510 717 1545 miliaria
737 1510 931 1553 halecium,
957 1523 1028 1557 que
1056 1524 1127 1558 ego
1153 1519 1280 1546 teneor
1300 1513 1465 1558 accipere
1486 1513 1581 1558 apud
1603 1514 1805 1555 Boloniam,
1832 1522 1867 1548 et
1892 1515 1976 1549 volo
2002 1517 2099 1562 quod

217 1575 279 1610 ille
298 1577 429 1623 viginti
448 1576 578 1611 librate
599 1584 858 1611 convertantur
878 1578 915 1611 in
934 1578 1058 1612 vinum
1081 1585 1244 1624 tempore
1265 1579 1530 1612 vindemiarum
1550 1580 1595 1613 ad
1616 1592 1709 1626 opus
1730 1581 1940 1614 monialium
1960 1583 2100 1627 predic-

218 1649 350 1678 tarum.
378 1644 468 1677 Item
496 1643 581 1690 lego
608 1644 764 1678 ecclesie
791 1645 837 1678 de
863 1646 987 1678 Monte
1015 1644 1110 1678 beati
1139 1645 1284 1679 Martini
1311 1646 1588 1680 Cameracensis
1616 1647 1776 1680 diocesis
1804 1648 1928 1681 decem
1958 1649 2100 1683 modios

216 1721 332 1744 avene
352 1710 397 1744 ad
417 1722 624 1744 mensuram
646 1712 888 1753 Duacensem,
906 1718 942 1745 et
960 1711 1089 1758 viginti
1109 1712 1254 1745 modios
1274 1711 1385 1754 bladi,
1403 1724 1497 1758 quos
1518 1712 1606 1746 mihi
1628 1713 1729 1747 dedit
1749 1714 1894 1748 domina
1914 1716 2099 1750 comitissa

216 1776 327 1810 modo
352 1776 391 1810 in
414 1777 577 1819 seudum,
604 1777 671 1811 sed
696 1784 779 1824 post
802 1784 956 1812 mortem
982 1790 1084 1812 suam
1105 1778 1149 1812 ad
1170 1778 1342 1812 denarios
1362 1779 1567 1814 censuales.
1595 1781 1684 1813 Item
1712 1780 1795 1826 lego
1821 1781 1977 1815 ecclesie
2004 1782 2098 1817 beati

216 1843 383 1887 Quintini
418 1843 457 1877 in
490 1844 727 1878 Viromandia
755 1851 900 1878 eentum
931 1844 1044 1878 libras
1078 1845 1272 1890 parisiens.
1311 1857 1376 1891 pro
1412 1846 1662 1880 anniversario
1693 1859 1774 1880 meo
1805 1848 1963 1894 singulis
1992 1850 2098 1883 annis

214 1909 397 1952 faciendo,
426 1917 463 1944 et
490 1910 646 1944 ecclesie
675 1910 780 1945 beate
805 1911 918 1945 Marie
944 1911 1228 1946 Silvanectensis
1253 1913 1440 1958 sexaginta
1465 1912 1578 1946 libras
1606 1926 1672 1959 pro
1699 1914 1854 1948 emendo
1883 1916 2026 1950 redditu
2051 1917 2096 1950 ad

215 1971 506 2007 anniversarium
528 1985 648 2007 meum
671 1973 830 2020 singulis
846 1973 952 2007 annis
968 1974 1186 2008 faciendum.
1210 1975 1298 2008 Item
1321 1975 1471 2020 assigno
1489 1987 1618 2009 novem
1636 1975 1763 2018 libras,
1784 1989 1874 2022 quas
1895 1989 1964 2023 ego
1981 1978 2097 2013 habeo

215 2038 312 2084 apud
346 2040 522 2081 Duaeum,
551 2051 623 2086 que
651 2041 801 2074 suerunt
829 2040 875 2074 de
905 2047 1005 2087 patre
1034 2047 1071 2075 et
1098 2048 1210 2075 matre
1240 2053 1318 2075 mea
1349 2053 1414 2087 pro
1444 2042 1571 2087 majori
1602 2049 1702 2088 parte
1731 2043 1775 2076 ad
1804 2045 2093 2079 constituendam

215 2105 452 2151 capellaniam
476 2106 514 2140 in
539 2106 694 2141 ecclesia
719 2106 815 2141 beati
839 2107 937 2141 Petri
962 2108 1178 2142 Duacensis.
1209 2109 1252 2142 Et
1271 2108 1355 2142 volo
1382 2109 1481 2154 quod
1506 2116 1672 2143 emantur
1697 2111 1883 2156 sexaginta
1911 2111 2020 2146 solidi
2049 2113 2095 2146 de

216 2183 298 2206 meo
318 2172 429 2206 annui
450 2172 630 2215 redditus,
651 2173 698 2207 ita
724 2173 823 2220 quod
843 2173 1042 2220 capellania
1061 2174 1178 2208 valeat
1197 2175 1390 2208 duodecim
1412 2175 1525 2209 libras
1545 2187 1626 2209 cum
1648 2176 1971 2212 distributionibus
1994 2180 2092 2212 Beati

215 2238 326 2280 Petri,
366 2250 436 2284 que
467 2239 511 2273 ad
545 2239 777 2274 collationem
807 2241 1065 2274 canonicorum
1093 2242 1193 2275 Beati
1224 2242 1319 2275 Petri
1356 2241 1564 2287 pertinebit.
1601 2244 1859 2277 Verumtamen
1890 2245 1972 2290 quia
2006 2258 2093 2290 pau-

216 2317 339 2351 perem
365 2304 482 2339 habeo
506 2306 667 2347 fratrem,
694 2318 771 2340 eam
799 2313 920 2340 teneat
944 2307 1116 2352 quamdiu
1140 2307 1283 2341 vixerit.
1312 2309 1355 2342 Et
1382 2308 1412 2341 si
1439 2309 1625 2354 contingat
1654 2309 1810 2354 aliquem
1840 2311 2016 2351 invenire,
2046 2312 2091 2345 110

215 2383 288 2417 quo
317 2378 418 2417 pater
442 2383 546 2406 meus
570 2371 628 2406 vel
656 2378 769 2406 mater
796 2385 873 2406 mea
893 2372 1031 2419 aliquid
1052 2372 1245 2408 habuerint
1266 2374 1401 2419 injuste
1427 2381 1462 2408 et
1487 2375 1605 2420 possit
1625 2375 1783 2420 probari,
1810 2376 1892 2410 volo
1921 2378 2018 2422 quod
2045 2378 2091 2411 110

215 2449 297 2471 meo
322 2438 545 2472 restituatur.
571 2438 651 2481 Que
675 2445 793 2472 autem
820 2438 1008 2473 manifesta
1032 2446 1130 2481 sunt,
1155 2446 1299 2485 oportet
1323 2440 1421 2485 quod
1448 2440 1519 2474 cito
1548 2441 1759 2483 reddantur,
1785 2442 1878 2476 sicut
1903 2444 2091 2478 comitisse

214 2504 261 2538 de
294 2503 480 2539 Challiaeo
514 2505 661 2550 triginta
694 2516 758 2538 sex
786 2504 893 2545 libre,
929 2505 1118 2539 Mansredo
1148 2512 1293 2539 centum
1328 2505 1451 2547 solidi,
1485 2506 1620 2540 Jacobo
1654 2514 1798 2541 centum
1831 2509 1954 2551 solidi,
1990 2518 2023 2544 et
2059 2511 2088 2544 si

213 2570 370 2617 amplius
407 2571 592 2617 petierint,
631 2583 748 2617 usque
791 2571 835 2605 ad
876 2578 1016 2617 septem
1050 2571 1176 2614 libras,
1212 2572 1318 2606 detur
1357 2572 1410 2614 ei;
1452 2572 1597 2606 Heluidi
1634 2585 1720 2607 vero
1759 2575 1945 2621 sexaginta
1980 2577 2089 2611 solidi

216 2637 424 2684 parisiens„
461 2644 498 2672 et
533 2637 754 2672 tantumdem
786 2637 933 2671 domine
970 2638 1174 2672 Hodienne.
1213 2640 1301 2672 Item
1332 2638 1416 2685 lego
1446 2639 1490 2673 ad
1520 2639 1685 2685 injurias,
1724 2641 1755 2674 si
1791 2641 1975 2688 aliquibus
2005 2644 2087 2685 feci,

214 2709 394 2738 trecentas
426 2703 539 2738 libras
573 2704 791 2751 parisiens.;
829 2705 927 2750 quod
964 2705 995 2738 si
1032 2705 1119 2751 quid
1157 2706 1373 2739 remanserit
1405 2717 1470 2751 per
1499 2717 1627 2740 manus
1660 2714 1893 2742 executorum
1925 2721 2086 2744 meorum

213 2769 367 2804 inferius
407 2777 677 2813 contentorum,
712 2770 935 2817 pauperibus
968 2771 1118 2805 minutis
1151 2771 1363 2806 denariatim
1400 2771 1652 2807 distribuatur.
1689 2774 1776 2807 110111
1811 2774 1895 2821 lego
1933 2776 2089 2810 ecclesie

214 2835 317 2871 beate
343 2837 532 2871 Genovese
561 2837 781 2872 Parisiensis
812 2845 956 2872 centum
990 2837 1102 2872 libras
1130 2838 1323 2884 parisiens.
1357 2838 1401 2872 ad
1428 2839 1604 2873 emendos
1637 2840 1802 2874 redditus
1832 2854 1896 2887 pro
1921 2843 2089 2877 anniver-

213 2902 310 2937 surio
338 2914 420 2937 meo
447 2903 606 2950 singulis
629 2904 735 2939 annis
762 2904 942 2947 faciendo,
964 2904 1026 2950 qui
1051 2911 1158 2939 erunt
1182 2905 1226 2939 ad
1252 2905 1463 2951 pictanciam
1489 2905 1652 2940 fratrum.
1678 2907 1765 2940 Item
1795 2907 1965 2954 hospitali
1991 2910 2086 2955 apud

213 2969 374 3003 Duacum
414 2969 540 3004 decem
574 2969 699 3004 libras.
737 2971 824 3005 ltem
861 2970 1031 3017 hospitali
1067 2971 1187 3005 Sam-ti
1221 2971 1386 3014 Quintini
1417 2971 1542 3005 decem
1574 2971 1698 3006 libras.
1738 2974 1825 3007 110111
1860 2975 1988 3008 Domui
2022 2976 2085 3008 Dei
