<?xml version="1.0" encoding="UTF-8"?>
<!DOCTYPE html PUBLIC "-//W3C//DTD XHTML 1.0 Transitional//EN"
    "http://www.w3.org/TR/xhtml1/DTD/xhtml1-transitional.dtd">
<html xmlns="http://www.w3.org/1999/xhtml" xml:lang="en" lang="en">
 <head>
  <title>
</title>
<meta http-equiv="Content-Type" content="text/html;charset=utf-8" />
  <meta name='ocr-system' content='tesseract 3.04.00' />
  <meta name='ocr-capabilities' content='ocr_page ocr_carea ocr_par ocr_line ocrx_word'/>
</head>
<body>
  <div class='ocr_page' id='page_1' title='image "./chartulariumuniv01univuoft_0020.png"; bbox 0 0 2618 3640; ppageno 0'>
   <div class='ocr_carea' id='block_1_1' title="bbox 544 443 1837 472">
    <p class='ocr_par' dir='ltr' id='par_1_1' title="bbox 544 443 1837 472">
     <span class='ocr_line' id='line_1_1' title="bbox 544 443 1837 472; baseline -0.005 0"><span class='ocrx_word' id='word_1_1' title='bbox 544 451 603 472; x_wconf 86' lang='lat' dir='ltr'>XIV</span> <span class='ocrx_word' id='word_1_2' title='bbox 1121 445 1443 469; x_wconf 74' lang='lat' dir='ltr'>CHARTULAMUM</span> <span class='ocrx_word' id='word_1_3' title='bbox 1478 444 1670 467; x_wconf 81' lang='lat' dir='ltr'>UNIVERS.</span> <span class='ocrx_word' id='word_1_4' title='bbox 1707 443 1837 465; x_wconf 70' lang='lat' dir='ltr'>PARlS.</span> 
     </span>
    </p>
   </div>
   <div class='ocr_carea' id='block_1_2' title="bbox 544 515 2481 2935">
    <p class='ocr_par' dir='ltr' id='par_1_2' title="bbox 544 515 2433 784">
     <span class='ocr_line' id='line_1_2' title="bbox 544 515 2431 573; baseline -0.006 -11"><span class='ocrx_word' id='word_1_5' title='bbox 544 525 778 573; x_wconf 80' lang='lat' dir='ltr'>obligationes</span> <span class='ocrx_word' id='word_1_6' title='bbox 802 529 836 560; x_wconf 89' lang='lat' dir='ltr'>et</span> <span class='ocrx_word' id='word_1_7' title='bbox 859 523 1131 560; x_wconf 75' lang='lat' dir='ltr'>constitutiones</span> <span class='ocrx_word' id='word_1_8' title='bbox 1146 522 1217 558; x_wconf 84' lang='lat' dir='ltr'>fide</span> <span class='ocrx_word' id='word_1_9' title='bbox 1233 521 1286 558; x_wconf 80' lang='lat' dir='ltr'>vel</span> <span class='ocrx_word' id='word_1_10' title='bbox 1309 533 1403 569; x_wconf 89' lang='lat' dir='ltr'>pena</span> <span class='ocrx_word' id='word_1_11' title='bbox 1423 520 1476 557; x_wconf 89' lang='lat' dir='ltr'>vel</span> <span class='ocrx_word' id='word_1_12' title='bbox 1498 521 1704 569; x_wconf 89' lang='lat' dir='ltr'>juramento</span> <span class='ocrx_word' id='word_1_13' title='bbox 1722 518 1895 554; x_wconf 86' lang='lat' dir='ltr'>vallatas»</span> <span class='ocrx_word' id='word_1_14' title='bbox 1920 517 2076 554; x_wconf 83' lang='lat' dir='ltr'>faciendi</span> <span class='ocrx_word' id='word_1_15' title='bbox 2097 517 2133 552; x_wconf 91' lang='lat' dir='ltr'>in</span> <span class='ocrx_word' id='word_1_16' title='bbox 2149 516 2255 553; x_wconf 85' lang='lat' dir='ltr'>certis</span> <span class='ocrx_word' id='word_1_17' title='bbox 2275 515 2431 560; x_wconf 83' lang='lat' dir='ltr'>casibus,</span> 
     </span>
     <span class='ocr_line' id='line_1_3' title="bbox 547 588 2430 645; baseline -0.005 -12"><span class='ocrx_word' id='word_1_18' title='bbox 547 601 667 645; x_wconf 81' lang='lat' dir='ltr'>utpote</span> <span class='ocrx_word' id='word_1_19' title='bbox 688 597 732 633; x_wconf 89' lang='lat' dir='ltr'>de</span> <span class='ocrx_word' id='word_1_20' title='bbox 755 596 915 632; x_wconf 87' lang='lat' dir='ltr'>taxandis</span> <span class='ocrx_word' id='word_1_21' title='bbox 935 595 1113 643; x_wconf 79' lang='lat' dir='ltr'>hospitiis,</span> <span class='ocrx_word' id='word_1_22' title='bbox 1137 594 1182 630; x_wconf 90' lang='lat' dir='ltr'>de</span> <span class='ocrx_word' id='word_1_23' title='bbox 1200 593 1339 637; x_wconf 86' lang='lat' dir='ltr'>habitu,</span> <span class='ocrx_word' id='word_1_24' title='bbox 1367 593 1411 629; x_wconf 90' lang='lat' dir='ltr'>de</span> <span class='ocrx_word' id='word_1_25' title='bbox 1435 592 1632 640; x_wconf 79' lang='lat' dir='ltr'>sepultura,</span> <span class='ocrx_word' id='word_1_26' title='bbox 1657 592 1702 627; x_wconf 90' lang='lat' dir='ltr'>de</span> <span class='ocrx_word' id='word_1_27' title='bbox 1724 589 1944 626; x_wconf 89' lang='lat' dir='ltr'>lectionibus</span> <span class='ocrx_word' id='word_1_28' title='bbox 1964 593 1999 625; x_wconf 90' lang='lat' dir='ltr'>et</span> <span class='ocrx_word' id='word_1_29' title='bbox 2022 588 2340 637; x_wconf 81' lang='lat' dir='ltr'>disputationibus,</span> <span class='ocrx_word' id='word_1_30' title='bbox 2364 593 2430 624; x_wconf 83' lang='lat' dir='ltr'>etc.</span> 
     </span>
     <span class='ocr_line' id='line_1_4' title="bbox 549 659 2433 717; baseline -0.005 -12"><span class='ocrx_word' id='word_1_31' title='bbox 549 669 651 717; x_wconf 84' lang='lat' dir='ltr'>(Vz&#39;d.</span> <span class='ocrx_word' id='word_1_32' title='bbox 681 671 720 704; x_wconf 78' lang='lat'>11⁰</span> <span class='ocrx_word' id='word_1_33' title='bbox 747 668 821 715; x_wconf 85' lang='grc'>20).</span> <span class='ocrx_word' id='word_1_34' title='bbox 855 669 1039 703; x_wconf 88' lang='lat' dir='ltr'>Praeterea</span> <span class='ocrx_word' id='word_1_35' title='bbox 1066 677 1163 702; x_wconf 89' lang='lat' dir='ltr'>anno</span> <span class='ocrx_word' id='word_1_36' title='bbox 1200 667 1411 702; x_wconf 85' lang='grc'>1218-1219</span> <span class='ocrx_word' id='word_1_37' title='bbox 1442 664 1624 701; x_wconf 89' lang='lat' dir='ltr'>Honorius</span> <span class='ocrx_word' id='word_1_38' title='bbox 1652 664 1699 698; x_wconf 92' lang='lat' dir='ltr'>Ill</span> <span class='ocrx_word' id='word_1_39' title='bbox 1724 666 1762 698; x_wconf 88' lang='lat' dir='ltr'>ut</span> <span class='ocrx_word' id='word_1_40' title='bbox 1791 661 1975 698; x_wconf 78' lang='lat' dir='ltr'>scholares</span> <span class='ocrx_word' id='word_1_41' title='bbox 2001 660 2147 697; x_wconf 89' lang='lat' dir='ltr'>licentia</span> <span class='ocrx_word' id='word_1_42' title='bbox 2176 660 2291 709; x_wconf 86' lang='lat' dir='ltr'>digni,</span> <span class='ocrx_word' id='word_1_43' title='bbox 2326 659 2433 696; x_wconf 86' lang='lat' dir='ltr'>etiam</span> 
     </span>
     <span class='ocr_line' id='line_1_5' title="bbox 544 735 1755 784; baseline -0.006 -8"><span class='ocrx_word' id='word_1_44' title='bbox 544 741 653 777; x_wconf 86' lang='lat' dir='ltr'>invito</span> <span class='ocrx_word' id='word_1_45' title='bbox 667 740 903 782; x_wconf 82' lang='lat' dir='ltr'>Cancellario,</span> <span class='ocrx_word' id='word_1_46' title='bbox 922 751 963 775; x_wconf 89' lang='lat' dir='ltr'>ea</span> <span class='ocrx_word' id='word_1_47' title='bbox 981 739 1185 774; x_wconf 76' lang='lat' dir='ltr'>fruerentur</span> <span class='ocrx_word' id='word_1_48' title='bbox 1201 737 1377 773; x_wconf 85' lang='lat' dir='ltr'>concessit</span> <span class='ocrx_word' id='word_1_49' title='bbox 1395 735 1493 784; x_wconf 68' lang='lat' dir='ltr'>(Vm.</span> <span class='ocrx_word' id='word_1_50' title='bbox 1513 735 1559 771; x_wconf 81' lang='lat' dir='ltr'>nis</span> <span class='ocrx_word' id='word_1_51' title='bbox 1573 738 1617 771; x_wconf 91' lang='grc'>27</span> <span class='ocrx_word' id='word_1_52' title='bbox 1634 737 1668 771; x_wconf 89' lang='lat' dir='ltr'>et</span> <span class='ocrx_word' id='word_1_53' title='bbox 1682 735 1755 778; x_wconf 85' lang='grc'>29).</span> 
     </span>
    </p>

    <p class='ocr_par' dir='ltr' id='par_1_3' title="bbox 544 803 2436 1350">
     <span class='ocr_line' id='line_1_6' title="bbox 646 803 2434 855; baseline -0.004 -8"><span class='ocrx_word' id='word_1_54' title='bbox 646 814 697 848; x_wconf 92' lang='lat' dir='ltr'>lta</span> <span class='ocrx_word' id='word_1_55' title='bbox 715 811 848 847; x_wconf 89' lang='lat' dir='ltr'>sensim</span> <span class='ocrx_word' id='word_1_56' title='bbox 871 810 1095 846; x_wconf 85' lang='lat' dir='ltr'>adolescebat</span> <span class='ocrx_word' id='word_1_57' title='bbox 1111 809 1328 845; x_wconf 86' lang='lat' dir='ltr'>Universitas</span> <span class='ocrx_word' id='word_1_58' title='bbox 1347 807 1604 855; x_wconf 84' lang='lat' dir='ltr'>crescebatque</span> <span class='ocrx_word' id='word_1_59' title='bbox 1623 806 1831 854; x_wconf 87' lang='lat' dir='ltr'>privilegiis,</span> <span class='ocrx_word' id='word_1_60' title='bbox 1858 809 1898 841; x_wconf 92' lang='lat' dir='ltr'>ut</span> <span class='ocrx_word' id='word_1_61' title='bbox 1918 805 2034 842; x_wconf 73' lang='lat' dir='ltr'>verbis</span> <span class='ocrx_word' id='word_1_62' title='bbox 2056 804 2211 841; x_wconf 88' lang='lat' dir='ltr'>auctoris</span> <span class='ocrx_word' id='word_1_63' title='bbox 2227 803 2310 840; x_wconf 87' lang='lat' dir='ltr'>libri</span> <span class='ocrx_word' id='word_1_64' title='bbox 2328 803 2434 851; x_wconf 73' lang='lat' dir='ltr'>Oriyo</span> 
     </span>
     <span class='ocr_line' id='line_1_7' title="bbox 545 875 2435 929; baseline -0.005 -9"><span class='ocrx_word' id='word_1_65' title='bbox 545 895 625 920; x_wconf 83' lang='lat' dir='ltr'>vera</span> <span class='ocrx_word' id='word_1_66' title='bbox 645 889 804 927; x_wconf 87' lang='lat' dir='ltr'>utamur,</span> <span class='ocrx_word' id='word_1_67' title='bbox 831 881 1114 929; x_wconf 86' lang='lat' dir='ltr'>restringebatur</span> <span class='ocrx_word' id='word_1_68' title='bbox 1128 893 1210 917; x_wconf 80' lang='lat' dir='ltr'>vero</span> <span class='ocrx_word' id='word_1_69' title='bbox 1233 880 1447 916; x_wconf 87' lang='lat' dir='ltr'>Cancellarii</span> <span class='ocrx_word' id='word_1_70' title='bbox 1467 879 1675 915; x_wconf 75' lang='lat' dir='ltr'>auctoritas.</span> <span class='ocrx_word' id='word_1_71' title='bbox 1695 878 1843 914; x_wconf 91' lang='lat' dir='ltr'>Minime</span> <span class='ocrx_word' id='word_1_72' title='bbox 1859 881 1977 913; x_wconf 90' lang='lat' dir='ltr'>tamen</span> <span class='ocrx_word' id='word_1_73' title='bbox 2001 876 2181 913; x_wconf 89' lang='lat' dir='ltr'>sententia</span> <span class='ocrx_word' id='word_1_74' title='bbox 2197 877 2278 911; x_wconf 87' lang='lat' dir='ltr'>Car.</span> <span class='ocrx_word' id='word_1_75' title='bbox 2297 875 2435 911; x_wconf 87' lang='lat' dir='ltr'>Thurot</span> 
     </span>
     <span class='ocr_line' id='line_1_8' title="bbox 544 947 2434 1003; baseline -0.005 -11"><span class='ocrx_word' id='word_1_76' title='bbox 544 955 783 1003; x_wconf 84' lang='lat' dir='ltr'>amplexanda</span> <span class='ocrx_word' id='word_1_77' title='bbox 803 966 950 991; x_wconf 88' lang='lat' dir='ltr'>omnem</span> <span class='ocrx_word' id='word_1_78' title='bbox 973 953 1220 989; x_wconf 89' lang='lat' dir='ltr'>auctoritatem</span> <span class='ocrx_word' id='word_1_79' title='bbox 1244 951 1467 987; x_wconf 88' lang='lat' dir='ltr'>Cancellario</span> <span class='ocrx_word' id='word_1_80' title='bbox 1487 948 1749 986; x_wconf 83' lang='lat' dir='ltr'>detrahentis¹.</span> <span class='ocrx_word' id='word_1_81' title='bbox 1776 949 2007 997; x_wconf 77' lang='lat' dir='ltr'>privilegium</span> <span class='ocrx_word' id='word_1_82' title='bbox 2030 947 2175 984; x_wconf 89' lang='lat' dir='ltr'>Roberti</span> <span class='ocrx_word' id='word_1_83' title='bbox 2199 947 2242 983; x_wconf 91' lang='lat' dir='ltr'>de</span> <span class='ocrx_word' id='word_1_84' title='bbox 2266 948 2434 991; x_wconf 73' lang='lat' dir='ltr'>Courcon</span> 
     </span>
     <span class='ocr_line' id='line_1_9' title="bbox 547 1018 2436 1074; baseline -0.005 -11"><span class='ocrx_word' id='word_1_85' title='bbox 547 1028 636 1064; x_wconf 82' lang='lat' dir='ltr'>forte</span> <span class='ocrx_word' id='word_1_86' title='bbox 663 1038 786 1063; x_wconf 87' lang='lat' dir='ltr'>ansam</span> <span class='ocrx_word' id='word_1_87' title='bbox 807 1026 973 1074; x_wconf 88' lang='lat' dir='ltr'>praebuit</span> <span class='ocrx_word' id='word_1_88' title='bbox 998 1028 1167 1072; x_wconf 89' lang='lat' dir='ltr'>quattuor</span> <span class='ocrx_word' id='word_1_89' title='bbox 1189 1024 1358 1059; x_wconf 86' lang='lat' dir='ltr'>Nationes</span> <span class='ocrx_word' id='word_1_90' title='bbox 1387 1022 1630 1059; x_wconf 87' lang='lat' dir='ltr'>constituendi</span> <span class='ocrx_word' id='word_1_91' title='bbox 1660 1026 1694 1058; x_wconf 91' lang='lat' dir='ltr'>et</span> <span class='ocrx_word' id='word_1_92' title='bbox 1726 1021 1811 1057; x_wconf 87' lang='lat' dir='ltr'>inde</span> <span class='ocrx_word' id='word_1_93' title='bbox 1837 1032 1971 1056; x_wconf 92' lang='lat' dir='ltr'>novum</span> <span class='ocrx_word' id='word_1_94' title='bbox 1997 1019 2160 1056; x_wconf 84' lang='lat' dir='ltr'>fomitem</span> <span class='ocrx_word' id='word_1_95' title='bbox 2186 1018 2312 1055; x_wconf 80' lang='lat' dir='ltr'>litibus</span> <span class='ocrx_word' id='word_1_96' title='bbox 2340 1019 2436 1054; x_wconf 88' lang='lat' dir='ltr'>inter</span> 
     </span>
     <span class='ocr_line' id='line_1_10' title="bbox 546 1090 2434 1143; baseline -0.005 -8"><span class='ocrx_word' id='word_1_97' title='bbox 546 1099 809 1135; x_wconf 89' lang='lat' dir='ltr'>Caneellarium</span> <span class='ocrx_word' id='word_1_98' title='bbox 842 1097 1188 1143; x_wconf 87' lang='lat' dir='ltr'>Universitatemque</span> <span class='ocrx_word' id='word_1_99' title='bbox 1211 1094 1363 1131; x_wconf 87' lang='lat' dir='ltr'>addidit.</span> <span class='ocrx_word' id='word_1_100' title='bbox 1392 1095 1500 1130; x_wconf 89' lang='lat' dir='ltr'>Anno</span> <span class='ocrx_word' id='word_1_101' title='bbox 1529 1096 1622 1129; x_wconf 86' lang='grc'>1219</span> <span class='ocrx_word' id='word_1_102' title='bbox 1648 1093 1840 1141; x_wconf 88' lang='lat' dir='ltr'>episcopus</span> <span class='ocrx_word' id='word_1_103' title='bbox 1867 1091 2079 1127; x_wconf 88' lang='lat' dir='ltr'>Parisiensis</span> <span class='ocrx_word' id='word_1_104' title='bbox 2101 1093 2228 1127; x_wconf 87' lang='lat' dir='ltr'>contra</span> <span class='ocrx_word' id='word_1_105' title='bbox 2252 1090 2434 1127; x_wconf 88' lang='lat' dir='ltr'>scholares</span> 
     </span>
     <span class='ocr_line' id='line_1_11' title="bbox 545 1161 2436 1217; baseline -0.005 -10"><span class='ocrx_word' id='word_1_106' title='bbox 545 1174 717 1207; x_wconf 87' lang='lat' dir='ltr'>statutum</span> <span class='ocrx_word' id='word_1_107' title='bbox 737 1171 812 1217; x_wconf 86' lang='lat' dir='ltr'>jam</span> <span class='ocrx_word' id='word_1_108' title='bbox 836 1173 1076 1204; x_wconf 87' lang='lat' dir='ltr'>memoratum</span> <span class='ocrx_word' id='word_1_109' title='bbox 1102 1166 1284 1204; x_wconf 90' lang='lat' dir='ltr'>Octaviani</span> <span class='ocrx_word' id='word_1_110' title='bbox 1305 1165 1515 1213; x_wconf 83' lang='lat' dir='ltr'>Odonisque</span> <span class='ocrx_word' id='word_1_111' title='bbox 1535 1165 1579 1202; x_wconf 91' lang='lat' dir='ltr'>de</span> <span class='ocrx_word' id='word_1_112' title='bbox 1602 1163 1930 1213; x_wconf 87' lang='lat' dir='ltr'>conspirationibus</span> <span class='ocrx_word' id='word_1_113' title='bbox 1951 1161 2339 1210; x_wconf 85' lang='lat' dir='ltr'>conjurationibusque</span> <span class='ocrx_word' id='word_1_114' title='bbox 2360 1173 2436 1199; x_wconf 92' lang='lat' dir='ltr'>non</span> 
     </span>
     <span class='ocr_line' id='line_1_12' title="bbox 546 1233 2435 1289; baseline -0.004 -11"><span class='ocrx_word' id='word_1_115' title='bbox 546 1242 721 1278; x_wconf 83' lang='lat' dir='ltr'>faciendis</span> <span class='ocrx_word' id='word_1_116' title='bbox 737 1241 898 1289; x_wconf 77' lang='lat' dir='ltr'>protulit,</span> <span class='ocrx_word' id='word_1_117' title='bbox 925 1239 1106 1276; x_wconf 84' lang='lat' dir='ltr'>scholares</span> <span class='ocrx_word' id='word_1_118' title='bbox 1124 1250 1224 1275; x_wconf 87' lang='lat' dir='ltr'>arma</span> <span class='ocrx_word' id='word_1_119' title='bbox 1243 1241 1428 1286; x_wconf 88' lang='lat' dir='ltr'>portantes</span> <span class='ocrx_word' id='word_1_120' title='bbox 1451 1241 1485 1274; x_wconf 91' lang='lat' dir='ltr'>et</span> <span class='ocrx_word' id='word_1_121' title='bbox 1509 1241 1615 1274; x_wconf 88' lang='lat' dir='ltr'>nocte</span> <span class='ocrx_word' id='word_1_122' title='bbox 1637 1236 1848 1273; x_wconf 85' lang='lat' dir='ltr'>incedentes</span> <span class='ocrx_word' id='word_1_123' title='bbox 1871 1247 1936 1284; x_wconf 89' lang='lat' dir='ltr'>pro</span> <span class='ocrx_word' id='word_1_124' title='bbox 1961 1246 2047 1271; x_wconf 89' lang='lat' dir='ltr'>suae</span> <span class='ocrx_word' id='word_1_125' title='bbox 2072 1234 2264 1271; x_wconf 90' lang='lat' dir='ltr'>voluntatis</span> <span class='ocrx_word' id='word_1_126' title='bbox 2287 1233 2435 1270; x_wconf 86' lang='lat' dir='ltr'>arbitrio</span> 
     </span>
     <span class='ocr_line' id='line_1_13' title="bbox 545 1313 906 1350; baseline -0.006 0"><span class='ocrx_word' id='word_1_127' title='bbox 545 1313 906 1350; x_wconf 84' lang='lat' dir='ltr'>excommunicando.</span> 
     </span>
    </p>

    <p class='ocr_par' dir='ltr' id='par_1_4' title="bbox 547 1377 2481 1647">
     <span class='ocr_line' id='line_1_14' title="bbox 643 1377 2481 1432; baseline -0.003 -11"><span class='ocrx_word' id='word_1_128' title='bbox 643 1387 687 1421; x_wconf 89' lang='lat' dir='ltr'>At</span> <span class='ocrx_word' id='word_1_129' title='bbox 708 1384 867 1432; x_wconf 82' lang='lat' dir='ltr'>magistri</span> <span class='ocrx_word' id='word_1_130' title='bbox 887 1383 1141 1430; x_wconf 86' lang='lat' dir='ltr'>scholaresque</span> <span class='ocrx_word' id='word_1_131' title='bbox 1165 1393 1309 1418; x_wconf 88' lang='lat' dir='ltr'>causam</span> <span class='ocrx_word' id='word_1_132' title='bbox 1331 1381 1490 1418; x_wconf 84' lang='lat' dir='ltr'>Honorio</span> <span class='ocrx_word' id='word_1_133' title='bbox 1508 1382 1556 1416; x_wconf 88' lang='grc' dir='ltr'>ΙΙΙ</span> <span class='ocrx_word' id='word_1_134' title='bbox 1574 1380 1802 1424; x_wconf 86' lang='lat' dir='ltr'>deserebant,</span> <span class='ocrx_word' id='word_1_135' title='bbox 1825 1379 1887 1427; x_wconf 90' lang='lat' dir='ltr'>qui</span> <span class='ocrx_word' id='word_1_136' title='bbox 1904 1381 2041 1415; x_wconf 89' lang='lat' dir='ltr'>decano</span> <span class='ocrx_word' id='word_1_137' title='bbox 2061 1382 2095 1414; x_wconf 87' lang='lat' dir='ltr'>et</span> <span class='ocrx_word' id='word_1_138' title='bbox 2111 1377 2247 1414; x_wconf 89' lang='lat' dir='ltr'>cantori</span> <span class='ocrx_word' id='word_1_139' title='bbox 2264 1379 2435 1415; x_wconf 77' lang='lat' dir='ltr'>Rotoma-</span> <span class='ocrx_word' id='word_1_140' title='bbox 2478 1387 2481 1389; x_wconf 85' lang='grc'><strong>’</strong></span> 
     </span>
     <span class='ocr_line' id='line_1_15' title="bbox 547 1449 2436 1505; baseline -0.005 -12"><span class='ocrx_word' id='word_1_141' title='bbox 547 1456 719 1505; x_wconf 83' lang='lat' dir='ltr'>gensibus</span> <span class='ocrx_word' id='word_1_142' title='bbox 736 1456 893 1505; x_wconf 87' lang='lat' dir='ltr'>injunxit</span> <span class='ocrx_word' id='word_1_143' title='bbox 909 1459 947 1491; x_wconf 88' lang='lat' dir='ltr'>ut</span> <span class='ocrx_word' id='word_1_144' title='bbox 964 1455 1157 1491; x_wconf 86' lang='lat' dir='ltr'>sententias</span> <span class='ocrx_word' id='word_1_145' title='bbox 1171 1453 1555 1490; x_wconf 85' lang='lat' dir='ltr'>excommunicationis</span> <span class='ocrx_word' id='word_1_146' title='bbox 1571 1453 1773 1489; x_wconf 84' lang='lat' dir='ltr'>relaxarent</span> <span class='ocrx_word' id='word_1_147' title='bbox 1788 1450 2099 1500; x_wconf 72' lang='lat' dir='ltr'>prohibei-eatque</span> <span class='ocrx_word' id='word_1_148' title='bbox 2113 1461 2159 1486; x_wconf 89' lang='lat' dir='ltr'>ne</span> <span class='ocrx_word' id='word_1_149' title='bbox 2173 1449 2364 1498; x_wconf 81' lang='lat' dir='ltr'>episcopus</span> <span class='ocrx_word' id='word_1_150' title='bbox 2374 1452 2436 1485; x_wconf 83' lang='lat' dir='ltr'>aut</span> 
     </span>
     <span class='ocr_line' id='line_1_16' title="bbox 547 1519 2433 1577; baseline -0.004 -13"><span class='ocrx_word' id='word_1_151' title='bbox 547 1529 608 1577; x_wconf 92' lang='lat' dir='ltr'>qui</span> <span class='ocrx_word' id='word_1_152' title='bbox 630 1529 675 1565; x_wconf 91' lang='lat' dir='ltr'>ad</span> <span class='ocrx_word' id='word_1_153' title='bbox 694 1540 777 1564; x_wconf 91' lang='lat' dir='ltr'>eum</span> <span class='ocrx_word' id='word_1_154' title='bbox 801 1526 1031 1575; x_wconf 87' lang='lat' dir='ltr'>pertinebant</span> <span class='ocrx_word' id='word_1_155' title='bbox 1054 1527 1144 1562; x_wconf 91' lang='lat' dir='ltr'>tales</span> <span class='ocrx_word' id='word_1_156' title='bbox 1165 1526 1363 1561; x_wconf 88' lang='lat' dir='ltr'>sententias</span> <span class='ocrx_word' id='word_1_157' title='bbox 1383 1525 1419 1561; x_wconf 89' lang='lat' dir='ltr'>in</span> <span class='ocrx_word' id='word_1_158' title='bbox 1436 1525 1626 1573; x_wconf 86' lang='lat' dir='ltr'>magistros</span> <span class='ocrx_word' id='word_1_159' title='bbox 1646 1529 1680 1561; x_wconf 89' lang='lat' dir='ltr'>et</span> <span class='ocrx_word' id='word_1_160' title='bbox 1697 1523 1879 1560; x_wconf 86' lang='lat' dir='ltr'>scholares</span> <span class='ocrx_word' id='word_1_161' title='bbox 1894 1522 2169 1571; x_wconf 86' lang='lat' dir='ltr'>promulgarent</span> <span class='ocrx_word' id='word_1_162' title='bbox 2185 1520 2281 1566; x_wconf 70' lang='lat' dir='ltr'>(Vid.</span> <span class='ocrx_word' id='word_1_163' title='bbox 2304 1523 2342 1558; x_wconf 85' lang='lat' dir='ltr'>n⁰</span> <span class='ocrx_word' id='word_1_164' title='bbox 2360 1519 2433 1570; x_wconf 89' lang='lat'>30).</span> 
     </span>
     <span class='ocr_line' id='line_1_17' title="bbox 547 1594 2150 1647; baseline -0.004 -11"><span class='ocrx_word' id='word_1_165' title='bbox 547 1600 729 1636; x_wconf 90' lang='lat' dir='ltr'>Habemus</span> <span class='ocrx_word' id='word_1_166' title='bbox 745 1600 804 1635; x_wconf 88' lang='lat' dir='ltr'>hic</span> <span class='ocrx_word' id='word_1_167' title='bbox 821 1599 979 1647; x_wconf 87' lang='lat' dir='ltr'>primum</span> <span class='ocrx_word' id='word_1_168' title='bbox 996 1597 1242 1634; x_wconf 90' lang='lat' dir='ltr'>Universitatis</span> <span class='ocrx_word' id='word_1_169' title='bbox 1259 1597 1303 1634; x_wconf 89' lang='lat' dir='ltr'>ab</span> <span class='ocrx_word' id='word_1_170' title='bbox 1324 1597 1704 1633; x_wconf 83' lang='lat' dir='ltr'>excommunicatione</span> <span class='ocrx_word' id='word_1_171' title='bbox 1719 1595 1893 1631; x_wconf 88' lang='lat' dir='ltr'>immunis</span> <span class='ocrx_word' id='word_1_172' title='bbox 1908 1594 2150 1643; x_wconf 80' lang='lat' dir='ltr'>privilegium.</span> 
     </span>
    </p>

    <p class='ocr_par' dir='ltr' id='par_1_5' title="bbox 547 1665 2438 2221">
     <span class='ocr_line' id='line_1_18' title="bbox 645 1665 2437 1718; baseline -0.004 -11"><span class='ocrx_word' id='word_1_173' title='bbox 645 1673 903 1708; x_wconf 87' lang='lat' dir='ltr'>Verumtamen</span> <span class='ocrx_word' id='word_1_174' title='bbox 924 1671 993 1706; x_wconf 89' lang='lat' dir='ltr'>hoc</span> <span class='ocrx_word' id='word_1_175' title='bbox 1009 1673 1195 1718; x_wconf 88' lang='lat' dir='ltr'>susceptae</span> <span class='ocrx_word' id='word_1_176' title='bbox 1212 1670 1266 1705; x_wconf 91' lang='lat' dir='ltr'>liti</span> <span class='ocrx_word' id='word_1_177' title='bbox 1283 1670 1394 1705; x_wconf 80' lang='lat' dir='ltr'>[inem</span> <span class='ocrx_word' id='word_1_178' title='bbox 1408 1668 1573 1706; x_wconf 90' lang='lat' dir='ltr'>nondum</span> <span class='ocrx_word' id='word_1_179' title='bbox 1587 1668 1772 1716; x_wconf 89' lang='lat' dir='ltr'>imposuit.</span> <span class='ocrx_word' id='word_1_180' title='bbox 1792 1667 1991 1715; x_wconf 90' lang='lat' dir='ltr'>Episcopus</span> <span class='ocrx_word' id='word_1_181' title='bbox 2007 1666 2105 1702; x_wconf 87' lang='lat' dir='ltr'>enim</span> <span class='ocrx_word' id='word_1_182' title='bbox 2119 1665 2437 1712; x_wconf 87' lang='lat' dir='ltr'>Cancellariusque</span> 
     </span>
     <span class='ocr_line' id='line_1_19' title="bbox 547 1737 2436 1791; baseline -0.004 -12"><span class='ocrx_word' id='word_1_183' title='bbox 547 1744 643 1780; x_wconf 85' lang='lat' dir='ltr'>idem</span> <span class='ocrx_word' id='word_1_184' title='bbox 661 1743 756 1791; x_wconf 86' lang='lat' dir='ltr'>quod</span> <span class='ocrx_word' id='word_1_185' title='bbox 779 1746 883 1779; x_wconf 86' lang='lat' dir='ltr'>antea</span> <span class='ocrx_word' id='word_1_186' title='bbox 904 1745 1067 1790; x_wconf 82' lang='lat' dir='ltr'>egerunt,</span> <span class='ocrx_word' id='word_1_187' title='bbox 1091 1742 1231 1789; x_wconf 88' lang='lat' dir='ltr'>saepius</span> <span class='ocrx_word' id='word_1_188' title='bbox 1254 1744 1456 1777; x_wconf 89' lang='lat' dir='ltr'>memorata</span> <span class='ocrx_word' id='word_1_189' title='bbox 1472 1740 1655 1777; x_wconf 86' lang='lat' dir='ltr'>Octaviani</span> <span class='ocrx_word' id='word_1_190' title='bbox 1680 1739 1889 1787; x_wconf 88' lang='lat' dir='ltr'>Odonisque</span> <span class='ocrx_word' id='word_1_191' title='bbox 1911 1737 1992 1774; x_wconf 87' lang='lat' dir='ltr'>freti</span> <span class='ocrx_word' id='word_1_192' title='bbox 2015 1738 2152 1774; x_wconf 85' lang='lat' dir='ltr'>charta.</span> <span class='ocrx_word' id='word_1_193' title='bbox 2174 1738 2290 1780; x_wconf 87' lang='lat' dir='ltr'>Quam</span> <span class='ocrx_word' id='word_1_194' title='bbox 2314 1739 2436 1772; x_wconf 89' lang='lat' dir='ltr'>tamen</span> 
     </span>
     <span class='ocr_line' id='line_1_20' title="bbox 548 1808 2436 1861; baseline -0.004 -10"><span class='ocrx_word' id='word_1_195' title='bbox 548 1828 628 1851; x_wconf 89' lang='lat' dir='ltr'>cum</span> <span class='ocrx_word' id='word_1_196' title='bbox 649 1815 830 1851; x_wconf 86' lang='lat' dir='ltr'>scholares</span> <span class='ocrx_word' id='word_1_197' title='bbox 856 1814 923 1850; x_wconf 86' lang='lat' dir='ltr'>sibi</span> <span class='ocrx_word' id='word_1_198' title='bbox 950 1813 1109 1850; x_wconf 84' lang='lat' dir='ltr'>exhiberi</span> <span class='ocrx_word' id='word_1_199' title='bbox 1134 1813 1371 1861; x_wconf 85' lang='lat' dir='ltr'>postularent,</span> <span class='ocrx_word' id='word_1_200' title='bbox 1398 1812 1546 1849; x_wconf 91' lang='lat' dir='ltr'>omnino</span> <span class='ocrx_word' id='word_1_201' title='bbox 1563 1811 1650 1860; x_wconf 89' lang='lat' dir='ltr'>ipsis</span> <span class='ocrx_word' id='word_1_202' title='bbox 1671 1812 1846 1860; x_wconf 88' lang='lat' dir='ltr'>ignotam,</span> <span class='ocrx_word' id='word_1_203' title='bbox 1866 1810 1910 1847; x_wconf 92' lang='lat' dir='ltr'>ab</span> <span class='ocrx_word' id='word_1_204' title='bbox 1924 1810 2093 1858; x_wconf 86' lang='lat' dir='ltr'>episcopo</span> <span class='ocrx_word' id='word_1_205' title='bbox 2115 1809 2279 1846; x_wconf 86' lang='lat' dir='ltr'>obtinere</span> <span class='ocrx_word' id='word_1_206' title='bbox 2303 1808 2436 1856; x_wconf 92' lang='lat' dir='ltr'>nequi-</span> 
     </span>
     <span class='ocr_line' id='line_1_21' title="bbox 549 1879 2438 1932; baseline -0.004 -9"><span class='ocrx_word' id='word_1_207' title='bbox 549 1891 684 1923; x_wconf 81' lang='lat' dir='ltr'>verunt.</span> <span class='ocrx_word' id='word_1_208' title='bbox 713 1889 846 1923; x_wconf 89' lang='lat' dir='ltr'>lterum</span> <span class='ocrx_word' id='word_1_209' title='bbox 873 1886 1086 1922; x_wconf 72' lang='lat' dir='ltr'>Universitas</span> <span class='ocrx_word' id='word_1_210' title='bbox 1111 1886 1156 1921; x_wconf 91' lang='lat' dir='ltr'>ad</span> <span class='ocrx_word' id='word_1_211' title='bbox 1184 1897 1366 1920; x_wconf 90' lang='lat' dir='ltr'>summum</span> <span class='ocrx_word' id='word_1_212' title='bbox 1395 1884 1605 1932; x_wconf 86' lang='lat' dir='ltr'>pontificem</span> <span class='ocrx_word' id='word_1_213' title='bbox 1630 1883 1783 1932; x_wconf 88' lang='lat' dir='ltr'>appellat</span> <span class='ocrx_word' id='word_1_214' title='bbox 1808 1886 1932 1919; x_wconf 85' lang='lat' dir='ltr'>contra</span> <span class='ocrx_word' id='word_1_215' title='bbox 1954 1883 2162 1930; x_wconf 88' lang='lat' dir='ltr'>episcopum</span> <span class='ocrx_word' id='word_1_216' title='bbox 2194 1885 2229 1917; x_wconf 92' lang='lat' dir='ltr'>et</span> <span class='ocrx_word' id='word_1_217' title='bbox 2251 1879 2438 1917; x_wconf 87' lang='lat' dir='ltr'>Cancella-</span> 
     </span>
     <span class='ocr_line' id='line_1_22' title="bbox 550 1951 2438 2006; baseline -0.004 -12"><span class='ocrx_word' id='word_1_218' title='bbox 550 1960 642 1994; x_wconf 89' lang='lat' dir='ltr'>rium</span> <span class='ocrx_word' id='word_1_219' title='bbox 675 1959 736 2006; x_wconf 85' lang='lat' dir='ltr'>qui</span> <span class='ocrx_word' id='word_1_220' title='bbox 766 1962 949 2006; x_wconf 85' lang='lat' dir='ltr'>praeterea</span> <span class='ocrx_word' id='word_1_221' title='bbox 980 1957 1015 1992; x_wconf 93' lang='lat' dir='ltr'>in</span> <span class='ocrx_word' id='word_1_222' title='bbox 1044 1957 1166 1993; x_wconf 88' lang='lat' dir='ltr'>multis</span> <span class='ocrx_word' id='word_1_223' title='bbox 1196 1956 1346 1993; x_wconf 90' lang='lat' dir='ltr'>modum</span> <span class='ocrx_word' id='word_1_224' title='bbox 1380 1956 1575 1992; x_wconf 84' lang='lat' dir='ltr'>excesserit</span> <span class='ocrx_word' id='word_1_225' title='bbox 1586 1969 1594 1999; x_wconf 85' lang='lat'><em>3</em></span> <span class='ocrx_word' id='word_1_226' title='bbox 1626 1956 1756 1991; x_wconf 85' lang='lat' dir='ltr'>iterum</span> <span class='ocrx_word' id='word_1_227' title='bbox 1783 1954 2011 1991; x_wconf 86' lang='lat' dir='ltr'>scholaribus</span> <span class='ocrx_word' id='word_1_228' title='bbox 2038 1953 2222 1990; x_wconf 88' lang='lat' dir='ltr'>Honorius</span> <span class='ocrx_word' id='word_1_229' title='bbox 2253 1951 2379 1988; x_wconf 90' lang='lat' dir='ltr'>annuit</span> <span class='ocrx_word' id='word_1_230' title='bbox 2402 1954 2438 1988; x_wconf 88' lang='lat' dir='ltr'>et</span> 
     </span>
     <span class='ocr_line' id='line_1_23' title="bbox 548 2023 2434 2077; baseline -0.004 -11"><span class='ocrx_word' id='word_1_231' title='bbox 548 2030 810 2066; x_wconf 81' lang='lat' dir='ltr'>Cancellarium</span> <span class='ocrx_word' id='word_1_232' title='bbox 834 2045 848 2062; x_wconf 72' lang='grc' dir='ltr'>α</span> <span class='ocrx_word' id='word_1_233' title='bbox 867 2030 971 2077; x_wconf 89' lang='lat' dir='ltr'>cujus</span> <span class='ocrx_word' id='word_1_234' title='bbox 989 2029 1082 2065; x_wconf 84' lang='lat' dir='ltr'>sama</span> <span class='ocrx_word' id='word_1_235' title='bbox 1100 2029 1351 2077; x_wconf 84' lang='lat' dir='ltr'>multipliciter</span> <span class='ocrx_word' id='word_1_236' title='bbox 1368 2031 1420 2064; x_wconf 90' lang='lat' dir='ltr'>est</span> <span class='ocrx_word' id='word_1_237' title='bbox 1437 2032 1630 2076; x_wconf 87' lang='lat' dir='ltr'>gravata»,</span> <span class='ocrx_word' id='word_1_238' title='bbox 1649 2027 1692 2063; x_wconf 90' lang='lat' dir='ltr'>ad</span> <span class='ocrx_word' id='word_1_239' title='bbox 1710 2027 1849 2063; x_wconf 87' lang='lat' dir='ltr'>curiam</span> <span class='ocrx_word' id='word_1_240' title='bbox 1863 2026 1959 2070; x_wconf 88' lang='lat' dir='ltr'>citat,</span> <span class='ocrx_word' id='word_1_241' title='bbox 1977 2029 2015 2061; x_wconf 90' lang='lat' dir='ltr'>nt</span> <span class='ocrx_word' id='word_1_242' title='bbox 2040 2039 2054 2058; x_wconf 93' lang='lat'>«</span> <span class='ocrx_word' id='word_1_243' title='bbox 2071 2028 2224 2069; x_wconf 81' lang='lat' dir='ltr'>tueatur,</span> <span class='ocrx_word' id='word_1_244' title='bbox 2244 2024 2272 2060; x_wconf 93' lang='lat' dir='ltr'>si</span> <span class='ocrx_word' id='word_1_245' title='bbox 2288 2023 2434 2072; x_wconf 90' lang='lat' dir='ltr'>poterit,</span> 
     </span>
     <span class='ocr_line' id='line_1_24' title="bbox 549 2095 2436 2151; baseline -0.004 -13"><span class='ocrx_word' id='word_1_246' title='bbox 549 2102 721 2151; x_wconf 83' lang='lat' dir='ltr'>(samam),</span> <span class='ocrx_word' id='word_1_247' title='bbox 750 2106 808 2137; x_wconf 86' lang='lat' dir='ltr'>aut</span> <span class='ocrx_word' id='word_1_248' title='bbox 836 2101 1033 2149; x_wconf 87' lang='lat' dir='ltr'>iniquitatis</span> <span class='ocrx_word' id='word_1_249' title='bbox 1054 2113 1140 2137; x_wconf 85' lang='lat' dir='ltr'>suae</span> <span class='ocrx_word' id='word_1_250' title='bbox 1163 2101 1313 2136; x_wconf 89' lang='lat' dir='ltr'>vinculis</span> <span class='ocrx_word' id='word_1_251' title='bbox 1336 2099 1637 2148; x_wconf 84' lang='lat' dir='ltr'>constringatur»</span> <span class='ocrx_word' id='word_1_252' title='bbox 1668 2098 1764 2147; x_wconf 77' lang='lat' dir='ltr'>(vid.</span> <span class='ocrx_word' id='word_1_253' title='bbox 1787 2101 1825 2134; x_wconf 85' lang='lat' dir='ltr'>n⁰</span> <span class='ocrx_word' id='word_1_254' title='bbox 1846 2098 1927 2146; x_wconf 79' lang='lat'>31).</span> <span class='ocrx_word' id='word_1_255' title='bbox 1954 2099 2085 2133; x_wconf 83' lang='lat' dir='ltr'>Notatu</span> <span class='ocrx_word' id='word_1_256' title='bbox 2105 2097 2256 2145; x_wconf 86' lang='lat' dir='ltr'>dignum</span> <span class='ocrx_word' id='word_1_257' title='bbox 2281 2095 2379 2144; x_wconf 85' lang='lat' dir='ltr'>quod</span> <span class='ocrx_word' id='word_1_258' title='bbox 2398 2095 2436 2131; x_wconf 91' lang='lat' dir='ltr'>in</span> 
     </span>
     <span class='ocr_line' id='line_1_25' title="bbox 548 2170 1936 2221; baseline -0.004 -11"><span class='ocrx_word' id='word_1_259' title='bbox 548 2174 614 2210; x_wconf 88' lang='lat' dir='ltr'>isto</span> <span class='ocrx_word' id='word_1_260' title='bbox 630 2174 850 2210; x_wconf 89' lang='lat' dir='ltr'>documento</span> <span class='ocrx_word' id='word_1_261' title='bbox 866 2174 1097 2221; x_wconf 89' lang='lat' dir='ltr'>peculiariter</span> <span class='ocrx_word' id='word_1_262' title='bbox 1111 2173 1154 2209; x_wconf 91' lang='lat' dir='ltr'>de</span> <span class='ocrx_word' id='word_1_263' title='bbox 1170 2172 1348 2220; x_wconf 81' lang='lat' dir='ltr'>magistris</span> <span class='ocrx_word' id='word_1_264' title='bbox 1365 2176 1399 2208; x_wconf 86' lang='lat' dir='ltr'>et</span> <span class='ocrx_word' id='word_1_265' title='bbox 1413 2171 1637 2208; x_wconf 87' lang='lat' dir='ltr'>scholaribus</span> <span class='ocrx_word' id='word_1_266' title='bbox 1652 2171 1791 2206; x_wconf 84' lang='lat' dir='ltr'>Artium</span> <span class='ocrx_word' id='word_1_267' title='bbox 1809 2170 1936 2216; x_wconf 82' lang='lat' dir='ltr'>agitur.</span> 
     </span>
    </p>

    <p class='ocr_par' dir='ltr' id='par_1_6' title="bbox 546 2242 2437 2935">
     <span class='ocr_line' id='line_1_26' title="bbox 648 2242 2437 2293; baseline -0.003 -11"><span class='ocrx_word' id='word_1_268' title='bbox 648 2248 721 2282; x_wconf 82' lang='lat' dir='ltr'>Hoc</span> <span class='ocrx_word' id='word_1_269' title='bbox 742 2258 910 2293; x_wconf 90' lang='lat' dir='ltr'>prospero</span> <span class='ocrx_word' id='word_1_270' title='bbox 932 2258 1115 2289; x_wconf 79' lang='lat' dir='ltr'>successu,</span> <span class='ocrx_word' id='word_1_271' title='bbox 1145 2250 1182 2281; x_wconf 87' lang='lat' dir='ltr'>ut</span> <span class='ocrx_word' id='word_1_272' title='bbox 1203 2245 1305 2281; x_wconf 78' lang='lat' dir='ltr'>facile</span> <span class='ocrx_word' id='word_1_273' title='bbox 1329 2248 1383 2280; x_wconf 88' lang='lat' dir='ltr'>est</span> <span class='ocrx_word' id='word_1_274' title='bbox 1405 2244 1553 2288; x_wconf 89' lang='lat' dir='ltr'>sentire,</span> <span class='ocrx_word' id='word_1_275' title='bbox 1578 2242 1690 2291; x_wconf 87' lang='lat' dir='ltr'>magis</span> <span class='ocrx_word' id='word_1_276' title='bbox 1710 2242 1883 2279; x_wconf 90' lang='lat' dir='ltr'>intumuit</span> <span class='ocrx_word' id='word_1_277' title='bbox 1906 2242 2136 2284; x_wconf 70' lang='lat' dir='ltr'>Universitas,</span> <span class='ocrx_word' id='word_1_278' title='bbox 2160 2244 2359 2288; x_wconf 86' lang='lat' dir='ltr'>conataque</span> <span class='ocrx_word' id='word_1_279' title='bbox 2382 2243 2437 2276; x_wconf 88' lang='lat' dir='ltr'>est</span> 
     </span>
     <span class='ocr_line' id='line_1_27' title="bbox 548 2312 2437 2364; baseline -0.004 -9"><span class='ocrx_word' id='word_1_280' title='bbox 548 2318 592 2355; x_wconf 91' lang='lat' dir='ltr'>ab</span> <span class='ocrx_word' id='word_1_281' title='bbox 607 2318 818 2354; x_wconf 82' lang='lat' dir='ltr'>auctoritate</span> <span class='ocrx_word' id='word_1_282' title='bbox 840 2317 1048 2353; x_wconf 86' lang='lat' dir='ltr'>Cancellarii</span> <span class='ocrx_word' id='word_1_283' title='bbox 1071 2317 1218 2354; x_wconf 90' lang='lat' dir='ltr'>omnino</span> <span class='ocrx_word' id='word_1_284' title='bbox 1240 2316 1472 2364; x_wconf 90' lang='lat' dir='ltr'>emancipari.</span> <span class='ocrx_word' id='word_1_285' title='bbox 1496 2315 1597 2358; x_wconf 89' lang='lat' dir='ltr'>Quod</span> <span class='ocrx_word' id='word_1_286' title='bbox 1616 2315 1789 2352; x_wconf 88' lang='lat' dir='ltr'>discimus</span> <span class='ocrx_word' id='word_1_287' title='bbox 1805 2326 1847 2351; x_wconf 83' lang='lat' dir='ltr'>ex</span> <span class='ocrx_word' id='word_1_288' title='bbox 1867 2314 2024 2362; x_wconf 90' lang='lat' dir='ltr'>querelis</span> <span class='ocrx_word' id='word_1_289' title='bbox 2047 2313 2208 2361; x_wconf 89' lang='lat' dir='ltr'>episcopi</span> <span class='ocrx_word' id='word_1_290' title='bbox 2228 2312 2437 2349; x_wconf 90' lang='lat' dir='ltr'>Parisiensis</span> 
     </span>
     <span class='ocr_line' id='line_1_28' title="bbox 547 2384 2436 2437; baseline -0.003 -11"><span class='ocrx_word' id='word_1_291' title='bbox 547 2390 671 2426; x_wconf 87' lang='lat' dir='ltr'>delatis</span> <span class='ocrx_word' id='word_1_292' title='bbox 687 2390 732 2426; x_wconf 89' lang='lat' dir='ltr'>ad</span> <span class='ocrx_word' id='word_1_293' title='bbox 755 2390 956 2426; x_wconf 87' lang='lat' dir='ltr'>llonorium</span> <span class='ocrx_word' id='word_1_294' title='bbox 983 2391 1044 2433; x_wconf 79' lang='grc' dir='ltr'>ΙΙΙ,</span> <span class='ocrx_word' id='word_1_295' title='bbox 1066 2390 1255 2437; x_wconf 85' lang='lat' dir='ltr'>magistros</span> <span class='ocrx_word' id='word_1_296' title='bbox 1275 2392 1308 2424; x_wconf 90' lang='lat' dir='ltr'>et</span> <span class='ocrx_word' id='word_1_297' title='bbox 1332 2387 1514 2424; x_wconf 86' lang='lat' dir='ltr'>scholares</span> <span class='ocrx_word' id='word_1_298' title='bbox 1535 2387 1652 2424; x_wconf 82' lang='lat' dir='ltr'>facere</span> <span class='ocrx_word' id='word_1_299' title='bbox 1677 2388 1883 2435; x_wconf 80' lang='lat' dir='ltr'>frequenter</span> <span class='ocrx_word' id='word_1_300' title='bbox 1903 2386 2178 2422; x_wconf 88' lang='lat' dir='ltr'>constitutiones</span> <span class='ocrx_word' id='word_1_301' title='bbox 2199 2396 2260 2421; x_wconf 90' lang='lat' dir='ltr'>seu</span> <span class='ocrx_word' id='word_1_302' title='bbox 2284 2384 2436 2433; x_wconf 88' lang='lat' dir='ltr'>colliga-</span> 
     </span>
     <span class='ocr_line' id='line_1_29' title="bbox 546 2455 2434 2508; baseline -0.003 -11"><span class='ocrx_word' id='word_1_303' title='bbox 546 2462 662 2497; x_wconf 84' lang='lat' dir='ltr'>tiones</span> <span class='ocrx_word' id='word_1_304' title='bbox 685 2473 746 2497; x_wconf 88' lang='lat' dir='ltr'>seu</span> <span class='ocrx_word' id='word_1_305' title='bbox 771 2460 1068 2508; x_wconf 86' lang='lat' dir='ltr'>conspirationes,</span> <span class='ocrx_word' id='word_1_306' title='bbox 1087 2460 1185 2496; x_wconf 86' lang='lat' dir='ltr'>abuti</span> <span class='ocrx_word' id='word_1_307' title='bbox 1210 2460 1326 2508; x_wconf 80' lang='lat' dir='ltr'>sigillo</span> <span class='ocrx_word' id='word_1_308' title='bbox 1343 2460 1500 2508; x_wconf 89' lang='lat' dir='ltr'>quodam</span> <span class='ocrx_word' id='word_1_309' title='bbox 1525 2458 1672 2495; x_wconf 91' lang='lat' dir='ltr'>nomine</span> <span class='ocrx_word' id='word_1_310' title='bbox 1695 2457 1940 2494; x_wconf 86' lang='lat' dir='ltr'>Universitatis</span> <span class='ocrx_word' id='word_1_311' title='bbox 1959 2457 2213 2505; x_wconf 85' lang='lat' dir='ltr'>magistrorum</span> <span class='ocrx_word' id='word_1_312' title='bbox 2235 2460 2269 2492; x_wconf 89' lang='lat' dir='ltr'>et</span> <span class='ocrx_word' id='word_1_313' title='bbox 2292 2455 2434 2492; x_wconf 86' lang='lat' dir='ltr'>schola-</span> 
     </span>
     <span class='ocr_line' id='line_1_30' title="bbox 548 2528 2434 2580; baseline -0.003 -12"><span class='ocrx_word' id='word_1_314' title='bbox 548 2534 640 2568; x_wconf 87' lang='lat' dir='ltr'>rium</span> <span class='ocrx_word' id='word_1_315' title='bbox 666 2545 781 2580; x_wconf 87' lang='lat' dir='ltr'>nuper</span> <span class='ocrx_word' id='word_1_316' title='bbox 798 2533 904 2577; x_wconf 86' lang='lat' dir='ltr'>sacto,</span> <span class='ocrx_word' id='word_1_317' title='bbox 928 2537 1048 2568; x_wconf 82' lang='lat' dir='ltr'>taxare</span> <span class='ocrx_word' id='word_1_318' title='bbox 1069 2533 1258 2569; x_wconf 88' lang='lat' dir='ltr'>domorum</span> <span class='ocrx_word' id='word_1_319' title='bbox 1279 2531 1435 2579; x_wconf 90' lang='lat' dir='ltr'>pretium</span> <span class='ocrx_word' id='word_1_320' title='bbox 1459 2534 1586 2567; x_wconf 89' lang='lat' dir='ltr'>contra</span> <span class='ocrx_word' id='word_1_321' title='bbox 1606 2530 1867 2566; x_wconf 86' lang='lat' dir='ltr'>ordinationem</span> <span class='ocrx_word' id='word_1_322' title='bbox 1884 2529 2094 2565; x_wconf 86' lang='lat' dir='ltr'>auctoritate</span> <span class='ocrx_word' id='word_1_323' title='bbox 2114 2529 2211 2576; x_wconf 84' lang='lat' dir='ltr'>regia</span> <span class='ocrx_word' id='word_1_324' title='bbox 2232 2528 2375 2572; x_wconf 87' lang='lat' dir='ltr'>factam,</span> <span class='ocrx_word' id='word_1_325' title='bbox 2399 2530 2434 2563; x_wconf 87' lang='lat' dir='ltr'>et</span> 
     </span>
     <span class='ocr_line' id='line_1_31' title="bbox 547 2598 2434 2652; baseline -0.003 -13"><span class='ocrx_word' id='word_1_326' title='bbox 547 2605 582 2640; x_wconf 90' lang='lat' dir='ltr'>in</span> <span class='ocrx_word' id='word_1_327' title='bbox 608 2605 720 2652; x_wconf 84' lang='lat' dir='ltr'>ipsius</span> <span class='ocrx_word' id='word_1_328' title='bbox 740 2605 897 2652; x_wconf 80' lang='lat' dir='ltr'>episcopi</span> <span class='ocrx_word' id='word_1_329' title='bbox 918 2609 948 2639; x_wconf 86' lang='lat' dir='ltr'>et</span> <span class='ocrx_word' id='word_1_330' title='bbox 967 2604 1179 2640; x_wconf 88' lang='lat' dir='ltr'>Cancellarii</span> <span class='ocrx_word' id='word_1_331' title='bbox 1198 2603 1462 2652; x_wconf 83' lang='lat' dir='ltr'>praejudicium</span> <span class='ocrx_word' id='word_1_332' title='bbox 1480 2602 1546 2638; x_wconf 88' lang='lat' dir='ltr'>sibi</span> <span class='ocrx_word' id='word_1_333' title='bbox 1567 2614 1631 2650; x_wconf 89' lang='lat' dir='ltr'>pro</span> <span class='ocrx_word' id='word_1_334' title='bbox 1653 2613 1737 2638; x_wconf 87' lang='lat' dir='ltr'>suae</span> <span class='ocrx_word' id='word_1_335' title='bbox 1758 2602 1951 2638; x_wconf 85' lang='lat' dir='ltr'>voluntatis</span> <span class='ocrx_word' id='word_1_336' title='bbox 1974 2601 2122 2637; x_wconf 89' lang='lat' dir='ltr'>arbitrio</span> <span class='ocrx_word' id='word_1_337' title='bbox 2139 2599 2279 2648; x_wconf 88' lang='lat' dir='ltr'>judices</span> <span class='ocrx_word' id='word_1_338' title='bbox 2300 2598 2434 2635; x_wconf 85' lang='lat' dir='ltr'>consti-</span> 
     </span>
     <span class='ocr_line' id='line_1_32' title="bbox 547 2668 2431 2721; baseline -0.003 -12"><span class='ocrx_word' id='word_1_339' title='bbox 547 2678 670 2717; x_wconf 87' lang='lat' dir='ltr'>tuere;</span> <span class='ocrx_word' id='word_1_340' title='bbox 692 2674 746 2708; x_wconf 84' lang='lat' dir='ltr'>his</span> <span class='ocrx_word' id='word_1_341' title='bbox 762 2674 922 2721; x_wconf 82' lang='lat' dir='ltr'>episcopi</span> <span class='ocrx_word' id='word_1_342' title='bbox 937 2677 969 2709; x_wconf 89' lang='lat' dir='ltr'>et</span> <span class='ocrx_word' id='word_1_343' title='bbox 987 2673 1196 2709; x_wconf 87' lang='lat' dir='ltr'>Cancellarii</span> <span class='ocrx_word' id='word_1_344' title='bbox 1209 2672 1495 2721; x_wconf 88' lang='lat' dir='ltr'>jurisdictionem</span> <span class='ocrx_word' id='word_1_345' title='bbox 1515 2684 1688 2719; x_wconf 83' lang='lat' dir='ltr'>usurpare</span> <span class='ocrx_word' id='word_1_346' title='bbox 1704 2675 1737 2707; x_wconf 89' lang='lat' dir='ltr'>et</span> <span class='ocrx_word' id='word_1_347' title='bbox 1752 2682 1934 2707; x_wconf 88' lang='lat' dir='ltr'>enervare.</span> <span class='ocrx_word' id='word_1_348' title='bbox 1952 2671 2056 2706; x_wconf 91' lang='lat' dir='ltr'>Anno</span> <span class='ocrx_word' id='word_1_349' title='bbox 2074 2671 2161 2705; x_wconf 85' lang='grc'>1221</span> <span class='ocrx_word' id='word_1_350' title='bbox 2182 2668 2364 2704; x_wconf 88' lang='lat' dir='ltr'>Honorius</span> <span class='ocrx_word' id='word_1_351' title='bbox 2381 2669 2431 2704; x_wconf 89' lang='lat'>111</span> 
     </span>
     <span class='ocr_line' id='line_1_33' title="bbox 550 2739 2432 2792; baseline -0.003 -11"><span class='ocrx_word' id='word_1_352' title='bbox 550 2745 821 2792; x_wconf 82' lang='lat' dir='ltr'>archiepiscopo</span> <span class='ocrx_word' id='word_1_353' title='bbox 852 2745 1102 2781; x_wconf 83' lang='lat' dir='ltr'>Cantuariensi</span> <span class='ocrx_word' id='word_1_354' title='bbox 1132 2744 1284 2792; x_wconf 86' lang='lat' dir='ltr'>aliisque</span> <span class='ocrx_word' id='word_1_355' title='bbox 1311 2744 1466 2792; x_wconf 86' lang='lat' dir='ltr'>injunxit</span> <span class='ocrx_word' id='word_1_356' title='bbox 1496 2743 1654 2791; x_wconf 84' lang='lat' dir='ltr'>sigillum</span> <span class='ocrx_word' id='word_1_357' title='bbox 1684 2741 1927 2778; x_wconf 87' lang='lat' dir='ltr'>Universitatis</span> <span class='ocrx_word' id='word_1_358' title='bbox 1958 2740 2201 2788; x_wconf 82' lang='lat' dir='ltr'>confringere,</span> <span class='ocrx_word' id='word_1_359' title='bbox 2237 2739 2281 2775; x_wconf 88' lang='lat' dir='ltr'>de</span> <span class='ocrx_word' id='word_1_360' title='bbox 2307 2740 2432 2776; x_wconf 86' lang='lat' dir='ltr'>ceteris</span> 
     </span>
     <span class='ocr_line' id='line_1_34' title="bbox 547 2811 2428 2864; baseline -0.003 -12"><span class='ocrx_word' id='word_1_361' title='bbox 547 2828 632 2852; x_wconf 84' lang='lat' dir='ltr'>vero</span> <span class='ocrx_word' id='word_1_362' title='bbox 649 2817 918 2863; x_wconf 84' lang='lat' dir='ltr'>inquisitionem</span> <span class='ocrx_word' id='word_1_363' title='bbox 938 2816 1055 2852; x_wconf 79' lang='lat' dir='ltr'>faeere</span> <span class='ocrx_word' id='word_1_364' title='bbox 1070 2820 1103 2852; x_wconf 91' lang='lat' dir='ltr'>et</span> <span class='ocrx_word' id='word_1_365' title='bbox 1119 2819 1235 2864; x_wconf 89' lang='lat' dir='ltr'>partes</span> <span class='ocrx_word' id='word_1_366' title='bbox 1251 2816 1414 2851; x_wconf 88' lang='lat' dir='ltr'>adversas</span> <span class='ocrx_word' id='word_1_367' title='bbox 1434 2815 1478 2851; x_wconf 90' lang='lat' dir='ltr'>ad</span> <span class='ocrx_word' id='word_1_368' title='bbox 1501 2814 1653 2850; x_wconf 89' lang='lat' dir='ltr'>amicam</span> <span class='ocrx_word' id='word_1_369' title='bbox 1671 2814 1969 2861; x_wconf 89' lang='lat' dir='ltr'>compositionem</span> <span class='ocrx_word' id='word_1_370' title='bbox 1987 2812 2159 2848; x_wconf 87' lang='lat' dir='ltr'>reducere</span> <span class='ocrx_word' id='word_1_371' title='bbox 2179 2811 2275 2860; x_wconf 70' lang='lat' dir='ltr'>(Vid.</span> <span class='ocrx_word' id='word_1_372' title='bbox 2295 2814 2335 2847; x_wconf 91' lang='lat' dir='ltr'>n⁰</span> <span class='ocrx_word' id='word_1_373' title='bbox 2354 2811 2428 2860; x_wconf 72' lang='lat'>41).</span> 
     </span>
     <span class='ocr_line' id='line_1_35' title="bbox 547 2882 2432 2935; baseline -0.003 -12"><span class='ocrx_word' id='word_1_374' title='bbox 547 2888 648 2930; x_wconf 84' lang='lat' dir='ltr'>Quod</span> <span class='ocrx_word' id='word_1_375' title='bbox 664 2888 809 2935; x_wconf 85' lang='lat' dir='ltr'>quidem</span> <span class='ocrx_word' id='word_1_376' title='bbox 832 2900 905 2923; x_wconf 88' lang='lat' dir='ltr'>non</span> <span class='ocrx_word' id='word_1_377' title='bbox 924 2888 1107 2923; x_wconf 86' lang='lat' dir='ltr'>successit.</span> <span class='ocrx_word' id='word_1_378' title='bbox 1131 2888 1229 2924; x_wconf 85' lang='lat' dir='ltr'>Alias</span> <span class='ocrx_word' id='word_1_379' title='bbox 1249 2887 1385 2923; x_wconf 88' lang='lat' dir='ltr'>litteras</span> <span class='ocrx_word' id='word_1_380' title='bbox 1409 2886 1507 2934; x_wconf 88' lang='lat' dir='ltr'>pacis</span> <span class='ocrx_word' id='word_1_381' title='bbox 1530 2886 1769 2922; x_wconf 87' lang='lat' dir='ltr'>restituendae</span> <span class='ocrx_word' id='word_1_382' title='bbox 1791 2896 1898 2921; x_wconf 87' lang='lat' dir='ltr'>causa</span> <span class='ocrx_word' id='word_1_383' title='bbox 1917 2895 2011 2920; x_wconf 85' lang='lat' dir='ltr'>anno</span> <span class='ocrx_word' id='word_1_384' title='bbox 2039 2886 2130 2919; x_wconf 85' lang='grc'>1222</span> <span class='ocrx_word' id='word_1_385' title='bbox 2148 2883 2244 2919; x_wconf 86' lang='lat' dir='ltr'>idem</span> <span class='ocrx_word' id='word_1_386' title='bbox 2268 2882 2432 2930; x_wconf 82' lang='lat' dir='ltr'>pontifex</span> 
     </span>
    </p>
   </div>
   <div class='ocr_carea' id='block_1_3' title="bbox 640 3049 1850 3085">
    <p class='ocr_par' dir='ltr' id='par_1_7' title="bbox 640 3049 1850 3085">
     <span class='ocr_line' id='line_1_36' title="bbox 640 3049 1850 3085; baseline -0.001 -9"><span class='ocrx_word' id='word_1_387' title='bbox 640 3053 662 3076; x_wconf 86' lang='lat' dir='ltr'>l.</span> <span class='ocrx_word' id='word_1_388' title='bbox 679 3063 691 3074; x_wconf 88' lang='lat'>«</span> <span class='ocrx_word' id='word_1_389' title='bbox 708 3053 742 3077; x_wconf 87' lang='lat' dir='ltr'>Ce</span> <span class='ocrx_word' id='word_1_390' title='bbox 755 3052 883 3085; x_wconf 76' lang='lat' dir='ltr'>privilege</span> <span class='ocrx_word' id='word_1_391' title='bbox 895 3052 1006 3076; x_wconf 70' lang='lat' dir='ltr'>enlevait.</span> <span class='ocrx_word' id='word_1_392' title='bbox 1017 3060 1066 3076; x_wconf 82' lang='lat' dir='ltr'>aux</span> <span class='ocrx_word' id='word_1_393' title='bbox 1083 3051 1248 3076; x_wconf 84' lang='lat' dir='ltr'>Chaneeliers</span> <span class='ocrx_word' id='word_1_394' title='bbox 1263 3053 1335 3076; x_wconf 83' lang='lat' dir='ltr'>toute</span> <span class='ocrx_word' id='word_1_395' title='bbox 1350 3051 1463 3076; x_wconf 63' lang='lat' dir='ltr'>autorite</span> <span class='ocrx_word' id='word_1_396' title='bbox 1480 3058 1527 3075; x_wconf 87' lang='lat' dir='ltr'>sur</span> <span class='ocrx_word' id='word_1_397' title='bbox 1542 3049 1708 3075; x_wconf 69' lang='lat' dir='ltr'>l&#39;Univcrsite</span> <span class='ocrx_word' id='word_1_398' title='bbox 1722 3060 1734 3072; x_wconf 71' lang='grc' dir='ltr'>ιι</span> <span class='ocrx_word' id='word_1_399' title='bbox 1749 3051 1784 3082; x_wconf 91' lang='lat' dir='ltr'>(p.</span> <span class='ocrx_word' id='word_1_400' title='bbox 1802 3049 1850 3080; x_wconf 70' lang='lat'>12).</span> 
     </span>
    </p>
   </div>
  </div>
 </body>
</html>
