2580 3528
464 399 529 431 342
1043 410 1361 433 cnanrumnuuu
1396 410 1585 433 umvsns.
1623 411 1751 433 rums.
2239 402 2341 442 [1256

468 483 679 528 inquietam,
698 495 771 516 non
792 483 912 516 solum
934 484 1151 517 universalis
1173 484 1328 517 ecclesie
1350 484 1560 517 scandalum
1582 485 1751 527 minatur,
1769 485 1834 518 sed
1854 485 1959 519 etiam
1981 484 2177 518 scismatici
2196 485 2342 519 dissidii

468 556 504 583 et
529 550 712 595 pravitatis
741 549 914 583 heretice*
930 550 1164 592 incentivum⁷
1187 550 1380 583 reverendi
1408 557 1529 596 patres
1555 550 1642 584 Th.²
1669 552 1860 585 Remensis
1885 551 2054 593 ecclesie,
2081 558 2117 585 et
2142 552 2206 585 H.¹
2228 546 2341 586 Seno-

467 617 594 650 nensis
622 617 687 649 Dei
713 617 827 662 gratia
852 616 1118 662 archiepiscopi
1143 623 1179 650 et
1203 629 1329 650 eorum
1355 617 1575 663 suffraganei
1601 618 1755 663 partium
1781 618 2037 663 questionibus
2057 619 2101 652 ad
2121 631 2185 652 eos
2211 618 2340 652 delatis

468 683 664 728 diligenter
689 683 821 716 auditis
849 690 883 716 et
908 683 1053 728 plenius
1079 683 1289 724 intellectis,
1315 684 1477 728 pensatis
1507 683 1702 725 scandalis,
1731 684 1905 729 periculis
1929 685 2204 719 imminentibus
2234 692 2340 731 atque

467 749 647 795 dampnis7
684 750 761 794 paci
796 750 959 782 cordium
989 756 1024 782 et
1048 749 1299 794 tranquillitati
1333 750 1444 782 studii
1478 762 1673 795 precavere
1704 750 1885 791 volentes,
1919 751 2021 796 ipsos
2055 751 2099 785 ad
2133 752 2338 785 instantiam

467 816 603 849 domini
627 816 725 861 regis
746 822 781 849 et
802 815 1069 860 quamplurium
1090 815 1269 848 bonorum
1288 816 1511 849 induxerunt
1531 816 1574 849 ad
1595 817 1873 862 compositionis
1890 824 1926 850 et
1940 818 2135 851 concordie
2151 819 2339 858 unionem,

466 895 537 927 que
568 883 612 915 de
644 883 796 927 partium
827 882 987 927 ipsarum
1017 882 1201 915 voluntate
1229 882 1403 915 concordi
1430 889 1514 927 post
1540 882 1762 928 multiplices
1792 884 1983 917 reformata
2012 890 2183 918 tractatus
2210 897 2249 918 ac
2276 897 2340 931 per

465 949 696 994 supradictos
727 955 847 993 patres
882 949 1099 981 Remensem
1135 955 1170 981 et
1204 949 1454 982 Senonensem
1491 961 1634 982 necnon
1664 956 1700 982 et
1727 949 1957 983 venerabiles
1991 957 2112 995 patres
2147 950 2340 985 Rothoma-

464 1027 615 1060 gensem
638 1022 673 1047 et
693 1015 957 1047 Bituricensem
984 1014 1282 1060 archiepiscopos
1307 1015 1345 1047 in
1373 1014 1559 1060 publicum
1586 1016 1834 1049 testimonium
1859 1017 1937 1050 suis
1964 1016 2129 1051 roborata
2151 1017 2284 1063 sigillis
2305 1024 2342 1051 et

466 1089 532 1114 tam
556 1081 599 1114 ab
621 1081 758 1114 eisdem
790 1081 953 1126 partibus
979 1093 1083 1126 quam
1106 1093 1124 1114 a
1144 1081 1292 1114 domino
1319 1093 1407 1127 rege
1428 1082 1496 1115 suit
1515 1082 1736 1115 unanimiter
1755 1083 1968 1128 acceptata‘.
1992 1085 2192 1129 Eapropter
2212 1084 2340 1118 sancti-

467 1137 573 1181 tatem
602 1155 757 1181 vestram
785 1147 979 1180 devotione
1009 1160 1077 1192 qua
1105 1160 1303 1193 possumus
1335 1147 1522 1181 humiliter
1556 1160 1748 1182 exoramus
1779 1150 1949 1194 quatinus
1973 1151 2123 1184 formam
2152 1155 2188 1184 et
2213 1163 2340 1185 causas

464 1214 742 1260 compositionis
772 1214 888 1259 ipsius
914 1214 1059 1259 plenius
1085 1214 1328 1256 attendentes,
1356 1214 1538 1248 scandalis
1564 1222 1599 1248 et
1626 1215 1800 1260 periculis
1824 1223 1930 1262 atque
1959 1217 2139 1263 dampnis,
2165 1229 2236 1263 que
2265 1229 2339 1251 non

463 1282 580 1315 solum
604 1281 766 1326 partibus
788 1281 891 1326 ipsis,
915 1281 980 1314 sed
1002 1281 1107 1314 etiam
1129 1281 1328 1314 universali
1350 1281 1506 1315 ecclesie
1532 1294 1576 1315 ex
1601 1289 1696 1316 tanta
1722 1282 1957 1316 discencione
1979 1284 2169 1326 inminent,
2191 1290 2339 1330 paterna

464 1348 691 1394 providentia
722 1354 971 1393 precaventes,
995 1359 1122 1393 penam
1155 1348 1339 1394 magistris
1369 1355 1405 1381 et
1431 1349 1635 1382 scolaribus
1669 1349 1842 1383 inflictam
1875 1362 1893 1383 a
1927 1349 2032 1384 vobis
2065 1357 2101 1384 et
2133 1350 2340 1396 specialiter

462 1414 740 1448 honorabilibus
761 1415 849 1448 viris
870 1421 906 1447 et
926 1415 1109 1456 discretis,
1131 1415 1203 1448 fide
1229 1415 1357 1457 firmis.
1380 1415 1584 1449 Guillermo
1607 1416 1651 1449 de
1674 1417 1804 1450 Sancto
1825 1417 1972 1459 Amore,
1994 1417 2115 1451 Odoni
2136 1418 2180 1451 de
2202 1418 2339 1460 Duaco,

460 1482 569 1515 claris
592 1481 775 1526 theologie
802 1481 1029 1523 doctoribus,
1051 1494 1090 1514 ac
1112 1482 1297 1527 magistris
1323 1482 1497 1515 Nicholao
1524 1483 1662 1516 decano
1684 1483 1728 1516 de
1750 1485 1862 1517 Barro
1884 1496 1994 1529 super
2013 1484 2141 1518 Albam
2163 1491 2199 1518 et
2218 1484 2339 1519 Chris-

460 1550 557 1582 tiano
587 1548 762 1581 canonico
794 1547 1020 1589 Belvacensi,
1044 1548 1235 1593 presertim
1262 1561 1343 1581 cum
1370 1549 1486 1582 tante-⁵
1513 1556 1545 1582 et
1573 1556 1640 1582 tam
1669 1550 1876 1584 venerande
1901 1550 2145 1584 multitudinis
2172 1551 2339 1585 nimietas

460 1616 508 1649 sit
528 1616 565 1648 iu
585 1615 725 1649 causa⁶.
745 1614 947 1660 dignemini
968 1615 1256 1648 misericorditer
1276 1615 1450 1657 relaxare,
1472 1628 1511 1648 ac
1532 1616 1633 1661 ipsos
1655 1623 1690 1649 et
1710 1629 1835 1650 eorum
1857 1617 2017 1659 nontios,
2040 1617 2101 1663 qui
2122 1618 2234 1664 parati
2255 1624 2341 1651 sunt

462 1682 639 1715 mandatis
669 1681 802 1714 vestris
833 1681 1035 1714 secundum
1063 1682 1177 1714 Deum
1204 1688 1239 1714 et
1258 1682 1435 1726 justitiam
1464 1683 1501 1714 in
1528 1682 1699 1715 omnibus
1725 1683 1890 1726 obedire⁷
1912 1684 1949 1717 in
1971 1684 2048 1717 suis
2064 1685 2175 1729 justis
2195 1684 2339 1730 petitio-

462 1749 571 1782 nibus
606 1747 852 1781 favorabiliter
883 1748 1066 1780 exaudire.
1099 1748 1303 1781 Conservet
1333 1760 1398 1782 vos
1430 1749 1607 1782 Dominus
1638 1749 1745 1782 nobis
1776 1757 1811 1783 et
1837 1750 1992 1784 ecclesie
2023 1763 2088 1784 sue
2120 1758 2242 1785 sancte
2274 1763 2340 1797 per

462 1822 625 1860 tempora
660 1814 840 1860 longiora.
879 1815 1006 1847 Datum
1042 1827 1136 1847 anno
1178 1815 1323 1848 Domini
1357 1815 1553 1848 millesimo
1589 1816 1842 1849 ducentesimo
1883 1817 2188 1863 quinquagesimo
2222 1824 2338 1860 sexto,

463 1894 588 1915 mense
610 1881 773 1915 Octobri.

555 1980 690 2012 Originale
715 1979 741 2002 in
765 1979 841 2003 Arch.
866 1982 919 2002 nat.
941 1979 1024 2002 Paris.
1046 1980 1078 2002 M.
1101 1979 1156 2007 67¹2,
1178 1984 1207 2002 no
1226 1980 1264 2003 43.
1288 1980 1436 2011 Supersunt
1457 1980 1572 2012 quinque
1591 1980 1706 2004 taeniolu
1726 1980 1925 2004 membranacea
1941 1989 1971 2004 ex
1986 1989 2088 2010 novem,
2109 1981 2206 2013 quibus
2221 1989 2339 2013 appensa

460 2029 536 2048 erant
551 2025 648 2056 sigilla.
665 2038 696 2041 ——
710 2024 785 2055 Apud
802 2024 938 2051 Eulaeum,
955 2024 1001 2052 111,
1018 2025 1072 2052 309,
1089 2024 1204 2047 occurrit
1218 2024 1267 2047 hoc
1283 2024 1470 2048 documentum
1485 2025 1591 2048 omnino
1606 2033 1737 2048 mancum.

560 2109 579 2131 1.
599 2109 684 2132 Verba
704 2108 840 2139 hucusque
860 2108 952 2136 relata,
970 2116 1020 2131 non
1037 2105 1329 2139 accuratel'desumpta
1345 2111 1406 2131 sunt
1421 2117 1451 2132 ex
1470 2108 1565 2132 litteris
1586 2109 1709 2140 Gregorii
1730 2110 1763 2132 lx
1784 2109 1845 2132 unni
1865 2110 1935 2137 1231,
1957 2110 1986 2132 13
2006 2110 2087 2141 April.
2105 2110 2191 2141 Supra
2211 2114 2240 2133 n⁰
2255 2111 2292 2134 79.
2307 2123 2339 2128 —

463 2155 485 2177 2.
510 2154 632 2177 Thomas.
649 2167 679 2170 —
695 2154 716 2176 3.
735 2153 871 2176 Hem-icus.
892 2167 923 2170 -—
942 2154 965 2176 Li.
988 2152 1052 2175 Vide
1069 2161 1150 2183 supra
1171 2157 1200 2175 ηο
1215 2153 1268 2175 268.
1285 2166 1315 2170 —
1331 2155 1353 2176 5.
1370 2153 1414 2176 Or.
1434 2161 1438 2176 :
1458 2162 1469 2176 a
1486 2156 1589 2176 cantate
1605 2162 1626 2176 ».
1643 2167 1674 2171 -
1688 2155 1710 2177 6.
1728 2154 1793 2177 Vide
1809 2154 1840 2177 dc
1855 2154 1903 2177 hoc
1919 2154 1981 2185 Reg.
1999 2155 2055 2178 Vnt.
2073 2154 2181 2178 Honorii
2196 2155 2240 2183 111,
2257 2163 2298 2179 un.
2314 2155 2338 2184 1,

463 2206 504 2229 ep.
520 2199 558 2221 [44.

464 2374 575 2411 296.
599 2382 767 2408 Alexander
782 2382 867 2408 [Vin
888 2381 992 2408 litteris
1012 2381 1052 2407 ad
1074 2382 1227 2416 magistros
1249 2382 1431 2408 Parisienses
1454 2382 1575 2417 mirifice
1594 2383 1722 2409 studium
1741 2383 1908 2410 Parisiense
1928 2383 2040 2418 laudat,
2058 2383 2295 2410 praedicatorum
2311 2388 2340 2412 et

553 2432 694 2457 Minor-um
716 2431 911 2466 defensionem
933 2430 1063 2467 suscipit,
1089 2430 1218 2456 libellum
1243 2430 1387 2457 Guillelmi
1409 2431 1444 2457 de
1470 2433 1497 2457 S.
1524 2432 1628 2458 Amore
1650 2431 1819 2458 damnatum
1842 2432 1994 2459 denuntiat
2015 2441 2049 2458 ac
2069 2441 2103 2458 ne
2127 2433 2254 2459 studium
2277 2432 2338 2460 alio

553 2482 748 2515 transferatur
762 2483 848 2506 cavet.

1607 2531 1686 2560 1266,
1703 2530 1848 2557 Novembris
1864 2530 1902 2560 70,
1917 2530 2052 2563 Anagniae.

554 2613 759 2645 Alexander
798 2613 995 2657 episcopus
1035 2624 1164 2646 servus
1204 2624 1392 2646 servorum
1433 2613 1499 2646 Dei
1539 2613 1682 2647 dilectis
1718 2613 1804 2646 filiis
1844 2613 2028 2659 magistris
2062 2620 2098 2646 et
2133 2613 2337 2648 scolaribus

466 2678 735 2713 Parisiensibus
768 2679 920 2712 salutem
956 2686 990 2712 et
1023 2678 1257 2724 apostolicam
1293 2678 1600 2712 benedictionem.
1637 2680 1798 2713 Parisius
1832 2680 1961 2725 peritie
1990 2692 2129 2713 summe
2159 2680 2262 2713 sinus
2291 2680 2337 2714 de

467 2758 531 2779 sue
567 2745 718 2778 scientie
753 2745 979 2789 plenitudine
1015 2745 1162 2790 replens
1202 2745 1327 2778 orbem
1363 2752 1398 2778 et
1432 2752 1599 2791 tanquam
1634 2745 1797 2791 fulgidus
1832 2745 1888 2779 sol
1923 2746 2087 2779 doctrine
2125 2758 2190 2791 per
2223 2753 2335 2780 totum

467 2812 590 2845 orbem
605 2812 614 2829 ¹
637 2811 731 2844 clare
753 2811 996 2856 intelligentie
1017 2811 1140 2844 lumen
1161 2812 1332 2853 fundens,
1361 2812 1513 2857 depellit
1537 2812 1742 2858 ignorantie
1764 2812 1947 2854 tenebras,
1974 2812 2141 2846 ruditatis
2161 2812 2338 2859 abstergit

467 2878 673 2923 caliginem„
702 2878 818 2911 aufert
847 2878 1026 2922 imperitic
1058 2878 1236 2920 nubilum,
1269 2879 1402 2924 promit
1435 2878 1713 2912 illuminationis
1747 2891 1925 2921 auroram,
1962 2879 2183 2925 cognitionis
2213 2880 2338 2925 pandit

468 2952 661 2985 secretum⁷
689 2951 723 2977 et
749 2944 908 2977 lucidum
938 2945 1088 2977 scientie
1113 2951 1291 2994 monstrat
1315 2945 1427 2986 diem3
1450 2945 1544 2991 rigat
1568 2946 1869 2979 documentorum
1896 2957 2044 2979 suorum
2068 2946 2214 2980 ssuentis
2240 2947 2337 2980 Pari-
