2580 3528
456 360 519 393 178
1036 369 1356 391 CllAnTULAnltJM
1392 369 1584 391 univnns.
1621 369 1750 392 PAnis.
2233 359 2333 399 [1245

543 445 631 477 Item
663 444 693 477 si
723 443 859 488 hospes
890 455 963 476 non
992 443 1151 476 voluerit
1179 443 1377 488 hospitium
1408 455 1513 477 suum
1545 443 1631 476 dare
1660 443 1703 476 ad
1730 444 1885 489 pretium
1917 450 2086 484 taxatum,
2117 449 2153 476 et
2179 442 2332 475 scolaris

453 510 627 556 optulerit
654 522 693 543 se
721 510 887 543 daturum
914 510 1068 555 pretium
1098 516 1252 543 taxatum
1284 516 1318 543 et
1345 510 1575 543 securitatem
1604 509 1778 543 obtulerit
1806 522 1917 555 super
1945 509 2013 543 hoc
2037 510 2155 543 facere
2186 521 2333 554 compe-

453 584 602 619 tentem,
633 577 758 610 eadem
790 577 921 610 domus
942 577 1180 610 interdicatur
1209 589 1274 621 per
1294 578 1325 610 V
1347 588 1475 610 annos.
1499 576 1564 609 Ille
1590 583 1709 610 autem
1735 576 1793 610 vel
1818 576 1871 609 illi
1898 577 2074 618 scolares,
2100 576 2162 621 qui
2184 576 2332 609 domum

452 645 679 678 interdictam
715 644 922 689 receperint
950 644 1007 677 vel
1038 655 1172 677 moram
1203 643 1253 676 ibi
1283 644 1438 676 fecerint
1466 650 1502 676 et
1530 643 1703 677 recedere
1734 643 1932 685 noluerint,
1963 655 2069 688 quam
2102 643 2174 676 cito
2203 642 2331 676 moniti

452 711 588 744 fuerint
616 723 681 756 per
710 717 889 744 rectorem
918 710 976 743 vel
1006 710 1226 743 servientem
1254 709 1298 742 ab
1328 710 1408 755 ipso
1439 710 1605 751 missum,
1631 709 1690 743 vel
1715 721 1781 755 per
1804 716 2061 755 procuratores
2085 709 2254 743 similiter
2272 709 2331 743 vel

453 778 625 811 nuncium
647 777 690 810 ab
712 778 766 810 eis
788 777 952 818 missum,
972 776 1163 810 beneficiis
1184 776 1388 809 scolarum²
1409 782 1445 809 et
1461 776 1718 810 Universitatis
1740 777 1941 822 priventur.

543 846 632 878 Item
652 845 873 885 vacationes,
897 856 966 888 que
989 843 1125 876 debent
1144 843 1223 875 fieri
1250 850 1331 876 ante
1353 843 1476 876 Natale
1498 843 1658 885 Domini,
1679 843 1855 888 incipiant
1873 855 1891 876 a
1913 843 2077 876 secundo
2096 843 2127 877 O
2148 855 2265 888 usque
2285 843 2331 876 ad

451 912 647 944 crastinum
678 911 826 944 crastini
858 910 1089 955 Epiphanie³.
1123 911 1197 943 Hec
1225 917 1344 943 autem
1374 916 1505 943 statuta
1535 916 1621 944 sunt
1649 916 1787 943 retenta
1818 916 2010 955 potestate,
2044 916 2084 943 ut
2112 909 2332 944 universitas

452 978 709 1023 magistrorum
730 978 848 1023 possit
868 977 1002 1010 addere
1022 977 1080 1010 vel
1102 977 1266 1010 minuere
1287 977 1344 1010 vel
1367 983 1504 1010 mutare
1525 977 1726 1010 secundum
1749 977 1847 1022 quod
1866 977 2000 1010 viderit
2019 977 2203 1022 expedire.

545 1077 607 1100 Cod.
628 1077 684 1099 Vnt.
706 1077 769 1107 Reg.
790 1077 845 1104 406,
866 1076 910 1099 rol.
932 1077 970 1103 49,
992 1084 1022 1099 ex
1042 1084 1094 1107 qno
1112 1076 1206 1099 titulus
1227 1084 1308 1107 supra
1328 1076 1435 1099 relatus.
1458 1076 1486 1098 ln
1507 1075 1576 1099 Bibl.
1596 1075 1728 1107 Phillipps
1749 1075 1775 1098 in
1796 1075 1977 1104 Cheltenham,
1998 1083 2048 1099 ms.
2069 1075 2124 1104 876,
2145 1075 2191 1099 fol.
2211 1076 2250 1104 56,
2269 1077 2332 1106 post

451 1129 540 1144 vocem
557 1130 568 1144 «
584 1121 662 1144 scolis
679 1129 690 1144 ))
707 1121 815 1144 additur
831 1129 836 1144 z
855 1130 866 1143 «
883 1121 1037 1144 artistarum
1054 1129 1075 1145 n.
1091 1135 1123 1138 —
1137 1121 1260 1148 Bulaeus,
1278 1121 1323 1149 111,
1340 1121 1393 1143 195.

543 1206 565 1229 1.
583 1206 611 1229 In
627 1206 690 1229 Cod.
707 1206 764 1229 Vat.
781 1206 876 1229 desunt
891 1205 972 1229 verba
987 1213 992 1228 ε
1012 1214 1023 1228 «
1040 1205 1109 1237 quod
1170 1205 1248 1228 modo
1262 1205 1352 1228 locans
1369 1213 1391 1229 ».
1406 1219 1438 1222 —
1452 1206 1474 1228 2.
1492 1205 1534 1228 Sic
1552 1205 1628 1228 codd.
1647 1205 1726 1236 vulgo
1745 1204 1770 1228 in
1793 1205 1839 1228 tati
1859 1204 2054 1228 constructione
2069 1204 2195 1228 scribitur
2217 1213 2228 1228 «
2245 1205 2332 1228 scota-

450 1250 518 1273 rium
532 1258 553 1273 ».
570 1264 601 1268 -—
615 1251 637 1273 3.
655 1251 683 1273 ld
700 1253 739 1273 est
754 1258 769 1273 a
785 1251 814 1273 18
830 1250 890 1273 Dec.
906 1250 1001 1281 (prima
1018 1249 1124 1281 Antiph.
1145 1250 1166 1274 Ο
1179 1253 1219 1273 est
1233 1250 1262 1273 17
1278 1249 1350 1282 Dec.)
1365 1258 1448 1281 usque
1463 1250 1496 1273 nd
1512 1250 1526 1273 8
1541 1250 1600 1273 Jan.

455 1418 562 1454 137.
590 1429 649 1460 Quo
667 1431 799 1463 tempore,
818 1427 922 1462 quibus
938 1426 1048 1461 diebus,
1067 1427 1171 1462 quibus
1187 1426 1264 1452 horis
1282 1426 1417 1452 lectiones
1433 1428 1581 1452 cursor-iae
1597 1426 1626 1452 in
1641 1426 1754 1452 artibus
1770 1426 1829 1452 sint
1844 1425 1993 1460 legendae.

1801 1510 1876 1539 1245.
1891 1508 1911 1544 [
1911 1509 2018 1536 Parisii-9
2017 1508 2044 1544 J.

539 1581 646 1613 Anno
664 1580 809 1613 Domini
827 1581 861 1612 M
871 1580 929 1613 CC
943 1580 1223 1625 quadragesimo
1241 1587 1381 1625 quarto.
1396 1579 1572 1613 Noverint
1588 1579 1762 1620 universi,
1779 1579 1878 1624 quod
1893 1591 1959 1624 pro
1975 1579 2160 1612 communi
2178 1578 2330 1612 utilitate

449 1648 560 1681 studii
595 1647 723 1680 artium
759 1653 795 1680 et
828 1647 994 1691 ejusdem
1034 1647 1261 1692 reparatione
1293 1647 1337 1679 de
1372 1647 1556 1679 communi
1595 1658 1749 1679 assensu
1786 1646 1990 1679 artistarum
2029 1645 2181 1691 provide
2216 1651 2252 1678 et
2285 1645 2330 1678 de

451 1714 606 1747 consilio
633 1713 831 1759 proborum
860 1714 1045 1759 provisum
1069 1720 1104 1746 ct
1124 1714 1328 1747 institutum
1351 1720 1419 1755 est,
1442 1713 1539 1758 quod
1566 1713 1740 1759 deinceps
1762 1726 1779 1746 a
1801 1714 1894 1746 festo
1915 1713 2011 1746 beati
2032 1712 2189 1758 Remigii
2213 1724 2330 1757 usque

450 1781 495 1814 ad
522 1781 836 1827 quadragesimam
865 1780 989 1813 nullus
1020 1781 1193 1826 magister
1220 1781 1296 1814 sive
1327 1787 1407 1813 actu
1438 1792 1584 1826 regens,
1613 1781 1689 1814 sive
1716 1792 1789 1813 non
1814 1787 1895 1813 actu
1917 1791 2065 1825 regens,
2087 1779 2164 1813 sive
2185 1778 2332 1812 bachel-

450 1848 563 1881 larius
583 1847 641 1881 vel
663 1848 872 1893 quicunque
898 1847 991 1880 alius
1012 1846 1133 1892 aliquo
1160 1847 1218 1880 die
1243 1847 1455 1892 disputabili
1476 1847 1595 1892 aliqua
1616 1847 1704 1880 hora
1725 1847 1797 1880 diei
1825 1847 2018 1880 lectionem
2042 1845 2242 1880 cursoriam
2263 1857 2331 1879 nec

451 1915 487 1947 in
512 1915 624 1948 scolis
651 1927 717 1947 nec
746 1915 782 1946 in
810 1914 917 1947 domo
946 1914 1090 1959 propria
1118 1914 1174 1947 vel
1195 1914 1311 1947 aliena
1332 1914 1457 1959 legere
1484 1921 1680 1959 presumat.
1709 1914 1774 1946 Die
1796 1926 1882 1947 vero
1904 1925 1978 1946 non
1998 1912 2211 1958 disputabili
2236 1912 2330 1946 circa

452 1981 575 2014 horam
608 1981 746 2014 tertiam
777 1981 899 2025 aliquo
931 1981 1038 2013 modo
1069 1980 1194 2026 legere
1225 1981 1393 2014 similiter
1422 1981 1617 2014 lectionem
1647 1981 1848 2014 cursoriam
1870 1980 1994 2013 nullus
2021 1986 2217 2025 presumat.
2245 1980 2332 2012 Post

453 2048 592 2081 tertiam
621 2060 708 2081 vero
737 2059 953 2092 quacunque
982 2046 1069 2079 hora
1095 2047 1194 2080 illius
1223 2047 1295 2080 diei
1321 2047 1445 2092 legere
1476 2047 1604 2092 possit.
1640 2048 1671 2080 A
1701 2047 1978 2092 quadragesima
2007 2058 2109 2087 vero,
2139 2052 2330 2091 postquam

452 2114 662 2147 bachellarii
685 2114 928 2147 determinare
954 2113 1171 2158 inceperint,
1201 2114 1260 2146 die
1286 2126 1358 2159 quo
1380 2114 1544 2159 magistri
1569 2114 1756 2159 disputant
1776 2125 1893 2158 usque
1914 2113 1959 2146 ad
1980 2112 2115 2146 Pascha
2135 2112 2330 2145 lectionem

452 2181 651 2215 cursoriam
684 2193 801 2225 usque
837 2187 920 2225 post
952 2179 1168 2225 completam
1189 2180 1428 2225 Completorii
1456 2180 1698 2226 pulsationem
1729 2180 1854 2213 nullus
1881 2180 2007 2225 legere
2035 2185 2231 2225 presumat.
2264 2178 2331 2211 Die

450 2260 537 2282 vero
559 2260 631 2293 quo
654 2247 817 2293 magistri
839 2259 912 2280 non
934 2247 1121 2292 disputant
1140 2247 1177 2279 in
1198 2247 1475 2293 quadragesima
1496 2247 1591 2280 circa
1611 2247 1736 2280 horam
1755 2247 1897 2280 tertiam
1918 2246 2018 2280 nulla
2039 2246 2147 2279 lectio
2167 2245 2330 2279 cursoria

451 2315 575 2360 legere
603 2314 806 2347 inchoetur.
837 2307 923 2347 Post
947 2313 1087 2346 tertiam
1117 2326 1204 2346 vero
1232 2326 1349 2359 usque
1379 2314 1422 2347 ad
1449 2314 1640 2359 prandium
1662 2314 1786 2359 legant
1810 2325 1981 2353 cursores
2001 2324 2218 2358 quacunque
2243 2311 2330 2345 hora

451 2382 523 2414 diei
558 2381 657 2414 illius
692 2393 758 2426 pro
793 2392 858 2414 sua
892 2380 1091 2413 voluntate.
1128 2382 1214 2413 Post
1242 2381 1433 2425 prandium
1464 2393 1551 2415 vero
1582 2381 1612 2414 si
1640 2380 1851 2414 bachellarii
1882 2380 2080 2426 disputant,
2108 2390 2182 2413 non
2208 2378 2332 2424 legant

451 2449 615 2481 cursorie
636 2448 693 2481 vel
714 2448 910 2480 lectionem
931 2447 1130 2480 cursoriam
1153 2447 1326 2481 inchoent
1346 2460 1462 2493 usque
1484 2454 1567 2493 post
1587 2447 1800 2493 completam
1819 2446 2058 2492 Completorii
2074 2445 2327 2491 pulsationem.

452 2515 488 2548 Si
505 2527 591 2548 vero
613 2514 824 2547 bachellarii
846 2526 919 2547 non
941 2514 1127 2558 disputant
1147 2521 1230 2559 post
1250 2515 1455 2559 prandium,
1473 2526 1689 2560 quacunque
1712 2514 1799 2547 hora
1821 2525 1993 2547 cursores
2014 2518 2170 2558 possunt
2189 2511 2328 2557 legere,

452 2588 487 2614 et
507 2581 674 2614 similiter
700 2581 758 2613 die
785 2593 856 2625 quo
884 2580 1070 2625 disputant
1094 2581 1256 2626 magistri
1283 2581 1320 2613 in
1346 2581 1637 2627 quadragesima,
1659 2581 1689 2614 si
1711 2580 1922 2614 bachellarii
1944 2591 2017 2612 non
2042 2579 2229 2623 disputant
2248 2584 2329 2623 post

452 2648 657 2693 prandium,
680 2647 777 2692 quod
799 2647 980 2691 contingit
999 2646 1085 2679 licet
1104 2659 1199 2689 raro,
1222 2647 1328 2681 liceat
1347 2648 1562 2681 cursoribus
1583 2647 1751 2681 similiter
1776 2654 1858 2692 post
1884 2646 2091 2692 prandium¹
2114 2656 2329 2690 quacunque

452 2714 540 2748 hora
560 2714 746 2748 voluerint
764 2714 942 2746 lectiones
964 2714 1147 2746 cursorias
1168 2713 1352 2747 inchoare.
1375 2715 1406 2747 A
1422 2714 1557 2747 Pascha
1578 2726 1664 2748 vero
1686 2726 1803 2758 usque
1819 2713 1864 2746 ad
1883 2713 2017 2746 festum
2038 2711 2152 2745 sancti
2174 2711 2330 2756 Remigii

454 2782 489 2814 in
521 2781 715 2814 vindemiis
745 2780 803 2813 die
834 2779 1046 2824 disputabili
1077 2792 1193 2824 usque
1222 2787 1305 2825 post
1335 2781 1551 2826 completam
1582 2792 1677 2813 none
1706 2782 1815 2813 Beate
1843 2780 1956 2813 Marie
1986 2778 2229 2824 pulsationem
2257 2789 2331 2810 non

454 2854 684 2893 presumatur
705 2847 778 2892 legi
798 2846 855 2879 vel
876 2845 1040 2878 inchoari
1060 2845 1168 2879 lectio
1190 2847 1353 2880 cursoria
1374 2846 1418 2880 ab
1438 2847 1573 2892 aliquo.
1599 2846 1787 2892 Completa
1807 2858 1895 2880 vero
1916 2857 2012 2879 none
2032 2844 2238 2891 pulsatione
2259 2843 2331 2877 sibi

453 2915 601 2960 legendi
623 2914 787 2947 cursorie
808 2924 924 2958 usque
950 2912 992 2945 ad
1016 2919 1157 2945 noctem
1179 2914 1292 2959 gratia
1313 2914 1512 2946 confertur.
1540 2914 1606 2946 Die
1627 2925 1714 2947 vero
1736 2925 1809 2946 non
1836 2911 2048 2958 disputabili
2074 2912 2168 2945 circa
2189 2910 2329 2944 tertiam

579 2973 617 2996 23.
1955 2971 1958 2974 .
2054 2968 2070 2971 ..
2111 2972 2113 2974 ,
