2580 3528
247 442 345 483 1233]
593 451 640 473 AB
674 451 781 473 Asso
815 451 892 473 uec
928 450 1060 478 tchi:
1095 450 1144 472 An
1180 450 1410 472 rnimrrcu
1446 451 1486 472 iv
1522 451 1609 472 asu.
1650 452 1784 473 inme.
2064 446 2116 476 151

244 555 324 592 98.
351 565 502 599 Gregorius
526 565 571 589 IX
587 563 707 590 Nicolao
738 563 870 599 episcopo
896 562 1075 589 Noviomensi
1102 566 1129 588 et
1153 562 1223 588 aliis
1250 562 1376 598 ejusdem
1403 562 1543 589 dioecesis
1571 563 1700 593 maudut,
1724 573 1758 589 ne
1784 564 1945 600 impediant
1973 567 2123 601 quominus

333 612 488 649 Philippus
512 611 706 638 cancellarius
730 612 908 638 Parisiensis
933 612 961 638 in
991 611 1233 637 archidiaconatu
1263 611 1443 637 Noviomensi
1467 620 1522 648 per
1546 613 1655 646 fratres
1681 612 1903 639 Prnedicatores
1929 614 1971 640 vel
1998 615 2123 641 Minores

333 662 507 688 visitationis
521 662 650 696 officium
665 665 807 687 exerceat.

1467 710 1543 739 1233,
1558 710 1647 736 Martii
1661 711 1684 739 7,
1700 710 1836 744 Anagniae.

337 811 358 818 ..
381 785 564 830 Episcopo
589 784 839 825 Noviomensi,
862 783 1067 825 abbatibus,
1091 783 1290 829 prioribus,
1313 783 1461 817 decanis
1489 791 1525 817 et
1549 784 1629 817 aliis
1653 785 1889 818 ecclesiarum
1918 787 2123 820 rectoribus

243 851 501 885 Noviomensis
533 851 706 884 diocesis.
743 851 885 884 Dilecto
920 850 1030 883 filio..
1063 850 1279 884 cancellario
1315 851 1511 884 Parisiensi
1546 852 1752 896 accepimus
1787 852 1987 890 intimante,
2024 855 2121 899 quod

243 931 324 952 cum
346 930 415 951 nos
444 918 527 960 sibi,
557 925 596 951 nt
624 918 741 951 eidem
773 918 934 951 Parisius
962 918 997 950 in
1020 917 1224 963 theologica
1252 917 1419 951 facultate
1448 918 1602 963 regenti,
1630 918 1733 952 liccat
1766 919 1802 951 in
1829 919 2121 954 archidiaconatu

243 985 492 1027 Noviomensi,
524 997 631 1030 quem
661 985 836 1018 canonice
864 985 1015 1030 optinet,
1048 996 1113 1029 per
1141 984 1297 1029 aliquem
1330 984 1483 1029 probum
1509 985 1625 1018 virum
1649 985 1693 1018 de
1719 985 1891 1020 fratribus
1917 987 2124 1021 Predicato-

243 1051 347 1086 ribus
362 1051 420 1086 vel
440 1051 647 1085 Minoribus
668 1063 839 1085 exercere
863 1051 1083 1085 visitationis
1109 1050 1280 1092 officium,
1303 1057 1338 1084 et
1358 1051 1522 1097 recipere
1544 1052 1820 1097 procurationes
1840 1053 1980 1087 ratione
2001 1055 2124 1088 visita-

244 1119 356 1152 tionis
371 1119 404 1152 ei
426 1118 568 1152 debitas
588 1118 800 1152 duxerimus
821 1118 1110 1159 concedendum,
1129 1118 1274 1163 quidam
1295 1124 1457 1151 vestrum
1479 1118 1597 1164 ipsum
1615 1119 1812 1164 quominus
1833 1120 1929 1153 idem
1945 1121 2124 1155 archidia-

242 1192 395 1219 conatus
419 1186 521 1231 juxta
551 1185 814 1230 indulgentiam
846 1197 958 1230 super
987 1184 1056 1218 hoc
1085 1196 1297 1218 concessam
1328 1184 1398 1218 sibi
1430 1184 1546 1218 valeat
1574 1185 1712 1219 visitari
1741 1198 1806 1231 pro
1834 1198 1900 1220 sue
1926 1187 2124 1221 voluntatis

243 1251 348 1286 libito
369 1252 548 1298 impedire
568 1252 734 1285 nituntur
754 1263 827 1284 non
853 1251 992 1296 absque
1017 1250 1217 1296 apostolice
1238 1251 1338 1284 sedis
1359 1251 1491 1296 injuria
1512 1258 1547 1285 et
1567 1259 1790 1298 contemptu.
1812 1253 1986 1287 Nolentes
2012 1254 2125 1300 igitur

244 1325 283 1352 ut
302 1318 398 1352 idem
420 1317 672 1359 cancellarius,
695 1330 802 1363 quem
824 1317 984 1351 reddunt
1003 1329 1068 1350 sua
1090 1317 1215 1350 merita
1236 1317 1451 1363 gratiosum,
1473 1318 1589 1363 gratie
1612 1325 1735 1351 nostre
1762 1319 1958 1353 frustretur
1979 1321 2122 1359 effectu,

243 1385 470 1427 mandamus,
491 1384 674 1430 quatinus,
697 1384 894 1430 quominus
914 1383 1245 1417 archidiaconatum
1266 1383 1386 1429 ipsum
1407 1395 1473 1429 per
1493 1384 1678 1429 predictos
1698 1386 1827 1419 fratres
1847 1386 1984 1419 visitari
2005 1388 2122 1426 saciat,

243 1458 279 1485 et
299 1451 576 1497 procurationes
597 1451 736 1484 ratione
755 1451 976 1484 visitationis
997 1450 1067 1483 sibi
1089 1449 1231 1483 debitas
1252 1450 1415 1495 recipiat,
1433 1451 1534 1495 juxta
1556 1451 1785 1497 indulgentie
1807 1454 1943 1497 prefate
1961 1460 2122 1487 tenorem

243 1518 384 1552 nullum
418 1517 717 1564 impedimentum
754 1517 938 1563 prestetis.
972 1517 1147 1562 Alioquin
1177 1516 1321 1550 dilectis
1351 1516 1479 1550 filiis..
1507 1517 1620 1562 priori
1647 1518 1766 1551 Sancti
1793 1518 1927 1552 Juliani
1949 1521 2123 1565 Pauperis

242 1585 461 1619 Parisiensis
482 1591 518 1619 et
538 1585 713 1630 magistro
741 1584 947 1619 Guarnacio
971 1584 1147 1617 canonico
1173 1583 1366 1617 Tei-visino
1387 1584 1548 1617 Parisius
1574 1586 1812 1618 commoranti
1833 1586 1961 1619 damus
1987 1588 2124 1620 nostris

243 1651 374 1686 litteris
395 1652 432 1685 in
448 1651 640 1693 mandatis,
658 1657 698 1685 ut
716 1663 782 1685 vos
802 1651 846 1684 ad
867 1651 904 1684 id
926 1651 1134 1684 monicione
1155 1647 1333 1696 premissa
1354 1649 1498 1684 sublato
1519 1651 1774 1696 appellationis
1796 1651 1984 1686 obstaculo
2005 1661 2123 1687 aucto-

244 1718 348 1752 ritate
368 1725 493 1752 nostra
514 1717 745 1764 compellant.
770 1719 847 1751 Dat.
870 1717 1038 1764 Anagnie
1060 1729 1145 1750 non.
1168 1717 1302 1756 Martii,
1323 1729 1419 1750 anno
1440 1723 1555 1750 sexto.

336 1826 399 1857 neg.
415 1826 473 1849 Vnt.
491 1825 613 1858 Gregorii
628 1825 661 1849 lx
677 1833 719 1849 nn.
735 1826 759 1855 6,
775 1833 816 1857 ep.
834 1817 888 1853 361,
907 1825 950 1848 sol.
970 1825 1022 1848 103.
1040 1825 1069 1848 In
1084 1825 1136 1847 fine
1153 1824 1251 1856 legitur
1269 1833 1274 1847 ·.
1295 1835 1301 1844 u
1322 1824 1456 1856 Scriptum
1472 1827 1512 1848 est
1531 1833 1612 1856 super
1628 1824 1676 1847 hoc
1692 1825 1791 1848 eisdem
1806 1826 1989 1850 executoribus
2007 1838 2026 1856 ι,
2043 1827 2067 1851 id
2084 1831 2124 1851 est

242 1870 305 1899 illis,
319 1870 364 1902 qui
378 1870 404 1894 in
420 1870 470 1894 fine
485 1869 634 1894 litterarum
646 1869 825 1899 nominantur.
842 1883 874 1887 —-
888 1869 1024 1897 sbaralea,
1041 1869 1119 1893 Bull.
1131 1869 1288 1897 Francisc„
1304 1869 1324 1896 Ι,
1336 1870 1375 1897 97,
1392 1873 1421 1892 n⁰
1435 1870 1474 1892 90.

241 2025 320 2064 99.
347 2035 498 2071 Gregorius
520 2036 566 2062 IX
584 2037 736 2070 confirmat
754 2038 895 2061 statutum
915 2034 995 2061 card.
1017 2033 1149 2069 Romani,
1178 2037 1271 2070 apost.
1296 2033 1375 2060 sedis
1395 2033 1494 2069 legati,
1518 2038 1549 2060 ut
1572 2034 1692 2061 Tolosae
1706 2035 1834 2061 studium
1854 2036 1991 2070 generale
2013 2042 2124 2063 creetur·

331 2088 420 2121 alque
434 2085 583 2120 magistris
598 2087 626 2111 et
639 2083 821 2111 scholaribus
837 2083 942 2110 ibidem
957 2083 1141 2110 studentibus
1155 2082 1285 2109 concedit
1299 2082 1420 2109 eandem
1436 2082 1608 2118 libertatem,
1626 2092 1685 2119 qua
1699 2085 1881 2111 Parisienses
1897 2089 2022 2112 utuntur.

1449 2172 1526 2202 7233,
1542 2172 1634 2205 Aprilis
1647 2173 1692 2202 27,
1708 2173 1835 2200 Latomm‘.

333 2247 570 2282 Universitati
601 2247 857 2293 magistrorum
893 2253 929 2280 et
957 2246 1151 2280 scolarium
1182 2246 1353 2280 Tolosan.
1385 2246 1481 2280 Olim
1510 2253 1683 2292 operante
1711 2247 1774 2280 illo
1804 2248 1865 2293 qui
1890 2248 1965 2281 vult
1994 2261 2122 2282 omnes

243 2314 412 2348 homines
428 2313 550 2347 salvos
566 2313 646 2348 fieri
662 2320 698 2347 et
713 2314 894 2347 neminem
912 2313 990 2347 vult
1005 2313 1138 2359 perire,
1157 2324 1222 2358 per
1238 2312 1480 2346 ministerium
1498 2312 1621 2346 dilecti
1638 2312 1702 2345 filii
1720 2314 1835 2346 nostri
1853 2315 1892 2347 R.
1908 2315 2122 2348 portuensis

244 2381 364 2422 electi,
400 2387 484 2414 tunc
519 2380 556 2413 in
590 2379 664 2414 illis
699 2379 863 2426 partibus
894 2379 1093 2425 apostolice
1123 2379 1223 2412 sedis
1253 2378 1376 2424 legati,
1406 2379 1501 2412 inter
1530 2378 1720 2412 ecclesiam
1750 2386 1785 2413 ct
1813 2379 1972 2413 nobilem
2004 2381 2119 2414 virum

244 2447 412 2481 comitem
433 2446 656 2480 Tolosanum
677 2458 765 2492 pace
786 2452 962 2492 preeunte
983 2445 1103 2479 divina
1124 2445 1238 2491 gratia
1259 2446 1451 2478 reformata
1472 2445 1567 2478 idem
1589 2444 1731 2491 legatus
1752 2452 1819 2479 tam
1843 2447 1994 2492 provide
2015 2459 2120 2493 quam

244 2513 445 2560 prudenter
474 2513 667 2547 attendens
697 2513 794 2559 quod
822 2512 914 2546 fides
943 2511 1131 2553 catholica,
1163 2523 1234 2557 que
1264 2523 1358 2557 pene
1388 2511 1534 2557 penitus
1563 2511 1755 2545 videbatur
1784 2512 1829 2545 de
1859 2512 1933 2546 iltis
1958 2513 2122 2559 partibus

244 2580 448 2627 profligata,
485 2579 575 2613 inibi
614 2579 789 2613 reflorere
823 2579 960 2613 valeret
993 2578 1024 2612 si
1063 2578 1136 2611 illic
1169 2577 1369 2611 litterarum
1405 2577 1565 2611 studium
1600 2585 1799 2619 crearetur,
1835 2579 1937 2613 duxit
1970 2581 2122 2626 provide

244 2646 476 2681 statuendum
502 2653 542 2680 ut
566 2646 603 2680 in
623 2646 803 2680 Tolosana
829 2646 973 2680 civitate
996 2644 1193 2690 cujuslibet
1214 2643 1310 2678 licite
1338 2643 1516 2678 facultatis
1537 2644 1655 2678 studia
1677 2644 1937 2690 plantarentur,
1966 2659 2119 2692 quorum

245 2713 430 2759 magistris
450 2719 487 2747 ut
509 2712 664 2747 liberius
685 2719 837 2759 possent
856 2724 982 2747 vacare
1008 2711 1141 2745 studiis
1162 2717 1197 2744 et
1217 2710 1395 2744 doctrinis
1415 2722 1433 2744 a
1455 2710 1630 2756 jamdicto
1656 2711 1788 2745 comite
1813 2713 1880 2746 suit
1900 2713 2120 2759 promissum

244 2786 382 2814 certum
404 2779 573 2814 salarium
595 2786 631 2814 et
651 2786 835 2814 statutum.
862 2781 937 2813 Nos
958 2779 1070 2825 igitur
1090 2777 1190 2824 quod
1210 2789 1321 2823 super
1341 2777 1531 2823 premissis
1556 2778 1685 2811 sactum
1712 2785 1768 2811 est
1787 2785 1928 2824 gratum
1951 2786 1985 2813 et
2007 2787 2120 2814 ratum

243 2845 434 2888 habentes,
464 2853 503 2880 ut
529 2846 654 2880 eadem
683 2845 863 2888 libertate,
893 2858 962 2892 qua
992 2845 1154 2891 gaudent
1178 2844 1405 2878 parisienses
1430 2843 1604 2884 scolares,
1630 2856 1696 2878 vos
1721 2851 1757 2878 et
1777 2857 1904 2878 omnes
1930 2846 1990 2891 qui
2017 2846 2122 2880 vobis

245 2913 493 2948 successerint
520 2913 558 2946 in
587 2912 652 2947 hac
687 2919 787 2959 parte
817 2919 994 2959 perpetuo
1023 2911 1226 2958 gaudeatis,
1258 2910 1444 2944 devotioni
1473 2917 1594 2944 vestre
1628 2910 1798 2944 duximus
1831 2912 2119 2946 concedendum.

245 2978 513 3013 Nichilominus
542 2986 582 3013 ut
609 2979 708 3013 cives
738 2979 911 3014 Tolosani
941 2979 1070 3012 domos
1099 2984 1268 3012 vacantes
1296 2977 1341 3011 ad
1371 2976 1643 3011 inhabitandum
1672 2977 1876 3011 scolaribus
1903 2978 2022 3012 locare
2052 2978 2121 3011 snb
