2580 3528
446 389 508 422 198
1028 398 1350 420 οΗΑιιτυιΑηιυΜ
1385 398 1579 421 umvsas.
1616 398 1744 420 mnis.
2225 386 2325 427 [1246

443 480 672 518 perpetuum,
705 479 737 506 ct
769 472 962 506 edificandi
990 472 1040 505 ibi
1069 479 1105 506 et
1130 472 1286 506 faciendi
1308 472 1345 505 in
1365 472 1418 505 eis
1444 478 1480 506 et
1499 472 1543 505 de
1571 472 1624 505 eis
1652 471 1826 517 quicquid
1854 468 1961 505 nobis
1989 477 2024 504 et
2044 469 2324 504 successoribus

443 540 580 573 nostris
613 539 801 585 placuerit.
837 540 1025 573 Dederunt.
1052 540 1156 573 etiam
1186 539 1294 572 nobis
1326 538 1477 572 liberam
1500 545 1723 584 'potestatem
1751 537 1963 583 acquirendi
1996 543 2127 571 terram
2159 537 2324 582 magistri

443 607 539 640 Petri
561 607 605 639 de
628 606 794 640 Lambala
818 612 854 640 et
873 606 972 640 aliud
992 613 1181 652 arpentum
1205 606 1303 651 quod
1324 612 1381 639 est
1399 606 1436 638 in
1458 605 1592 647 medio,
1611 605 1641 638 si
1657 606 1758 650 justo
1776 612 1812 638 et
1828 604 2032 638 rationabili
2049 604 2172 650 precio
2189 603 2325 637 habere

443 673 659 718 poterimus,
694 674 749 706 sin
782 680 899 706 autem
934 673 1019 706 alibi
1055 673 1121 706 tria
1154 679 1302 718 arpenta
1337 679 1433 706 terre
1472 673 1509 705 in
1546 672 1710 717 predicto
1744 671 1826 705 loco
1862 668 2069 706 Cardoneto
2103 670 2324 716 ubicumque

443 739 669 773 voluerimus
690 747 725 773 et
746 741 947 785 poterimus
969 741 1005 773 in
1025 740 1171 773 censiva
1193 740 1355 785 ipsorum
1373 739 1465 772 viam
1488 744 1768 784 competentem,
1787 749 1851 783 per
1871 750 1978 783 quam
1997 737 2090 771 viam
2111 737 2148 770 in
2169 744 2324 782 utroque

443 818 542 847 casu,
566 807 602 839 id
623 813 677 839 est
699 807 776 840 sive
798 807 995 839 emerimus
1012 813 1142 840 terram
1165 805 1329 851 magistri
1346 805 1442 838 Petri
1463 817 1543 838 cum
1565 804 1636 838 alio
1656 811 1806 850 arpento
1827 803 1962 846 medio,
1979 804 2057 837 sive
2079 803 2144 836 tria
2162 809 2324 849 arpenta,

443 873 630 918 possimus
656 873 791 906 intrare
819 880 854 906 ct
879 873 978 905 exire
1006 885 1085 905 cum
1120 872 1229 905 rebus
1255 871 1393 905 nostris
1418 871 1462 904 ad
1488 871 1691 917 predictum
1717 870 1837 904 locum
1863 870 2084 915 ubicumque
2109 870 2324 915 poterimus,

443 946 594 985 excepto
617 940 653 972 in
675 940 754 972 vico
776 940 837 984 qui
859 946 915 972 cst
935 939 972 971 in
994 946 1103 984 ponte
1126 939 1246 972 Sancti
1267 938 1406 971 Nicolai
1428 950 1544 983 usque
1564 938 1608 971 ad
1630 944 1769 983 portam
1791 937 1912 971 Sancti
1928 936 2099 970 Victoris.
2119 937 2171 969 De
2191 935 2326 980 quibus

444 1006 551 1040 nobis
579 1018 660 1039 cum
689 1006 823 1051 sigillis
848 1018 974 1039 corum
1001 1012 1166 1051 patentes
1191 1006 1331 1039 litteras
1358 1011 1641 1045 concesserunt3
1664 1004 1700 1037 in
1722 1003 1856 1049 quibus
1883 1003 2054 1037 omnibus
2079 1003 2326 1037 conditionem

443 1073 599 1107 ecclesie
620 1080 745 1106 nostre
766 1085 806 1106 ac
828 1073 969 1106 ordinis
990 1073 1106 1106 nostri
1127 1073 1206 1106 fieri
1227 1073 1412 1106 credimus
1431 1071 1635 1113 meliorem,
1652 1071 1751 1116 quod
1767 1071 1873 1104 etiam
1895 1082 1960 1116 per
1980 1076 2172 1116 presentes
2187 1069 2328 1104 litteras

442 1139 671 1174 confitemur.
709 1141 764 1173 Ad
797 1141 914 1185 ipsius
947 1147 1065 1173 autem
1094 1140 1147 1173 rei
1179 1146 1283 1185 geste
1315 1139 1526 1172 memoriam
1555 1145 1590 1172 et
1621 1138 1783 1184 predicte
1818 1137 1974 1171 ecclesie
2011 1137 2132 1171 Sancti
2166 1137 2327 1171 Victoris

445 1207 677 1240 securitatem
700 1214 910 1252 perpetuam
930 1207 1085 1240 fecimus
1111 1207 1190 1240 fieri
1217 1213 1408 1252 presentes
1429 1206 1569 1239 litteras
1590 1205 1714 1251 sigillo
1736 1212 1862 1238 nostro
1884 1205 2053 1238 munitas.
2080 1205 2209 1237 Actum
2231 1203 2329 1237 Pari-

445 1274 536 1315 sius,
558 1287 653 1308 anno
676 1275 821 1307 Domini
848 1274 1043 1308 millesimo
1064 1275 1140 1308 CC⁰
1159 1274 1440 1319 quadragesimo
1462 1280 1579 1314 sexto,
1601 1284 1727 1306 mense
1749 1271 1957 1305 Novembri.

540 1381 676 1413 originale
694 1382 718 1404 in
735 1382 812 1405 Arvh.
830 1385 883 1406 nat.
900 1382 983 1405 Paris.
1001 1382 1027 1405 S.
1045 1383 1114 1410 3869,
1132 1386 1160 1404 n⁰
1178 1382 1213 1404 18.
1231 1382 1309 1405 Deest
1323 1381 1452 1412 sigillum.
1468 1395 1499 1398 —
1514 1380 1582 1404 Bibl.
1600 1383 1652 1403 nat.
1670 1379 1765 1408 Paris„
1782 1388 1831 1402 ms.
1852 1379 1898 1402 lat.
1916 1379 2002 1407 14673,
2019 1379 2064 1401 fol.
2085 1379 2139 1401 273.
2155 1391 2186 1395 --
2201 1378 2230 1401 ln
2250 1377 2327 1401 Arch.

445 1429 497 1450 nat.
515 1426 599 1450 Paris.
616 1427 634 1449 l.
651 1435 673 1450 c.
687 1426 719 1449 nl⁸
734 1427 772 1454 22,
790 1428 819 1449 23
834 1429 939 1450 exstant
953 1427 1005 1449 duo
1021 1426 1163 1458 originalia
1179 1426 1286 1449 chartae
1301 1434 1361 1449 cum
1376 1425 1467 1449 eadem
1483 1424 1610 1456 temporis
1626 1427 1688 1447 nota
1703 1422 1866 1447 continent'cs
1882 1423 2050 1446 donationem
2066 1422 2171 1446 abbatis
2187 1421 2285 1445 Acelini
2303 1423 2330 1446 et

444 1474 587 1495 conventus
604 1472 629 1494 S.
646 1471 768 1499 Victoris,
786 1471 854 1495 sicut
869 1471 895 1494 in
910 1471 1003 1495 charta
1023 1479 1106 1503 supra
1126 1471 1210 1494 relata
1229 1470 1396 1502 exprimitur.
1418 1470 1448 1493 In
1467 1469 1609 1501 posteriori
1629 1472 1731 1492 restant
1750 1469 1801 1492 duo
1824 1468 1923 1500 sigilla,
1945 1467 1971 1491 in
1990 1467 2075 1499 priori
2095 1469 2218 1498 superest
2237 1474 2328 1491 unum.

446 1516 516 1539 Idem
536 1516 723 1539 documentum
744 1516 876 1539 invenitur
896 1516 922 1539 in
943 1525 991 1539 ms.
1013 1516 1056 1539 cit.
1079 1516 1163 1539 Paris.
1189 1516 1233 1539 sol.
1260 1515 1338 1543 272b;
1363 1515 1407 1538 fol.
1432 1515 1494 1538 272·
1516 1514 1663 1538 afferuntur
1685 1522 1697 1537 «
1719 1513 1826 1537 nomina
1849 1514 1961 1536 fratrum
1983 1512 2019 1544 (S.
2042 1511 2173 1543 Victoris),
2195 1511 2240 1543 qui
2259 1510 2329 1534 dicto

445 1561 591 1584 contractui
612 1561 787 1584 interfuerunt
803 1569 824 1584 ».
841 1561 929 1584 Mense
948 1561 1013 1584 Jnlii
1032 1560 1094 1583 anni
1110 1561 1171 1583 1254
1187 1560 1326 1588 Robertus,
1348 1559 1432 1582 abbas
1453 1559 1479 1582 S.
1496 1558 1619 1586 Victoris,
1639 1557 1759 1582 enuntiat
1778 1557 1966 1581 cistercienses
1986 1555 2121 1580 conventis
2139 1556 2194 1587 jam
2215 1555 2328 1579 stetisse.

445 1604 581 1636 Originale
596 1614 656 1628 cum
672 1605 775 1629 duobus
792 1605 888 1636 sigillis
905 1605 931 1628 in
947 1605 1023 1628 Arch.
1040 1608 1094 1628 nat.
1111 1605 1195 1628 Paris.
1212 1605 1229 1628 1.
1247 1613 1268 1628 c.
1286 1608 1314 1627 11⁰
1330 1605 1367 1627 20.

452 1799 560 1837 168,
586 1807 692 1833 Charta
709 1806 876 1832 donationis
892 1809 992 1841 sactae
1007 1807 1045 1832 ab
1060 1806 1178 1832 Ansello
1194 1806 1229 1832 de
1248 1806 1399 1834 Gar-landa
1422 1807 1605 1833 scholaribus
1629 1808 1655 1833 S.
1675 1805 1790 1832 Nicolai
1804 1805 1840 1831 de
1856 1807 1974 1842 Lapara
1990 1805 2077 1830 totius
2095 1804 2224 1830 decimae
2243 1811 2330 1839 quam

535 1856 663 1883 habebat
679 1856 707 1882 in
724 1855 868 1882 territorio
884 1855 919 1882 de
938 1855 1084 1882 Corcellis.

1703 1901 1752 1926 124
1758 1900 1780 1930 7,
1796 1907 1886 1926 mense
1900 1898 2044 1925 Februario.

537 1976 718 2010 Omnibus
741 1982 931 2021 presentes
952 1975 1091 2008 litteras
1113 1976 1348 2021 inspecturis,
1367 1988 1436 2021 ego
1458 1975 1632 2008 Ansellus
1654 1975 1698 2008 de
1718 1974 1920 2015 Gallandia,
1939 1973 2109 2006 dominus
2125 1972 2329 2014 Turnomii,

448 2050 572 2077 notum
604 2043 695 2076 facio
726 2042 825 2087 quod
855 2054 938 2087 eg0,
962 2042 1006 2074 de
1035 2054 1188 2075 assensu
1219 2049 1254 2074 ct
1283 2042 1467 2075 voluntate
1498 2041 1679 2075 Anselliui
1702 2047 1736 2074 et
1760 2040 1936 2074 Johannis
1962 2039 2118 2072 filiorum
2151 2050 2329 2080 meorum,

448 2110 532 2144 dedi
553 2117 589 2144 et
613 2109 781 2143 concessi
803 2121 846 2141 ex
868 2120 964 2141 nunc
986 2115 1020 2141 et
1040 2109 1293 2154 imposterum,
1316 2121 1423 2142 causa
1445 2108 1659 2142 donacionis
1680 2108 1775 2140 inter
1795 2107 1910 2147 vivos,
1941 2107 1977 2139 in
1998 2118 2123 2151 puram
2145 2112 2182 2139 et
2201 2116 2331 2151 perpe-

449 2184 542 2211 tuam
577 2176 826 2216 elemosinam,
863 2175 1035 2220 hospitali
1075 2187 1273 2220 pauperum
1310 2175 1504 2208 scolarium
1541 2175 1660 2208 Sancti
1702 2173 1865 2207 Nicholai
1903 2173 1947 2206 de
1979 2174 2119 2218 Lupara
2154 2171 2330 2214 Parisius,

448 2256 561 2278 meam
594 2250 731 2289 partem
762 2242 902 2275 decime
930 2254 1036 2287 quam
1064 2241 1180 2275 habeo
1207 2242 1243 2274 in
1274 2242 1458 2275 territorio
1480 2242 1525 2274 de
1546 2241 1738 2275 Corcellis.
1762 2241 1813 2274 Ita
1841 2240 1939 2286 quod
1969 2238 2124 2272 Michael
2153 2239 2198 2272 de
2217 2237 2331 2272 Villa-

448 2322 539 2344 nova
580 2309 751 2355 armiger,
790 2309 906 2354 primo
942 2308 1059 2354 capiet
1090 2309 1126 2341 in
1162 2308 1256 2341 dicta
1289 2308 1427 2341 decima
1458 2314 1595 2354 septem
1628 2307 1805 2341 sextarios
1836 2306 1946 2347 bladi,
1976 2305 2206 2339 medietatem
2231 2303 2331 2338 bladi

447 2384 483 2411 et
511 2377 615 2410 aliam
654 2376 883 2409 medietatem
913 2387 1039 2417 avene,
1071 2375 1115 2408 ad
1150 2387 1355 2408 mensuram
1388 2375 1432 2408 de
1463 2374 1681 2415 Turnomio,
1718 2381 1754 2407 et
1787 2380 1900 2407 totum
1932 2362 2119 2406 residuum
2154 2370 2332 2417 percipiet

449 2444 610 2489 plenarie
646 2443 848 2489 predictum
884 2442 1064 2487 hospitale
1098 2442 1143 2475 ad
1177 2454 1270 2487 opus
1314 2442 1554 2475 anniversarii
1587 2441 1658 2474 mei
1695 2447 1731 2474 et
1770 2447 2043 2474 antecessorum
2085 2449 2263 2479 meorum,
2291 2437 2330 2470 in

448 2511 584 2556 capella
613 2510 698 2543 dicti
725 2509 918 2554 hospitalis
945 2509 1050 2542 annis
1081 2509 1239 2554 singulis
1269 2508 1496 2549 celebrandi3
1524 2515 1560 2541 et
1580 2508 1751 2554 promitto
1777 2507 1875 2552 quod
1905 2512 2029 2540 contra
2059 2505 2189 2538 dictam
2218 2504 2329 2537 dona-

448 2578 605 2617 cionem,
637 2589 701 2622 per
731 2589 787 2609 me
813 2576 870 2609 vel
899 2588 963 2621 per
990 2588 1091 2609 meos
1117 2575 1213 2609 filios
1238 2575 1469 2621 supradictos
1495 2576 1572 2608 sive
1598 2587 1663 2620 per
1687 2574 1811 2615 alium,
1840 2585 1913 2607 non
1932 2572 2074 2606 veniam
2096 2571 2133 2604 in
2153 2571 2326 2612 futurum,

449 2651 484 2678 et
509 2644 606 2677 dicto
641 2643 811 2688 hospitali
848 2643 942 2676 idem
981 2643 1115 2675 donum
1151 2643 1374 2688 garantizare
1409 2649 1537 2675 teneor
1567 2648 1692 2675 contra
1729 2652 1856 2674 omnes
1881 2640 1956 2685 juri
1989 2650 2116 2684 parere
2148 2637 2326 2672 volentes.

448 2711 555 2754 Quod
577 2717 616 2743 ut
635 2716 749 2742 ratum
775 2716 810 2742 et
834 2709 976 2742 firmum
998 2715 1141 2742 constet
1167 2709 1433 2754 imperpetuum
1460 2715 1592 2742 cartam
1613 2707 1682 2751 feci
1704 2707 1816 2754 sigilli
1838 2706 1908 2739 mei
1929 2705 2128 2739 munimine
2149 2702 2326 2736 roborari.

451 2778 578 2810 Datum
605 2788 699 2809 anno
722 2776 867 2808 Domini
896 2775 1091 2808 millesimo
1114 2775 1365 2808 ducentesimo
1386 2775 1667 2820 quadragesimo
1694 2780 1809 2815 sexto,
1832 2784 1957 2806 mense
1979 2770 2188 2804 Februario.

545 2883 642 2908 Charta
658 2883 756 2906 inserta
774 2882 948 2905 instrumento
963 2883 978 2904 9
997 2882 1153 2905 Novembris
1177 2882 1246 2910 1255,
1267 2890 1327 2905 cum
1350 2882 1439 2913 sigillo
1464 2890 1538 2904 cereo
1562 2880 1684 2904 officialis
1709 2879 1876 2908 Purisiensis,
1900 2879 1927 2902 in
1950 2875 2026 2902 Arch.
2052 2881 2105 2901 nat.
2130 2877 2214 2901 Puris.
2231 2877 2254 2901 J.
2272 2877 2325 2900 165.

450 2924 538 2948 Valois
554 2925 600 2951 ΙΙΙ,
617 2927 646 2947 n⁰
661 2924 698 2947 27.
716 2936 745 2940 ἢ
760 2922 889 2953 Layettes
907 2923 946 2946 du
962 2922 1052 2947 trdsor
1073 2923 1119 2947 des
1138 2922 1257 2950 char-tes,
1281 2926 1310 2944 n⁰
1332 2922 1401 2945 3581.
1420 2935 1451 2939 —
1473 2921 1597 2945 Urbanus
1618 2928 1690 2952 papa
1707 2921 1741 2943 IV
1762 2919 1898 2951 magistris
1913 2922 1939 2942 et
1959 2918 2086 2942 frutribus
2108 2917 2171 2941 dicti
2186 2916 2327 2948 hospitalis

449 2968 587 2997 concessit,
605 2977 635 2992 ne
652 2976 735 2999 usque
750 2967 783 2990 ad
799 2966 941 2990 triennium
956 2966 1011 2989 litis
1025 2974 1105 2989 causa
1120 2970 1193 2990 extra
1206 2966 1339 2990 civitatem
1355 2965 1440 2990 Paris.
1456 2965 1633 2989 traherentur.
1647 2965 1770 2992 Bulaeus,
1787 2964 1833 2992 ΙΙΙ,
1848 2965 1902 2987 370.
