2618 3640
496 438 537 470 72
1084 444 1406 466 (ῑΗΑιιτυιΑιιιυΜ
1442 443 1632 465 υΝινΕηε.
1671 444 1794 465 rmus.
2279 433 2378 474 [1210

496 533 570 554 non
604 521 714 566 egere
749 518 929 568 parvulos,
954 530 997 552 ex
1031 530 1156 552 eorum
1193 517 1435 563 sanguinibus
1470 524 1701 563 propagatos,
1738 518 1769 551 si
1805 529 1869 551 sue
1904 517 2126 550 conditionis
2161 516 2377 550 mulieribus

496 587 631 621 carnali
661 592 813 632 possent
841 585 970 631 copula
1000 585 1241 618 commisceri.

587 655 675 687 Item
699 666 706 687 :
730 653 843 686 Filius
871 664 987 697 usque
1016 664 1111 685 nune
1139 658 1310 697 operatus
1338 657 1410 693 est,
1438 651 1503 683 sed
1532 651 1688 696 Spiritus
1714 652 1865 684 Sanctus
1893 663 1936 684 ex
1963 651 2031 684 hoc
2061 663 2157 684 nunc
2187 662 2304 696 usque
2333 650 2377 683 ad

499 721 624 754 mundi
645 720 994 753 consummationem
1017 718 1159 752 inchoat
1181 718 1336 763 operari.

590 788 705 833 Hujus
735 786 920 832 opinionis
950 786 1098 818 omnino
1129 791 1284 830 quatuor
1313 784 1537 826 sacerdotes,
1566 784 1638 817 duo
1673 784 1829 826 diaconi,
1861 791 1935 818 tres
1965 784 2180 818 subdiaconi
2210 796 2378 830 compro-

500 854 630 887 bantur
656 853 830 893 extitisse,
859 853 919 897 qui
946 852 1029 896 xviij
1053 851 1225 884 kalendas
1254 850 1479 892 Decembris,
1502 851 1604 895 juxta
1629 851 1743 884 sancti
1765 851 1939 884 Honorati
1964 851 2150 884 basilicam
2176 851 2377 896 degradati,

499 921 546 966 xij
587 920 759 953 kalendas
796 919 934 952 mensis
974 918 1147 951 nominati
1187 917 1323 950 infelici
1363 917 1532 962 martyrio
1571 929 1589 950 a
1624 917 1749 950 seculo
1785 917 2063 962 migraverunt’.
2101 918 2236 950 Horum
2271 929 2377 951 causa

501 987 675 1032 quosdam
697 986 812 1018 libros
834 985 937 1018 etiam
962 985 1052 1029 ipsis
1073 983 1300 1029 sapientibus
1321 983 1563 1028 cognovimus
1583 983 1830 1016 interdictos³.

593 1086 716 1111 Martcne,
733 1084 810 1108 Thes.
822 1090 885 1107 nov.
896 1083 995 1106 anecd.
1007 1083 1049 1109 lv,
1067 1082 1120 1105 163.
1136 1096 1167 1099 -
1182 1082 1210 1105 ln
1226 1081 1296 1104 Bibl.
1312 1081 1435 1104 Trecensi
1451 1090 1500 1105 ms.
1513 1081 1571 1104 1301
1584 1081 1652 1112 (ante
1669 1082 1737 1105 med.
1749 1089 1817 1105 saec.
1830 1082 1907 1113 Xlll),
1921 1082 1967 1105 fol.
1978 1081 2094 1110 ilii-15¹1,
2110 1081 2226 1105 occurrit
2239 1082 2379 1106 Tractatus

501 1139 512 1153 α
528 1133 618 1153 contra
642 1128 815 1152 Amaurianos
836 1136 847 1150 u
869 1127 944 1158 cujus
965 1127 1091 1150 initium:
1115 1135 1126 1149 «
1148 1126 1244 1157 Incipit
1263 1126 1391 1157 prologus
1411 1126 1438 1149 in
1457 1134 1537 1157 opere
1557 1126 1685 1157 sequenti.
1702 1126 1731 1149 In
1752 1125 1905 1149 novissimis
1925 1125 2018 1150 diebus
2042 1129 2119 1150 erunt
2137 1126 2256 1150 homines
2275 1126 2379 1158 seipsos

499 1177 617 1197 amantes
633 1182 655 1197 ».
672 1174 700 1196 ln
716 1173 774 1204 ipso
790 1172 947 1195 refelluntur
962 1171 1100 1194 duodecim
1116 1174 1276 1194 sectatorum
1297 1170 1422 1194 Amalrici
1437 1178 1550 1198 errores,
1567 1170 1612 1202 qui
1627 1179 1676 1202 pro
1692 1179 1788 1202 magna
1803 1174 1879 1202 parte
1899 1179 1959 1194 cum
1974 1171 2164 1203 suprascriptis
2180 1171 2341 1195 concordant
2354 1173 2380 1195 et

498 1227 541 1241 eos
558 1217 666 1241 mirifice
682 1216 820 1248 explicant,
833 1224 945 1247 quorum
961 1215 1030 1239 tituli
1046 1215 1088 1238 hic
1103 1215 1219 1246 appositi
1236 1218 1306 1239 sunt.
1318 1224 1329 1238 (i
1339 1215 1434 1238 Dicunt
1449 1214 1519 1238 onim
1535 1223 1540 1238 ·.
1558 1215 1626 1238 Deus
1642 1218 1682 1238 cst
1697 1215 1803 1246 ubique.
1820 1215 1900 1238 Nemo
1916 1218 1957 1238 est
1971 1215 2016 1247 qui
2031 1215 2080 1238 hoc
2095 1223 2192 1246 negare
2207 1215 2311 1240 audeat.
2328 1215 2379 1239 Sed

498 1263 613 1286 inferunt
628 1270 633 1284 ·.
650 1269 713 1292 ergo
729 1264 769 1284 cst
784 1260 810 1283 in
826 1260 897 1283 omni
911 1260 979 1283 loco.
996 1260 1033 1282 Ad
1050 1259 1098 1282 hoc
1113 1259 1256 1290 respondet
1271 1258 1434 1290 Augustinus
1451 1267 1457 1282 2
1475 1258 1549 1282 Sicut
1564 1259 1632 1282 Deus
1648 1262 1688 1283 est
1703 1259 1758 1282 sine
1774 1259 1920 1291 quantitate
1936 1267 2058 1290 magnus,
2075 1259 2131 1283 sine
2146 1259 2272 1291 qualitate
2283 1259 2377 1288 bouus,

495 1307 532 1330 ita
547 1310 587 1330 est
601 1306 657 1329 sine
671 1306 728 1328 loco
744 1305 842 1336 ubique
857 1308 957 1328 totus...
974 1304 1029 1336 (fol.
1046 1303 1113 1336 142b)
1136 1304 1284 1327 Secundam
1299 1303 1520 1326 eorum'heresim
1536 1307 1645 1327 sumunt
1664 1312 1694 1327 cx
1714 1303 1870 1327 auctoritate
1885 1303 1999 1335 apostoli
2015 1303 2125 1327 dicentis
2142 1312 2148 1327 ι
2165 1304 2233 1327 Deus
2253 1307 2379 1336 operatur

496 1351 583 1375 omnia
603 1351 630 1373 in
650 1350 772 1374 omnibus
794 1349 849 1381 (sol.
871 1349 934 1381 143).
956 1349 1031 1372 Unde
1054 1348 1171 1372 inserunt
1187 1356 1192 1371 ”.
1210 1356 1274 1379 crgo
1294 1352 1348 1371 tam
1368 1348 1437 1371 bona
1457 1356 1536 1380 quam
1558 1348 1635 1371 mala.
1657 1349 1727 1379 Ergo
1747 1348 1792 1380 qui
1812 1348 1949 1379 cognoscit
1969 1348 2051 1372 Dcuin
2070 1348 2097 1371 in
2117 1357 2145 1371 se
2161 1348 2249 1372 omnia
2263 1348 2377 1380 operari,

494 1404 603 1428 peccare
618 1403 669 1418 non
684 1398 780 1426 potest.
797 1395 829 1417 Et
844 1394 882 1417 sic
896 1394 948 1417 Deo
964 1397 989 1417 et
1004 1402 1055 1416 non
1071 1393 1123 1416 sibi
1138 1393 1287 1417 attribuunt
1302 1393 1372 1425 quod
1387 1396 1497 1424 peccant
1511 1395 1537 1416 et
1551 1393 1589 1416 sic
1604 1393 1736 1416 neminem
1750 1393 1895 1424 penitentia
1910 1393 2029 1424 indigere
2044 1393 2235 1417 mentiuntur...
2253 1393 2308 1425 (fol.
2323 1393 2379 1425 144)

494 1441 591 1464 Contra
606 1439 633 1471 iij
649 1439 782 1471 (heresim)
798 1446 850 1470 qua
869 1438 968 1466 dicunt,
985 1438 1055 1469 quod
1071 1437 1188 1461 infernus
1206 1437 1286 1460 nichil
1306 1437 1379 1460 aliud
1395 1440 1435 1461 est
1451 1445 1530 1469 quam
1546 1437 1727 1468 ignorantia...
1743 1437 1841 1461 Contra
1856 1437 1904 1469 iiij,
1921 1437 2012 1460 dicunt
2031 1437 2101 1469 quod
2120 1437 2262 1469 paradisus
2277 1437 2315 1461 nil
2339 1440 2380 1461 est

493 1485 566 1508 aliud
586 1492 665 1516 quam
685 1483 800 1515 cognitio
821 1482 949 1510 veritatis,
971 1491 1050 1514 quam
1071 1491 1098 1505 se
1118 1482 1209 1505 dicunt
1227 1482 1353 1506 habere...
1372 1482 1468 1506 Contra
1489 1490 1513 1509 v,
1530 1490 1582 1513 qua
1597 1482 1696 1510 dicunt,
1717 1482 1787 1513 quod
1811 1482 1833 1505 si
1850 1482 1946 1514 judeus
1965 1482 2045 1505 habet
2063 1481 2239 1513 cognitionem
2259 1481 2378 1506 veritatis

493 1537 572 1561 quam
587 1529 724 1556 habemus,
741 1536 792 1551 non
808 1530 912 1559 oportet
926 1530 955 1550 ut
975 1527 1154 1558 baptizetur...
1175 1527 1230 1558 (sol.
1248 1526 1302 1558 145)
1317 1527 1415 1550 Contra
1435 1526 1469 1558 vj,
1494 1535 1545 1558 qua
1561 1526 1660 1555 dicunt,
1677 1527 1746 1558 quod
1772 1526 1794 1550 si
1814 1526 1873 1558 quis
1894 1535 1909 1550 a
1929 1526 2064 1550 sacerdote
2090 1526 2198 1558 longam
2218 1526 2380 1558 suscepisset

492 1573 672 1606 penitentiam,
694 1573 717 1596 si
741 1572 851 1595 haberet
874 1580 965 1595 eorum
985 1571 1011 1603 (i.
1038 1580 1061 1595 c.
1083 1571 1224 1595 veritatum
1250 1571 1316 1603 ipsis
1346 1568 1478 1603 notarur‘n)
1498 1571 1684 1602 cognitionem,
1710 1579 1762 1594 non
1787 1574 1920 1603 oporteret
1943 1574 1973 1594 ut
1991 1574 2082 1602 ageret
2105 1571 2306 1602 penitentiam...
2327 1570 2379 1599 Qui

494 1617 637 1650 cognoscit,
658 1617 789 1648 inquiunt,
810 1617 892 1640 Deum
917 1624 974 1639 csse
1000 1616 1026 1639 in
1051 1624 1087 1643 se,
1109 1616 1200 1647 lugere
1220 1624 1271 1638 non
1291 1616 1376 1643 debet,
1399 1616 1445 1639 sed
1468 1615 1582 1639 ridere...
1603 1615 1700 1639 Contra
1725 1615 1769 1647 vij,
1796 1624 1849 1647 qua
1873 1615 1963 1639 dicunt
1991 1615 2142 1639 fabulosum
2161 1623 2227 1644 esse,
2253 1615 2379 1647 quicquid

495 1662 629 1694 magistri
647 1661 822 1686 Parisie‘nses
841 1661 873 1684 de
889 1660 1081 1684 resurrectione
1097 1664 1259 1688 asseverant,
1280 1660 1350 1692 quia,
1373 1663 1401 1684 ut
1422 1660 1504 1688 aiunt,
1525 1660 1641 1691 cognitio
1662 1660 1708 1683 hec
1731 1659 1756 1692 (i.
1774 1669 1796 1684 e.
1814 1660 1956 1684 veritatum
1975 1668 2067 1683 eorum
2087 1663 2173 1683 sectae
2193 1659 2379 1692 revelatorum)

493 1708 572 1738 plena
592 1710 632 1730 est
656 1706 823 1733 resurrectio,
846 1714 892 1728 nec
913 1705 964 1728 alia
985 1708 1025 1728 est
1050 1705 1255 1736 exspectanda...
1275 1705 1330 1736 (rol.
1355 1705 1416 1737 146).
1438 1705 1535 1728 Contra
1551 1704 1606 1736 viij,
1623 1713 1675 1736 qua
1695 1705 1794 1732 dicunt,
1815 1705 1885 1736 quod
1909 1713 1985 1728 nemo
2009 1707 2096 1736 potest
2120 1712 2178 1727 csse
2201 1705 2301 1734 salvus,
2326 1704 2379 1728 nisi

495 1752 585 1775 credat
604 1759 631 1774 se
651 1758 709 1774 csse
730 1750 877 1773 membrum
898 1749 1031 1774 Christi...
1049 1749 1105 1780 (fol.
1126 1749 1180 1781 1117)
1196 1749 1293 1773 Contra
1314 1749 1347 1777 ix,
1364 1750 1434 1781 quod
1455 1749 1523 1772 Deus
1540 1752 1580 1772 est
1599 1749 1687 1772 omnia
1708 1749 1733 1772 in
1749 1749 1881 1773 omnibus.
1906 1749 1948 1772 Sic
1963 1749 2033 1772 enim
2054 1749 2221 1780 procedunt:
2238 1749 2307 1772 Deus
2327 1748 2380 1773 erit.

495 1796 583 1819 omnia
606 1795 631 1818 in
651 1795 788 1823 omnibus;
808 1795 854 1817 sed
870 1794 995 1826 quicquid
1021 1794 1079 1821 crit,
1102 1797 1149 1821 est,
1171 1794 1233 1826 quia
1253 1794 1363 1817 mutatio
1387 1802 1438 1817 non
1459 1794 1530 1817 cadit
1549 1794 1575 1817 in
1599 1794 1702 1817 Deum:
1719 1802 1783 1825 ergo
1798 1794 1866 1817 Deus
1887 1797 1928 1817 est
1947 1793 2035 1817 omnia
2054 1793 2081 1816 in
2101 1793 2234 1817 omnibus.
2250 1793 2319 1821 Quid
2338 1796 2380 1816 est

496 1840 648 1868 absurdius,
666 1848 745 1871 qnam
760 1839 830 1871 quod
851 1839 918 1862 Deus
935 1842 974 1862 cst
989 1838 1057 1869 lapis
1079 1839 1105 1861 in
1125 1839 1222 1870 lapide,
1239 1838 1358 1862 Godinus
1378 1838 1549 1869 (novissimus
1565 1838 1766 1870 Amalricorum)
1782 1838 1808 1861 in
1824 1838 1943 1863 Godino?
1962 1838 2091 1862 Adorctur
2110 1846 2173 1869 crgo
2189 1838 2307 1862 Godinus
2326 1845 2378 1861 non

496 1885 582 1908 solum
603 1884 684 1912 dulia,
702 1884 748 1907 sed
770 1883 857 1910 latria,
881 1883 943 1915 quia
962 1883 1030 1906 Deus
1052 1886 1121 1906 est...
1145 1883 1199 1914 (sol.
1224 1883 1278 1914 148)
1298 1883 1395 1906 Contra
1418 1891 1441 1910 x,
1466 1883 1535 1914 quod
1558 1883 1635 1906 Pater
1657 1883 1809 1906 incarnatus
1832 1882 1881 1906 fuit
1902 1883 1929 1906 in
1951 1882 2084 1906 Abraham
2106 1885 2132 1906 et
2153 1882 2179 1906 in
2202 1882 2261 1906 aliis
2282 1882 2378 1906 veteris

496 1929 646 1952 testamenti
668 1928 807 1960 patribus;
825 1927 906 1951 Filius
924 1927 969 1951 Dei
991 1927 1018 1950 in
1033 1927 1138 1950 Christo
1159 1931 1184 1950 ct
1206 1927 1231 1950 in
1255 1927 1315 1950 aliis
1339 1927 1507 1956 christianis;
1529 1927 1645 1958 Spiritus
1669 1927 1780 1950 Sanctus
1802 1927 1828 1950 in
1852 1927 1914 1955 illis,
1931 1935 1997 1958 quos
2019 1930 2114 1950 vocant
2135 1926 2283 1958 spiritales.
2313 1926 2379 1950 Ecce

495 1974 631 2005 hueusque
647 1972 807 1996 credidimus
824 1972 920 1995 Filium
942 1971 1121 1999 inrarnntum;
1136 1971 1190 2003 jam
1211 1971 1254 1995 isti
1270 1972 1405 1995 Christum
1425 1972 1565 2003 predicant
1584 1971 1796 2003 ingodinaturn...
1820 1971 1876 2003 (tol.
1891 1971 1945 2003 151)
1966 1971 2063 1994 Contra
2086 1970 2120 2002 xj,
2142 1970 2212 2002 quod
2234 1971 2376 1998 affirmant,

496 2018 566 2049 quod
586 2026 682 2049 corpus
703 2017 807 2040 Domini
827 2020 867 2040 est
886 2016 1012 2048 ubique...
1039 2016 1094 2047 (sol.
1116 2016 1170 2047 152)
1190 2017 1287 2039 Contra
1310 2016 1355 2048 xij,
1373 2017 1442 2048 quod
1458 2016 1601 2048 inquiunt:
1619 2016 1688 2039 sicut
1701 2024 1798 2047 corpus
1821 2015 1925 2039 Domini
1945 2015 2071 2039 adoratur
2093 2015 2119 2038 in
2138 2023 2206 2046 panc
2226 2018 2378 2039 consecrato

496 2063 523 2086 in
542 2062 629 2090 altari,
646 2062 683 2085 ita
702 2062 829 2084 adoratur
848 2061 874 2084 in
893 2069 962 2092 pane
983 2061 1098 2092 simplici
1118 2061 1240 2092 apposito
1256 2061 1411 2084 comedenti.
1428 2061 1480 2084 Hoc
1500 2060 1600 2084 heresis
1616 2060 1650 2083 ab
1666 2060 1712 2083 illa
1727 2060 1871 2088 descendit,
1888 2068 1940 2092 qua
1959 2060 2058 2088 dicunt,
2083 2067 2180 2091 corpus
2197 2059 2301 2083 Domini
2321 2067 2379 2083 esse

497 2106 594 2138 ubique
615 2115 637 2130 υ.
659 2106 745 2137 Aliqui
765 2106 877 2129 istorum
897 2113 1017 2128 errorum
1036 2108 1223 2128 enumerantur
1245 2105 1324 2128 etiam
1345 2114 1358 2128 n
1380 2105 1521 2129 Guillelmo
1542 2104 1676 2128 Armorico
1700 2104 1748 2135 (ed.
1771 2105 1926 2132 Delabordc,
1950 2105 1969 2132 1,
1986 2104 2030 2127 231
2051 2103 2102 2135 sq.)
2121 2106 2147 2127 et
2170 2103 2293 2127 Caesario
2316 2103 2378 2127 Hei-

497 2151 609 2174 ster-hnc.
626 2151 645 2174 l.
661 2159 684 2175 c.
701 2151 722 2179 Ι,
737 2151 782 2173 304
798 2158 865 2182 sqq.,
882 2153 911 2173 ut
926 2150 957 2173 de
971 2149 1164 2181 posterioribus
1181 2149 1357 2180 scriptoribus
1374 2149 1508 2172 sileamus.

592 2236 614 2258 1.
636 2235 686 2263 Qui
705 2234 808 2266 primus
829 2234 856 2257 in
875 2234 979 2257 decreto
995 2238 1024 2256 n⁰
1040 2234 1067 2257 11
1091 2234 1172 2257 allato
1192 2233 1350 2257 nominatur.
1371 2248 1402 2251 -
1418 2234 1441 2259 2.
1457 2233 1537 2258 Guill.
1555 2233 1705 2256 Armoricus
1721 2233 1785 2257 dicit
1801 2241 1806 2257 z
1824 2242 1836 2256 a
1852 2233 1961 2257 cremati
1976 2236 2038 2256 sunt
2052 2232 2170 2256 Parisius
2186 2235 2259 2256 extra
2273 2235 2378 2264 portam

497 2280 524 2303 in
538 2280 596 2303 loco
611 2279 657 2311 qni
672 2282 840 2310 nuncupatur
855 2279 1007 2310 Campanus
1024 2287 1046 2302 ι).
1062 2279 1108 2302 Ed.
1127 2278 1282 2306 Delabordc,
1300 2279 1319 2306 1,
1336 2279 1391 2303 233.
1406 2292 1438 2295 —
1453 2279 1475 2302 3.
1492 2278 1556 2301 Vide
1572 2278 1705 2301 decretum
1720 2278 1831 2301 Concilii
1846 2278 1873 2301 in
1889 2278 2045 2301 documento
2060 2277 2152 2309 priori.

504 2460 578 2497 13.
602 2470 762 2504 Praecepta
778 2467 909 2504 Philippi
923 2468 998 2502 regis
1015 2468 1187 2493 Francorum
1204 2466 1244 2493 ad
1259 2466 1353 2493 laicas
1365 2470 1527 2503 potestates
1543 2476 1630 2503 super
1645 2466 1726 2493 modo
1742 2467 1886 2503 captionis
1902 2470 1929 2492 et
1944 2466 2111 2492 retentionis
2127 2465 2301 2492 clericorum.

1656 2570 1729 2600 1210,
1745 2577 1838 2596 menae
1852 2570 1924 2599 Malo,
1941 2569 2090 2602 compendii.

590 2658 779 2702 Philippus
799 2658 864 2690 Dei
891 2658 1005 2702 gratia
1027 2659 1246 2690 Francorum
1273 2670 1335 2690 rex
1361 2657 1504 2691 dilectis
1530 2658 1607 2690 suis
1633 2657 1815 2690 universis
1841 2655 2053 2701 majoribus,
2075 2655 2207 2701 juratis
2227 2667 2377 2688 conmu-

502 2725 640 2758 niarum
662 2724 705 2756 ad
727 2736 819 2768 quos
842 2730 1031 2768 presentes
1056 2723 1175 2756 littere
1202 2724 1447 2768 pervenerint,
1474 2724 1625 2757 salutem
1653 2730 1688 2756 et
1707 2723 1952 2756 dilectionem.
1983 2722 2161 2765 Quoniam
2183 2721 2373 2754 molestum

503 2798 559 2824 est
578 2790 685 2823 nobis
707 2796 742 2822 et
761 2789 920 2834 graviter
941 2789 1165 2822 sustinemus
1187 2789 1285 2834 quod
1306 2801 1371 2822 vos
1393 2789 1545 2834 dampna
1567 2796 1602 2822 et
1621 2789 1828 2834 gravamina
1849 2788 1974 2833 sepius
1995 2788 2195 2829 incurritis,
2221 2787 2375 2820 clericos

503 2869 546 2890 eo
572 2857 680 2889 modo
711 2868 782 2901 quo
815 2867 887 2888 non
916 2855 1058 2888 debetis
1085 2855 1276 2900 capiendO,
1307 2855 1412 2888 vobis
1437 2856 1649 2888 mandantes
1675 2855 1897 2900 precipimus
1923 2861 1958 2888 et
1977 2854 2129 2887 firmiter
2152 2853 2374 2895 inhibemus,

503 2936 547 2957 ne
582 2924 627 2956 de
662 2929 783 2956 cetero
813 2921 968 2966 aliquem
1000 2921 1186 2963 clericum,
1216 2922 1260 2954 de
1291 2934 1362 2966 quo
1393 2922 1622 2954 manifestum
1653 2922 1700 2954 sit
1733 2921 1831 2966 quod
1861 2921 1908 2954 sit
1936 2921 2104 2962 clericus,
2141 2921 2289 2966 capiatis
2317 2921 2375 2954 vel

500 2990 705 3030 arrestetis,
732 3000 851 3033 neque
877 2987 1127 3029 incarceretis,
1157 2988 1227 3021 nisi
1255 3000 1336 3020 eum
1365 2988 1579 3021 inveneritis
1604 2988 1648 3021 ad
1674 2999 1827 3033 presens
1848 2987 2070 3020 forisfactum
2095 2987 2232 3029 multri,
2259 2986 2375 3020 homi-
