<?xml version="1.0" encoding="UTF-8"?>
<!DOCTYPE html PUBLIC "-//W3C//DTD XHTML 1.0 Transitional//EN"
    "http://www.w3.org/TR/xhtml1/DTD/xhtml1-transitional.dtd">
<html xmlns="http://www.w3.org/1999/xhtml" xml:lang="en" lang="en">
 <head>
  <title>
</title>
<meta http-equiv="Content-Type" content="text/html;charset=utf-8" />
  <meta name='ocr-system' content='tesseract 3.04.00' />
  <meta name='ocr-capabilities' content='ocr_page ocr_carea ocr_par ocr_line ocrx_word'/>
</head>
<body>
  <div class='ocr_page' id='page_1' title='image "./chartulariumuniv01univuoft_0219.png"; bbox 0 0 2580 3528; ppageno 0'>
   <div class='ocr_carea' id='block_1_1' title="bbox 0 0 140 3528">
    <p class='ocr_par' dir='ltr' id='par_1_1' title="bbox 0 0 140 3528">
     <span class='ocr_line' id='line_1_1' title="bbox 0 0 140 3528; baseline 0 0"><span class='ocrx_word' id='word_1_1' title='bbox 0 0 140 3528; x_wconf 95' lang='lat' dir='ltr'> </span> 
     </span>
    </p>
   </div>
   <div class='ocr_carea' id='block_1_2' title="bbox 275 426 2149 468">
    <p class='ocr_par' dir='ltr' id='par_1_2' title="bbox 275 426 2149 468">
     <span class='ocr_line' id='line_1_2' title="bbox 275 426 2149 468; baseline 0.002 -8"><span class='ocrx_word' id='word_1_2' title='bbox 275 426 371 468; x_wconf 83' lang='lat'>1245]</span> <span class='ocrx_word' id='word_1_3' title='bbox 620 436 668 458; x_wconf 74' lang='lat' dir='ltr'>AB</span> <span class='ocrx_word' id='word_1_4' title='bbox 701 435 807 458; x_wconf 57' lang='lat' dir='ltr'>auno</span> <span class='ocrx_word' id='word_1_5' title='bbox 842 435 917 458; x_wconf 70' lang='lat' dir='ltr'>mcc</span> <span class='ocrx_word' id='word_1_6' title='bbox 952 434 1085 464; x_wconf 66' lang='lat' dir='ltr'>usque</span> <span class='ocrx_word' id='word_1_7' title='bbox 1118 435 1168 457; x_wconf 72' lang='lat' dir='ltr'>An</span> <span class='ocrx_word' id='word_1_8' title='bbox 1202 435 1432 457; x_wconf 73' lang='lat' dir='ltr'>ruimrrun</span> <span class='ocrx_word' id='word_1_9' title='bbox 1468 435 1508 458; x_wconf 73' lang='grc' dir='ltr'>ιν</span> <span class='ocrx_word' id='word_1_10' title='bbox 1542 436 1631 458; x_wconf 68' lang='grc' dir='ltr'>ιιι-,6.</span> <span class='ocrx_word' id='word_1_11' title='bbox 1668 437 1806 461; x_wconf 53' lang='lat' dir='ltr'>ruane.</span> <span class='ocrx_word' id='word_1_12' title='bbox 2088 428 2149 463; x_wconf 75' lang='lat'>177</span> 
     </span>
    </p>
   </div>
   <div class='ocr_carea' id='block_1_3' title="bbox 273 508 2156 1024">
    <p class='ocr_par' dir='ltr' id='par_1_3' title="bbox 273 508 2156 1024">
     <span class='ocr_line' id='line_1_3' title="bbox 275 508 2151 557; baseline 0.001 -13"><span class='ocrx_word' id='word_1_13' title='bbox 275 509 453 544; x_wconf 78' lang='lat' dir='ltr'>faciendis</span> <span class='ocrx_word' id='word_1_14' title='bbox 492 508 818 543; x_wconf 81' lang='lat' dir='ltr'>constitutionibus</span> <span class='ocrx_word' id='word_1_15' title='bbox 862 509 907 542; x_wconf 93' lang='lat' dir='ltr'>de</span> <span class='ocrx_word' id='word_1_16' title='bbox 949 508 1163 542; x_wconf 80' lang='lat' dir='ltr'>ordinandis</span> <span class='ocrx_word' id='word_1_17' title='bbox 1202 508 1422 543; x_wconf 87' lang='lat' dir='ltr'>lectionibus</span> <span class='ocrx_word' id='word_1_18' title='bbox 1457 516 1494 542; x_wconf 89' lang='lat' dir='ltr'>et</span> <span class='ocrx_word' id='word_1_19' title='bbox 1530 509 1840 555; x_wconf 81' lang='lat' dir='ltr'>disputationibus</span> <span class='ocrx_word' id='word_1_20' title='bbox 1874 523 1914 544; x_wconf 87' lang='lat' dir='ltr'>ac</span> <span class='ocrx_word' id='word_1_21' title='bbox 1955 512 2151 557; x_wconf 86' lang='lat' dir='ltr'>puniendis</span> 
     </span>
     <span class='ocr_line' id='line_1_4' title="bbox 274 575 2152 622; baseline 0.001 -12"><span class='ocrx_word' id='word_1_22' title='bbox 274 575 476 610; x_wconf 82' lang='lat' dir='ltr'>rebellibus</span> <span class='ocrx_word' id='word_1_23' title='bbox 505 587 571 622; x_wconf 89' lang='lat' dir='ltr'>per</span> <span class='ocrx_word' id='word_1_24' title='bbox 595 575 882 610; x_wconf 85' lang='lat' dir='ltr'>subtractionem</span> <span class='ocrx_word' id='word_1_25' title='bbox 908 575 1107 617; x_wconf 80' lang='lat' dir='ltr'>societatis,</span> <span class='ocrx_word' id='word_1_26' title='bbox 1137 581 1173 608; x_wconf 91' lang='lat' dir='ltr'>et</span> <span class='ocrx_word' id='word_1_27' title='bbox 1198 575 1364 608; x_wconf 87' lang='lat' dir='ltr'>taxandis</span> <span class='ocrx_word' id='word_1_28' title='bbox 1389 575 1560 621; x_wconf 88' lang='lat' dir='ltr'>hospitiis</span> <span class='ocrx_word' id='word_1_29' title='bbox 1580 588 1620 609; x_wconf 90' lang='lat' dir='ltr'>ac</span> <span class='ocrx_word' id='word_1_30' title='bbox 1641 576 1859 622; x_wconf 89' lang='lat' dir='ltr'>quibusdam</span> <span class='ocrx_word' id='word_1_31' title='bbox 1883 577 1964 611; x_wconf 90' lang='lat' dir='ltr'>aliis</span> <span class='ocrx_word' id='word_1_32' title='bbox 1989 578 2152 612; x_wconf 82' lang='lat' dir='ltr'>articulis</span> 
     </span>
     <span class='ocr_line' id='line_1_5' title="bbox 273 642 2153 690; baseline 0 -12"><span class='ocrx_word' id='word_1_33' title='bbox 273 643 424 678; x_wconf 84' lang='lat' dir='ltr'>suborta</span> <span class='ocrx_word' id='word_1_34' title='bbox 442 643 576 677; x_wconf 84' lang='lat' dir='ltr'>fuisset</span> <span class='ocrx_word' id='word_1_35' title='bbox 594 643 742 676; x_wconf 87' lang='lat' dir='ltr'>materia</span> <span class='ocrx_word' id='word_1_36' title='bbox 763 642 982 687; x_wconf 79' lang='lat' dir='ltr'>questionis,</span> <span class='ocrx_word' id='word_1_37' title='bbox 1005 642 1150 675; x_wconf 89' lang='lat' dir='ltr'>tandem</span> <span class='ocrx_word' id='word_1_38' title='bbox 1171 642 1352 675; x_wconf 84' lang='lat' dir='ltr'>mediante</span> <span class='ocrx_word' id='word_1_39' title='bbox 1373 642 1469 675; x_wconf 92' lang='lat' dir='ltr'>bone</span> <span class='ocrx_word' id='word_1_40' title='bbox 1495 643 1669 676; x_wconf 86' lang='lat' dir='ltr'>memorie</span> <span class='ocrx_word' id='word_1_41' title='bbox 1691 644 1732 676; x_wconf 89' lang='lat' dir='ltr'>R.</span> <span class='ocrx_word' id='word_1_42' title='bbox 1759 644 1934 690; x_wconf 88' lang='lat' dir='ltr'>episcopo</span> <span class='ocrx_word' id='word_1_43' title='bbox 1959 645 2153 678; x_wconf 87' lang='lat' dir='ltr'>Portuensi</span> 
     </span>
     <span class='ocr_line' id='line_1_6' title="bbox 274 708 2153 756; baseline 0 -12"><span class='ocrx_word' id='word_1_44' title='bbox 274 717 359 744; x_wconf 90' lang='lat' dir='ltr'>tunc</span> <span class='ocrx_word' id='word_1_45' title='bbox 380 710 502 744; x_wconf 88' lang='lat' dir='ltr'>Sancti</span> <span class='ocrx_word' id='word_1_46' title='bbox 521 709 656 755; x_wconf 87' lang='lat' dir='ltr'>Angeli</span> <span class='ocrx_word' id='word_1_47' title='bbox 676 709 831 743; x_wconf 90' lang='lat' dir='ltr'>diacono</span> <span class='ocrx_word' id='word_1_48' title='bbox 856 708 1039 742; x_wconf 87' lang='lat' dir='ltr'>cardinale</span> <span class='ocrx_word' id='word_1_49' title='bbox 1060 715 1097 742; x_wconf 95' lang='lat' dir='ltr'>et</span> <span class='ocrx_word' id='word_1_50' title='bbox 1115 709 1153 742; x_wconf 93' lang='lat' dir='ltr'>in</span> <span class='ocrx_word' id='word_1_51' title='bbox 1179 708 1344 754; x_wconf 89' lang='lat' dir='ltr'>partibus</span> <span class='ocrx_word' id='word_1_52' title='bbox 1364 708 1438 743; x_wconf 87' lang='lat' dir='ltr'>illis</span> <span class='ocrx_word' id='word_1_53' title='bbox 1458 709 1659 755; x_wconf 88' lang='lat' dir='ltr'>apostolice</span> <span class='ocrx_word' id='word_1_54' title='bbox 1685 710 1785 743; x_wconf 91' lang='lat' dir='ltr'>sedis</span> <span class='ocrx_word' id='word_1_55' title='bbox 1809 710 1930 756; x_wconf 89' lang='lat' dir='ltr'>legato</span> <span class='ocrx_word' id='word_1_56' title='bbox 1953 711 2153 745; x_wconf 86' lang='lat' dir='ltr'>amicabilis</span> 
     </span>
     <span class='ocr_line' id='line_1_7' title="bbox 274 776 2153 823; baseline 0 -12"><span class='ocrx_word' id='word_1_57' title='bbox 274 777 370 811; x_wconf 87' lang='lat' dir='ltr'>inter</span> <span class='ocrx_word' id='word_1_58' title='bbox 389 783 510 823; x_wconf 87' lang='lat' dir='ltr'>partes</span> <span class='ocrx_word' id='word_1_59' title='bbox 538 776 756 822; x_wconf 83' lang='lat' dir='ltr'>compositio</span> <span class='ocrx_word' id='word_1_60' title='bbox 787 776 1027 817; x_wconf 80' lang='lat' dir='ltr'>intercessit¹‚</span> <span class='ocrx_word' id='word_1_61' title='bbox 1058 787 1164 821; x_wconf 90' lang='lat' dir='ltr'>quam</span> <span class='ocrx_word' id='word_1_62' title='bbox 1192 776 1497 822; x_wconf 83' lang='lat' dir='ltr'>compositionem</span> <span class='ocrx_word' id='word_1_63' title='bbox 1521 776 1723 822; x_wconf 86' lang='lat' dir='ltr'>apostolico</span> <span class='ocrx_word' id='word_1_64' title='bbox 1751 777 1932 822; x_wconf 88' lang='lat' dir='ltr'>petivistis</span> <span class='ocrx_word' id='word_1_65' title='bbox 1955 778 2153 811; x_wconf 90' lang='lat' dir='ltr'>munimine</span> 
     </span>
     <span class='ocr_line' id='line_1_8' title="bbox 276 842 2155 890; baseline 0 -12"><span class='ocrx_word' id='word_1_66' title='bbox 276 843 453 878; x_wconf 88' lang='lat' dir='ltr'>roborari.</span> <span class='ocrx_word' id='word_1_67' title='bbox 485 844 560 877; x_wconf 79' lang='lat' dir='ltr'>No‘s</span> <span class='ocrx_word' id='word_1_68' title='bbox 584 843 698 889; x_wconf 86' lang='lat' dir='ltr'>igitur</span> <span class='ocrx_word' id='word_1_69' title='bbox 722 842 856 877; x_wconf 87' lang='lat' dir='ltr'>vestris</span> <span class='ocrx_word' id='word_1_70' title='bbox 881 842 1212 888; x_wconf 87' lang='lat' dir='ltr'>supplicationibus</span> <span class='ocrx_word' id='word_1_71' title='bbox 1238 842 1437 888; x_wconf 87' lang='lat' dir='ltr'>benignum</span> <span class='ocrx_word' id='word_1_72' title='bbox 1464 843 1716 889; x_wconf 84' lang='lat' dir='ltr'>impertientes</span> <span class='ocrx_word' id='word_1_73' title='bbox 1740 855 1945 886; x_wconf 75' lang='lat' dir='ltr'>assensum,</span> <span class='ocrx_word' id='word_1_74' title='bbox 1971 845 2155 890; x_wconf 88' lang='lat' dir='ltr'>composi-</span> 
     </span>
     <span class='ocr_line' id='line_1_9' title="bbox 275 909 2156 957; baseline 0.001 -13"><span class='ocrx_word' id='word_1_75' title='bbox 275 911 410 945; x_wconf 89' lang='lat' dir='ltr'>tionem</span> <span class='ocrx_word' id='word_1_76' title='bbox 432 911 546 956; x_wconf 84' lang='lat' dir='ltr'>ipsam</span> <span class='ocrx_word' id='word_1_77' title='bbox 575 910 670 944; x_wconf 89' lang='lat' dir='ltr'>sicut</span> <span class='ocrx_word' id='word_1_78' title='bbox 694 909 774 943; x_wconf 91' lang='lat' dir='ltr'>sine</span> <span class='ocrx_word' id='word_1_79' title='bbox 795 909 968 956; x_wconf 84' lang='lat' dir='ltr'>pravitate</span> <span class='ocrx_word' id='word_1_80' title='bbox 996 909 1148 955; x_wconf 89' lang='lat' dir='ltr'>provide</span> <span class='ocrx_word' id='word_1_81' title='bbox 1177 910 1268 943; x_wconf 88' lang='lat' dir='ltr'>sacta</span> <span class='ocrx_word' id='word_1_82' title='bbox 1293 916 1349 943; x_wconf 83' lang='lat' dir='ltr'>est</span> <span class='ocrx_word' id='word_1_83' title='bbox 1376 916 1412 943; x_wconf 88' lang='lat' dir='ltr'>et</span> <span class='ocrx_word' id='word_1_84' title='bbox 1431 909 1475 943; x_wconf 86' lang='lat' dir='ltr'>ab</span> <span class='ocrx_word' id='word_1_85' title='bbox 1502 916 1654 955; x_wconf 88' lang='lat' dir='ltr'>utraque</span> <span class='ocrx_word' id='word_1_86' title='bbox 1675 917 1775 956; x_wconf 83' lang='lat' dir='ltr'>parte</span> <span class='ocrx_word' id='word_1_87' title='bbox 1796 918 1927 957; x_wconf 88' lang='lat' dir='ltr'>sponte</span> <span class='ocrx_word' id='word_1_88' title='bbox 1955 918 2099 957; x_wconf 88' lang='lat' dir='ltr'>recepta</span> <span class='ocrx_word' id='word_1_89' title='bbox 2121 918 2156 945; x_wconf 90' lang='lat' dir='ltr'>et</span> 
     </span>
     <span class='ocr_line' id='line_1_10' title="bbox 275 975 2155 1024; baseline 0.001 -13"><span class='ocrx_word' id='word_1_90' title='bbox 275 977 451 1012; x_wconf 86' lang='lat' dir='ltr'>hactenus</span> <span class='ocrx_word' id='word_1_91' title='bbox 478 975 627 1023; x_wconf 88' lang='lat' dir='ltr'>pacifice</span> <span class='ocrx_word' id='word_1_92' title='bbox 657 976 862 1017; x_wconf 76' lang='lat' dir='ltr'>observata,</span> <span class='ocrx_word' id='word_1_93' title='bbox 892 976 1105 1010; x_wconf 85' lang='lat' dir='ltr'>auctoritate</span> <span class='ocrx_word' id='word_1_94' title='bbox 1125 976 1324 1022; x_wconf 88' lang='lat' dir='ltr'>apostolica</span> <span class='ocrx_word' id='word_1_95' title='bbox 1347 976 1604 1010; x_wconf 84' lang='lat' dir='ltr'>confirmamus</span> <span class='ocrx_word' id='word_1_96' title='bbox 1625 984 1661 1010; x_wconf 89' lang='lat' dir='ltr'>et</span> <span class='ocrx_word' id='word_1_97' title='bbox 1680 978 1863 1022; x_wconf 89' lang='lat' dir='ltr'>presentis</span> <span class='ocrx_word' id='word_1_98' title='bbox 1888 978 2015 1024; x_wconf 85' lang='lat' dir='ltr'>scripti</span> <span class='ocrx_word' id='word_1_99' title='bbox 2036 985 2155 1024; x_wconf 88' lang='lat' dir='ltr'>patro-</span> 
     </span>
    </p>
   </div>
   <div class='ocr_carea' id='block_1_4' title="bbox 276 1042 2153 1157">
    <p class='ocr_par' dir='ltr' id='par_1_4' title="bbox 276 1042 2153 1157">
     <span class='ocr_line' id='line_1_11' title="bbox 276 1042 2153 1089; baseline 0.001 -12"><span class='ocrx_word' id='word_1_100' title='bbox 276 1044 373 1077; x_wconf 90' lang='lat' dir='ltr'>cinio</span> <span class='ocrx_word' id='word_1_101' title='bbox 401 1043 683 1078; x_wconf 88' lang='lat' dir='ltr'>communimus.</span> <span class='ocrx_word' id='word_1_102' title='bbox 713 1042 811 1076; x_wconf 90' lang='lat' dir='ltr'>Nulli</span> <span class='ocrx_word' id='word_1_103' title='bbox 842 1055 945 1089; x_wconf 85' lang='lat' dir='ltr'>ergo,</span> <span class='ocrx_word' id='word_1_104' title='bbox 967 1048 1048 1084; x_wconf 59' lang='lat' dir='ltr'>etc„</span> <span class='ocrx_word' id='word_1_105' title='bbox 1075 1049 1201 1076; x_wconf 85' lang='lat' dir='ltr'>nostre</span> <span class='ocrx_word' id='word_1_106' title='bbox 1223 1042 1525 1084; x_wconf 75' lang='lat' dir='ltr'>confirmationis,</span> <span class='ocrx_word' id='word_1_107' title='bbox 1551 1048 1616 1078; x_wconf 87' lang='lat' dir='ltr'>etc.</span> <span class='ocrx_word' id='word_1_108' title='bbox 1650 1044 1687 1077; x_wconf 93' lang='lat' dir='ltr'>Si</span> <span class='ocrx_word' id='word_1_109' title='bbox 1716 1044 1799 1089; x_wconf 86' lang='lat' dir='ltr'>quis</span> <span class='ocrx_word' id='word_1_110' title='bbox 1819 1050 1952 1086; x_wconf 85' lang='lat' dir='ltr'>autem,</span> <span class='ocrx_word' id='word_1_111' title='bbox 1978 1050 2042 1079; x_wconf 88' lang='lat' dir='ltr'>etc.</span> <span class='ocrx_word' id='word_1_112' title='bbox 2075 1046 2153 1078; x_wconf 89' lang='lat' dir='ltr'>Dat.</span> 
     </span>
     <span class='ocr_line' id='line_1_12' title="bbox 280 1109 1437 1157; baseline -0.003 -12"><span class='ocrx_word' id='word_1_113' title='bbox 280 1110 452 1157; x_wconf 85' lang='lat' dir='ltr'>Lugduni</span> <span class='ocrx_word' id='word_1_114' title='bbox 472 1110 521 1144; x_wconf 89' lang='lat' dir='ltr'>id.</span> <span class='ocrx_word' id='word_1_115' title='bbox 544 1109 732 1152; x_wconf 88' lang='lat' dir='ltr'>Februari‚</span> <span class='ocrx_word' id='word_1_116' title='bbox 756 1109 988 1155; x_wconf 86' lang='lat' dir='ltr'>pontificatus</span> <span class='ocrx_word' id='word_1_117' title='bbox 1009 1109 1125 1143; x_wconf 86' lang='lat' dir='ltr'>nostri</span> <span class='ocrx_word' id='word_1_118' title='bbox 1145 1121 1240 1143; x_wconf 91' lang='lat' dir='ltr'>anno</span> <span class='ocrx_word' id='word_1_119' title='bbox 1261 1109 1437 1143; x_wconf 87' lang='lat' dir='ltr'>secundo.</span> 
     </span>
    </p>
   </div>
   <div class='ocr_carea' id='block_1_5' title="bbox 371 1208 2157 1241">
    <p class='ocr_par' dir='ltr' id='par_1_5' title="bbox 371 1208 2157 1241">
     <span class='ocr_line' id='line_1_13' title="bbox 371 1208 2157 1241; baseline 0.001 -9"><span class='ocrx_word' id='word_1_120' title='bbox 371 1208 508 1241; x_wconf 69' lang='lat' dir='ltr'>Originale</span> <span class='ocrx_word' id='word_1_121' title='bbox 522 1208 549 1232; x_wconf 87' lang='lat' dir='ltr'>in</span> <span class='ocrx_word' id='word_1_122' title='bbox 565 1208 642 1232; x_wconf 77' lang='lat' dir='ltr'>Arch.</span> <span class='ocrx_word' id='word_1_123' title='bbox 659 1211 713 1232; x_wconf 76' lang='lat' dir='ltr'>nat.</span> <span class='ocrx_word' id='word_1_124' title='bbox 730 1208 814 1232; x_wconf 76' lang='lat' dir='ltr'>Paris.</span> <span class='ocrx_word' id='word_1_125' title='bbox 826 1209 858 1232; x_wconf 75' lang='lat' dir='ltr'>M.</span> <span class='ocrx_word' id='word_1_126' title='bbox 875 1209 944 1237; x_wconf 73' lang='lat'><strong>257⁰,</strong></span> <span class='ocrx_word' id='word_1_127' title='bbox 961 1212 990 1231; x_wconf 80' lang='lat' dir='ltr'>n⁰</span> <span class='ocrx_word' id='word_1_128' title='bbox 1003 1209 1027 1231; x_wconf 87' lang='grc'>6.</span> <span class='ocrx_word' id='word_1_129' title='bbox 1045 1208 1195 1240; x_wconf 78' lang='lat' dir='ltr'>Supersunt</span> <span class='ocrx_word' id='word_1_130' title='bbox 1209 1208 1254 1231; x_wconf 82' lang='lat' dir='ltr'>filu</span> <span class='ocrx_word' id='word_1_131' title='bbox 1269 1208 1344 1232; x_wconf 75' lang='lat' dir='ltr'>serie.</span> <span class='ocrx_word' id='word_1_132' title='bbox 1359 1208 1419 1231; x_wconf 73' lang='lat' dir='ltr'>ssavi</span> <span class='ocrx_word' id='word_1_133' title='bbox 1434 1211 1460 1232; x_wconf 74' lang='lat' dir='ltr'>ct</span> <span class='ocrx_word' id='word_1_134' title='bbox 1474 1208 1549 1232; x_wconf 85' lang='lat' dir='ltr'>rubei</span> <span class='ocrx_word' id='word_1_135' title='bbox 1564 1208 1669 1232; x_wconf 82' lang='lat' dir='ltr'>coloris.</span> <span class='ocrx_word' id='word_1_136' title='bbox 1686 1209 1715 1233; x_wconf 89' lang='lat' dir='ltr'>In</span> <span class='ocrx_word' id='word_1_137' title='bbox 1729 1217 1824 1233; x_wconf 77' lang='lat' dir='ltr'>aversa</span> <span class='ocrx_word' id='word_1_138' title='bbox 1838 1209 2010 1234; x_wconf 72' lang='lat' dir='ltr'>membrana:</span> <span class='ocrx_word' id='word_1_139' title='bbox 2024 1219 2036 1234; x_wconf 78' lang='lat' dir='ltr'>t(</span> <span class='ocrx_word' id='word_1_140' title='bbox 2047 1210 2157 1234; x_wconf 78' lang='lat' dir='ltr'>Univer-</span> 
     </span>
    </p>
   </div>
   <div class='ocr_carea' id='block_1_6' title="bbox 277 1252 2157 1374">
    <p class='ocr_par' dir='ltr' id='par_1_6' title="bbox 277 1252 2157 1374">
     <span class='ocr_line' id='line_1_14' title="bbox 278 1252 2156 1286; baseline 0.001 -9"><span class='ocrx_word' id='word_1_141' title='bbox 278 1253 343 1277; x_wconf 73' lang='lat' dir='ltr'>sitas</span> <span class='ocrx_word' id='word_1_142' title='bbox 362 1252 520 1286; x_wconf 69' lang='lat' dir='ltr'>parisiensis</span> <span class='ocrx_word' id='word_1_143' title='bbox 536 1261 558 1277; x_wconf 81' lang='grc' dir='ltr'>ιι.</span> <span class='ocrx_word' id='word_1_144' title='bbox 580 1266 614 1271; x_wconf 88' lang='lat'>·-</span> <span class='ocrx_word' id='word_1_145' title='bbox 634 1253 698 1284; x_wconf 73' lang='lat' dir='ltr'>Reg.</span> <span class='ocrx_word' id='word_1_146' title='bbox 721 1253 779 1276; x_wconf 73' lang='lat' dir='ltr'>Vnt.</span> <span class='ocrx_word' id='word_1_147' title='bbox 801 1252 946 1276; x_wconf 76' lang='lat' dir='ltr'>lnnocentii</span> <span class='ocrx_word' id='word_1_148' title='bbox 968 1253 1002 1276; x_wconf 94' lang='lat' dir='ltr'>1v</span> <span class='ocrx_word' id='word_1_149' title='bbox 1020 1260 1063 1276; x_wconf 82' lang='lat' dir='ltr'>an.</span> <span class='ocrx_word' id='word_1_150' title='bbox 1084 1253 1107 1280; x_wconf 86' lang='lat'>2.</span> <span class='ocrx_word' id='word_1_151' title='bbox 1130 1260 1174 1284; x_wconf 84' lang='lat' dir='ltr'>ep.</span> <span class='ocrx_word' id='word_1_152' title='bbox 1194 1252 1248 1280; x_wconf 83' lang='lat'><strong>581,</strong></span> <span class='ocrx_word' id='word_1_153' title='bbox 1275 1252 1319 1276; x_wconf 85' lang='lat' dir='ltr'>sol.</span> <span class='ocrx_word' id='word_1_154' title='bbox 1341 1253 1387 1276; x_wconf 83' lang='lat'>190</span> <span class='ocrx_word' id='word_1_155' title='bbox 1395 1252 1414 1276; x_wconf 68' lang='lat' dir='ltr'>b.</span> <span class='ocrx_word' id='word_1_156' title='bbox 1436 1252 1499 1276; x_wconf 79' lang='lat' dir='ltr'>eod.</span> <span class='ocrx_word' id='word_1_157' title='bbox 1519 1253 1577 1276; x_wconf 75' lang='lat' dir='ltr'>Vnt.</span> <span class='ocrx_word' id='word_1_158' title='bbox 1598 1253 1661 1284; x_wconf 78' lang='lat' dir='ltr'>Reg.</span> <span class='ocrx_word' id='word_1_159' title='bbox 1681 1253 1736 1282; x_wconf 75' lang='lat'><strong>406,</strong></span> <span class='ocrx_word' id='word_1_160' title='bbox 1759 1253 1803 1277; x_wconf 82' lang='lat' dir='ltr'>fol.</span> <span class='ocrx_word' id='word_1_161' title='bbox 1825 1253 1863 1277; x_wconf 83' lang='lat'>13.</span> <span class='ocrx_word' id='word_1_162' title='bbox 1884 1253 1952 1278; x_wconf 85' lang='lat' dir='ltr'>Bibl.</span> <span class='ocrx_word' id='word_1_163' title='bbox 1973 1254 2107 1286; x_wconf 75' lang='lat' dir='ltr'>Phillipps</span> <span class='ocrx_word' id='word_1_164' title='bbox 2129 1254 2156 1278; x_wconf 87' lang='lat' dir='ltr'>in</span> 
     </span>
     <span class='ocr_line' id='line_1_15' title="bbox 277 1296 2157 1330; baseline 0 -8"><span class='ocrx_word' id='word_1_165' title='bbox 277 1297 458 1326; x_wconf 60' lang='lat' dir='ltr'>Chollenhmm</span> <span class='ocrx_word' id='word_1_166' title='bbox 474 1305 525 1322; x_wconf 76' lang='lat' dir='ltr'>ms.</span> <span class='ocrx_word' id='word_1_167' title='bbox 539 1298 595 1326; x_wconf 82' lang='lat'><strong>876,</strong></span> <span class='ocrx_word' id='word_1_168' title='bbox 612 1297 656 1321; x_wconf 83' lang='lat' dir='ltr'>sol.</span> <span class='ocrx_word' id='word_1_169' title='bbox 673 1297 711 1326; x_wconf 83' lang='lat'>13,</span> <span class='ocrx_word' id='word_1_170' title='bbox 728 1297 779 1320; x_wconf 80' lang='lat' dir='ltr'>sub</span> <span class='ocrx_word' id='word_1_171' title='bbox 792 1297 842 1320; x_wconf 81' lang='lat' dir='ltr'>hac</span> <span class='ocrx_word' id='word_1_172' title='bbox 856 1297 963 1320; x_wconf 78' lang='lat' dir='ltr'>rubrica</span> <span class='ocrx_word' id='word_1_173' title='bbox 978 1305 984 1320; x_wconf 72' lang='grc' dir='ltr'>ι</span> <span class='ocrx_word' id='word_1_174' title='bbox 1002 1305 1014 1320; x_wconf 73' lang='grc' dir='ltr'>α</span> <span class='ocrx_word' id='word_1_175' title='bbox 1028 1296 1199 1320; x_wconf 76' lang='lat' dir='ltr'>Confirmatio</span> <span class='ocrx_word' id='word_1_176' title='bbox 1213 1297 1413 1328; x_wconf 78' lang='lat' dir='ltr'>compositionis</span> <span class='ocrx_word' id='word_1_177' title='bbox 1428 1298 1495 1320; x_wconf 67' lang='lat' dir='ltr'>facte</span> <span class='ocrx_word' id='word_1_178' title='bbox 1511 1297 1579 1320; x_wconf 74' lang='lat' dir='ltr'>inter</span> <span class='ocrx_word' id='word_1_179' title='bbox 1594 1297 1799 1322; x_wconf 71' lang='lat' dir='ltr'>universitatem</span> <span class='ocrx_word' id='word_1_180' title='bbox 1813 1306 1845 1322; x_wconf 84' lang='lat' dir='ltr'>ex</span> <span class='ocrx_word' id='word_1_181' title='bbox 1859 1301 1935 1330; x_wconf 78' lang='lat' dir='ltr'>parte</span> <span class='ocrx_word' id='word_1_182' title='bbox 1950 1307 2003 1322; x_wconf 77' lang='lat' dir='ltr'>unu</span> <span class='ocrx_word' id='word_1_183' title='bbox 2018 1302 2043 1322; x_wconf 80' lang='lat' dir='ltr'>et</span> <span class='ocrx_word' id='word_1_184' title='bbox 2057 1299 2157 1323; x_wconf 84' lang='lat' dir='ltr'>cancel-</span> 
     </span>
     <span class='ocr_line' id='line_1_16' title="bbox 277 1340 1482 1374; baseline -0.002 -8"><span class='ocrx_word' id='word_1_185' title='bbox 277 1342 374 1366; x_wconf 81' lang='lat' dir='ltr'>larium</span> <span class='ocrx_word' id='word_1_186' title='bbox 389 1345 416 1366; x_wconf 72' lang='lat' dir='ltr'>et</span> <span class='ocrx_word' id='word_1_187' title='bbox 428 1349 487 1374; x_wconf 79' lang='lat' dir='ltr'>cap.</span> <span class='ocrx_word' id='word_1_188' title='bbox 504 1340 588 1366; x_wconf 77' lang='lat' dir='ltr'>Paris.</span> <span class='ocrx_word' id='word_1_189' title='bbox 604 1349 637 1365; x_wconf 81' lang='lat' dir='ltr'>ex</span> <span class='ocrx_word' id='word_1_190' title='bbox 650 1341 734 1365; x_wconf 75' lang='lat' dir='ltr'>altera</span> <span class='ocrx_word' id='word_1_191' title='bbox 748 1349 829 1373; x_wconf 74' lang='lat' dir='ltr'>super</span> <span class='ocrx_word' id='word_1_192' title='bbox 843 1341 963 1365; x_wconf 77' lang='lat' dir='ltr'>articulis</span> <span class='ocrx_word' id='word_1_193' title='bbox 980 1341 1050 1365; x_wconf 78' lang='lat' dir='ltr'>infra</span> <span class='ocrx_word' id='word_1_194' title='bbox 1064 1341 1171 1372; x_wconf 80' lang='lat' dir='ltr'>scriptis</span> <span class='ocrx_word' id='word_1_195' title='bbox 1187 1349 1209 1365; x_wconf 84' lang='grc'>»,</span> <span class='ocrx_word' id='word_1_196' title='bbox 1226 1341 1350 1368; x_wconf 76' lang='lat' dir='ltr'>Bulaeus,</span> <span class='ocrx_word' id='word_1_197' title='bbox 1367 1341 1412 1370; x_wconf 82' lang='lat'>111,</span> <span class='ocrx_word' id='word_1_198' title='bbox 1429 1341 1482 1365; x_wconf 85' lang='lat'>193.</span> 
     </span>
    </p>
   </div>
   <div class='ocr_carea' id='block_1_7' title="bbox 372 1425 1683 1458">
    <p class='ocr_par' dir='ltr' id='par_1_7' title="bbox 372 1425 1683 1458">
     <span class='ocr_line' id='line_1_17' title="bbox 372 1425 1683 1458; baseline -0.001 -8"><span class='ocrx_word' id='word_1_199' title='bbox 372 1427 394 1450; x_wconf 81' lang='lat'>1.</span> <span class='ocrx_word' id='word_1_200' title='bbox 410 1427 475 1450; x_wconf 83' lang='lat' dir='ltr'>Vide</span> <span class='ocrx_word' id='word_1_201' title='bbox 490 1426 524 1450; x_wconf 81' lang='lat' dir='ltr'>ad</span> <span class='ocrx_word' id='word_1_202' title='bbox 540 1426 590 1450; x_wconf 85' lang='lat' dir='ltr'>hoc</span> <span class='ocrx_word' id='word_1_203' title='bbox 605 1434 686 1458; x_wconf 81' lang='lat' dir='ltr'>supra</span> <span class='ocrx_word' id='word_1_204' title='bbox 702 1430 732 1450; x_wconf 82' lang='lat' dir='ltr'>n⁰</span> <span class='ocrx_word' id='word_1_205' title='bbox 748 1427 787 1455; x_wconf 73' lang='lat'>¹15,</span> <span class='ocrx_word' id='word_1_206' title='bbox 805 1435 831 1451; x_wconf 89' lang='grc' dir='ltr'>ιι.</span> <span class='ocrx_word' id='word_1_207' title='bbox 846 1427 869 1454; x_wconf 78' lang='grc'>3,</span> <span class='ocrx_word' id='word_1_208' title='bbox 886 1429 911 1449; x_wconf 82' lang='lat' dir='ltr'>et.</span> <span class='ocrx_word' id='word_1_209' title='bbox 927 1430 956 1449; x_wconf 77' lang='lat' dir='ltr'>n·</span> <span class='ocrx_word' id='word_1_210' title='bbox 971 1427 1009 1450; x_wconf 81' lang='lat'>58.</span> <span class='ocrx_word' id='word_1_211' title='bbox 1027 1425 1261 1450; x_wconf 77' lang='lat' dir='ltr'>Confirmationem</span> <span class='ocrx_word' id='word_1_212' title='bbox 1274 1425 1410 1457; x_wconf 73' lang='lat' dir='ltr'>privilegii</span> <span class='ocrx_word' id='word_1_213' title='bbox 1425 1425 1484 1449; x_wconf 87' lang='lat' dir='ltr'>vide</span> <span class='ocrx_word' id='word_1_214' title='bbox 1499 1426 1568 1450; x_wconf 81' lang='lat' dir='ltr'>infra</span> <span class='ocrx_word' id='word_1_215' title='bbox 1584 1430 1614 1449; x_wconf 82' lang='lat' dir='ltr'>n⁰</span> <span class='ocrx_word' id='word_1_216' title='bbox 1628 1426 1683 1450; x_wconf 71' lang='lat'>140.</span> 
     </span>
    </p>
   </div>
   <div class='ocr_carea' id='block_1_8' title="bbox 283 1589 1735 1634">
    <p class='ocr_par' dir='ltr' id='par_1_8' title="bbox 283 1589 1735 1634">
     <span class='ocr_line' id='line_1_18' title="bbox 283 1589 1735 1634; baseline -0.001 -10"><span class='ocrx_word' id='word_1_217' title='bbox 283 1589 391 1627; x_wconf 80' lang='grc'><strong>136.</strong></span> <span class='ocrx_word' id='word_1_218' title='bbox 414 1600 456 1625; x_wconf 84' lang='lat' dir='ltr'>De</span> <span class='ocrx_word' id='word_1_219' title='bbox 469 1598 576 1625; x_wconf 73' lang='lat' dir='ltr'>scholis</span> <span class='ocrx_word' id='word_1_220' title='bbox 591 1606 611 1624; x_wconf 87' lang='lat' dir='ltr'>a</span> <span class='ocrx_word' id='word_1_221' title='bbox 627 1597 731 1634; x_wconf 77' lang='lat' dir='ltr'>quibus</span> <span class='ocrx_word' id='word_1_222' title='bbox 746 1597 915 1625; x_wconf 77' lang='lat' dir='ltr'>retinendae</span> <span class='ocrx_word' id='word_1_223' title='bbox 929 1598 989 1624; x_wconf 73' lang='lat' dir='ltr'>sint</span> <span class='ocrx_word' id='word_1_224' title='bbox 1003 1601 1031 1624; x_wconf 79' lang='lat' dir='ltr'>et</span> <span class='ocrx_word' id='word_1_225' title='bbox 1046 1597 1174 1634; x_wconf 78' lang='lat' dir='ltr'>qualiter</span> <span class='ocrx_word' id='word_1_226' title='bbox 1188 1601 1215 1623; x_wconf 74' lang='lat' dir='ltr'>el</span> <span class='ocrx_word' id='word_1_227' title='bbox 1230 1597 1266 1623; x_wconf 86' lang='lat' dir='ltr'>de</span> <span class='ocrx_word' id='word_1_228' title='bbox 1281 1597 1351 1624; x_wconf 84' lang='lat' dir='ltr'>aliis</span> <span class='ocrx_word' id='word_1_229' title='bbox 1366 1597 1499 1624; x_wconf 82' lang='lat' dir='ltr'>articulis</span> <span class='ocrx_word' id='word_1_230' title='bbox 1515 1597 1594 1632; x_wconf 80' lang='lat' dir='ltr'>infra</span> <span class='ocrx_word' id='word_1_231' title='bbox 1609 1597 1735 1634; x_wconf 77' lang='lat' dir='ltr'>scriptis.</span> 
     </span>
    </p>
   </div>
   <div class='ocr_carea' id='block_1_9' title="bbox 1362 1694 1871 1729">
    <p class='ocr_par' dir='ltr' id='par_1_9' title="bbox 1362 1694 1871 1729">
     <span class='ocr_line' id='line_1_19' title="bbox 1362 1694 1871 1729; baseline 0.002 -9"><span class='ocrx_word' id='word_1_232' title='bbox 1362 1695 1438 1725; x_wconf 72' lang='lat'><em>7245,</em></span> <span class='ocrx_word' id='word_1_233' title='bbox 1453 1702 1543 1721; x_wconf 70' lang='lat' dir='ltr'>mense</span> <span class='ocrx_word' id='word_1_234' title='bbox 1557 1694 1702 1724; x_wconf 72' lang='lat' dir='ltr'>Febr-uario,</span> <span class='ocrx_word' id='word_1_235' title='bbox 1717 1694 1737 1729; x_wconf 94' lang='grc'><em>[</em></span> <span class='ocrx_word' id='word_1_236' title='bbox 1737 1695 1845 1721; x_wconf 70' lang='lat' dir='ltr'>Parisiis</span> <span class='ocrx_word' id='word_1_237' title='bbox 1844 1694 1871 1729; x_wconf 88' lang='lat' dir='ltr'>J.</span> 
     </span>
    </p>
   </div>
   <div class='ocr_carea' id='block_1_10' title="bbox 273 1769 2170 2882">
    <p class='ocr_par' dir='ltr' id='par_1_10' title="bbox 273 1769 2163 2083">
     <span class='ocr_line' id='line_1_20' title="bbox 369 1769 2160 1815; baseline 0 -12"><span class='ocrx_word' id='word_1_238' title='bbox 369 1770 477 1803; x_wconf 91' lang='lat' dir='ltr'>Anno</span> <span class='ocrx_word' id='word_1_239' title='bbox 512 1771 547 1803; x_wconf 92' lang='lat' dir='ltr'>M</span> <span class='ocrx_word' id='word_1_240' title='bbox 566 1770 627 1804; x_wconf 94' lang='lat' dir='ltr'>CC</span> <span class='ocrx_word' id='word_1_241' title='bbox 656 1770 937 1815; x_wconf 87' lang='lat' dir='ltr'>quadragesimo</span> <span class='ocrx_word' id='word_1_242' title='bbox 971 1776 1100 1815; x_wconf 87' lang='lat' dir='ltr'>quarto</span> <span class='ocrx_word' id='word_1_243' title='bbox 1134 1781 1260 1803; x_wconf 88' lang='lat' dir='ltr'>mense</span> <span class='ocrx_word' id='word_1_244' title='bbox 1295 1769 1506 1803; x_wconf 83' lang='lat' dir='ltr'>Februario.</span> <span class='ocrx_word' id='word_1_245' title='bbox 1542 1769 1719 1803; x_wconf 86' lang='lat' dir='ltr'>Noverint</span> <span class='ocrx_word' id='word_1_246' title='bbox 1751 1770 1927 1810; x_wconf 78' lang='lat' dir='ltr'>universi,</span> <span class='ocrx_word' id='word_1_247' title='bbox 1965 1770 2160 1815; x_wconf 85' lang='lat' dir='ltr'>magistros</span> 
     </span>
     <span class='ocr_line' id='line_1_21' title="bbox 283 1835 2161 1882; baseline -0.001 -11"><span class='ocrx_word' id='word_1_248' title='bbox 283 1836 540 1871; x_wconf 88' lang='lat' dir='ltr'>Universitatis</span> <span class='ocrx_word' id='word_1_249' title='bbox 560 1836 674 1870; x_wconf 88' lang='lat' dir='ltr'>Paris.</span> <span class='ocrx_word' id='word_1_250' title='bbox 692 1836 729 1869; x_wconf 93' lang='lat' dir='ltr'>in</span> <span class='ocrx_word' id='word_1_251' title='bbox 751 1836 906 1870; x_wconf 90' lang='lat' dir='ltr'>ecclesia</span> <span class='ocrx_word' id='word_1_252' title='bbox 927 1837 963 1870; x_wconf 92' lang='lat' dir='ltr'>S.</span> <span class='ocrx_word' id='word_1_253' title='bbox 987 1836 1158 1870; x_wconf 87' lang='lat' dir='ltr'>Maturini</span> <span class='ocrx_word' id='word_1_254' title='bbox 1179 1836 1397 1870; x_wconf 88' lang='lat' dir='ltr'>Parisiensis</span> <span class='ocrx_word' id='word_1_255' title='bbox 1418 1836 1455 1870; x_wconf 89' lang='lat' dir='ltr'>in</span> <span class='ocrx_word' id='word_1_256' title='bbox 1476 1835 1582 1882; x_wconf 92' lang='lat' dir='ltr'>plena</span> <span class='ocrx_word' id='word_1_257' title='bbox 1602 1836 1889 1882; x_wconf 88' lang='lat' dir='ltr'>congregatione</span> <span class='ocrx_word' id='word_1_258' title='bbox 1910 1836 1955 1870; x_wconf 92' lang='lat' dir='ltr'>de</span> <span class='ocrx_word' id='word_1_259' title='bbox 1975 1837 2161 1870; x_wconf 89' lang='lat' dir='ltr'>communi</span> 
     </span>
     <span class='ocr_line' id='line_1_22' title="bbox 282 1902 2162 1949; baseline 0 -12"><span class='ocrx_word' id='word_1_260' title='bbox 282 1915 437 1937; x_wconf 87' lang='lat' dir='ltr'>assensu</span> <span class='ocrx_word' id='word_1_261' title='bbox 466 1903 630 1949; x_wconf 86' lang='lat' dir='ltr'>ipsorum</span> <span class='ocrx_word' id='word_1_262' title='bbox 654 1903 872 1945; x_wconf 78' lang='lat' dir='ltr'>instituisse,</span> <span class='ocrx_word' id='word_1_263' title='bbox 904 1903 1002 1948; x_wconf 91' lang='lat' dir='ltr'>quod</span> <span class='ocrx_word' id='word_1_264' title='bbox 1033 1902 1157 1937; x_wconf 91' lang='lat' dir='ltr'>nullus</span> <span class='ocrx_word' id='word_1_265' title='bbox 1186 1903 1361 1948; x_wconf 82' lang='lat' dir='ltr'>magister</span> <span class='ocrx_word' id='word_1_266' title='bbox 1388 1914 1453 1948; x_wconf 88' lang='lat' dir='ltr'>per</span> <span class='ocrx_word' id='word_1_267' title='bbox 1482 1914 1522 1936; x_wconf 91' lang='lat' dir='ltr'>se</span> <span class='ocrx_word' id='word_1_268' title='bbox 1548 1902 1606 1936; x_wconf 89' lang='lat' dir='ltr'>vel</span> <span class='ocrx_word' id='word_1_269' title='bbox 1632 1914 1697 1948; x_wconf 88' lang='lat' dir='ltr'>per</span> <span class='ocrx_word' id='word_1_270' title='bbox 1722 1902 1831 1937; x_wconf 88' lang='lat' dir='ltr'>alium</span> <span class='ocrx_word' id='word_1_271' title='bbox 1857 1903 2011 1936; x_wconf 87' lang='lat' dir='ltr'>retineat</span> <span class='ocrx_word' id='word_1_272' title='bbox 2037 1902 2162 1948; x_wconf 88' lang='lat' dir='ltr'>plures</span> 
     </span>
     <span class='ocr_line' id='line_1_23' title="bbox 273 1957 2163 2016; baseline -0.001 -12"><span class='ocrx_word' id='word_1_273' title='bbox 273 1957 420 2011; x_wconf 74' lang='lat' dir='ltr'>¹scolas;</span> <span class='ocrx_word' id='word_1_274' title='bbox 448 1981 514 2016; x_wconf 91' lang='lat' dir='ltr'>pro</span> <span class='ocrx_word' id='word_1_275' title='bbox 540 1969 761 2003; x_wconf 88' lang='lat' dir='ltr'>bachellario</span> <span class='ocrx_word' id='word_1_276' title='bbox 787 1976 906 2003; x_wconf 88' lang='lat' dir='ltr'>autem</span> <span class='ocrx_word' id='word_1_277' title='bbox 932 1970 994 2015; x_wconf 91' lang='lat' dir='ltr'>qui</span> <span class='ocrx_word' id='word_1_278' title='bbox 1015 1970 1061 2003; x_wconf 93' lang='lat' dir='ltr'>de</span> <span class='ocrx_word' id='word_1_279' title='bbox 1086 1981 1181 2003; x_wconf 93' lang='lat' dir='ltr'>novo</span> <span class='ocrx_word' id='word_1_280' title='bbox 1202 1976 1260 2003; x_wconf 88' lang='lat' dir='ltr'>est</span> <span class='ocrx_word' id='word_1_281' title='bbox 1279 1970 1505 2015; x_wconf 75' lang='lat' dir='ltr'>incepturus,</span> <span class='ocrx_word' id='word_1_282' title='bbox 1527 1969 1605 2003; x_wconf 89' lang='lat' dir='ltr'>sive</span> <span class='ocrx_word' id='word_1_283' title='bbox 1626 1981 1692 2014; x_wconf 89' lang='lat' dir='ltr'>pro</span> <span class='ocrx_word' id='word_1_284' title='bbox 1712 1969 1783 2003; x_wconf 91' lang='lat' dir='ltr'>alio</span> <span class='ocrx_word' id='word_1_285' title='bbox 1809 1969 1984 2014; x_wconf 88' lang='lat' dir='ltr'>magistro</span> <span class='ocrx_word' id='word_1_286' title='bbox 2004 1970 2163 2003; x_wconf 88' lang='lat' dir='ltr'>retinere</span> 
     </span>
     <span class='ocr_line' id='line_1_24' title="bbox 284 2036 1794 2083; baseline -0.001 -12"><span class='ocrx_word' id='word_1_287' title='bbox 284 2037 431 2083; x_wconf 83' lang='lat' dir='ltr'>poterit,</span> <span class='ocrx_word' id='word_1_288' title='bbox 452 2036 500 2071; x_wconf 84' lang='lat' dir='ltr'>ita</span> <span class='ocrx_word' id='word_1_289' title='bbox 516 2043 650 2078; x_wconf 82' lang='lat' dir='ltr'>tamen,</span> <span class='ocrx_word' id='word_1_290' title='bbox 671 2036 771 2082; x_wconf 93' lang='lat' dir='ltr'>quod</span> <span class='ocrx_word' id='word_1_291' title='bbox 791 2037 822 2070; x_wconf 91' lang='lat' dir='ltr'>si</span> <span class='ocrx_word' id='word_1_292' title='bbox 844 2048 938 2082; x_wconf 88' lang='lat' dir='ltr'>opus</span> <span class='ocrx_word' id='word_1_293' title='bbox 958 2036 1080 2078; x_wconf 86' lang='lat' dir='ltr'>suerit,</span> <span class='ocrx_word' id='word_1_294' title='bbox 1103 2036 1211 2070; x_wconf 84' lang='lat' dir='ltr'>fidem</span> <span class='ocrx_word' id='word_1_295' title='bbox 1233 2048 1345 2082; x_wconf 89' lang='lat' dir='ltr'>super</span> <span class='ocrx_word' id='word_1_296' title='bbox 1364 2036 1433 2070; x_wconf 94' lang='lat' dir='ltr'>hoc</span> <span class='ocrx_word' id='word_1_297' title='bbox 1453 2036 1558 2070; x_wconf 86' lang='lat' dir='ltr'>saciat</span> <span class='ocrx_word' id='word_1_298' title='bbox 1572 2037 1794 2081; x_wconf 88' lang='lat' dir='ltr'>juramento.</span> 
     </span>
    </p>

    <p class='ocr_par' dir='ltr' id='par_1_11' title="bbox 374 2096 1798 2149">
     <span class='ocr_line' id='line_1_25' title="bbox 374 2096 1798 2149; baseline 0.001 -12"><span class='ocrx_word' id='word_1_299' title='bbox 374 2104 465 2137; x_wconf 76' lang='lat' dir='ltr'>Item</span> <span class='ocrx_word' id='word_1_300' title='bbox 492 2102 616 2137; x_wconf 86' lang='lat' dir='ltr'>nullus</span> <span class='ocrx_word' id='word_1_301' title='bbox 641 2096 713 2137; x_wconf 89' lang='lat' dir='ltr'>nisi</span> <span class='ocrx_word' id='word_1_302' title='bbox 742 2109 823 2137; x_wconf 89' lang='lat' dir='ltr'>actu</span> <span class='ocrx_word' id='word_1_303' title='bbox 852 2115 986 2149; x_wconf 85' lang='lat' dir='ltr'>regens</span> <span class='ocrx_word' id='word_1_304' title='bbox 1006 2103 1125 2137; x_wconf 90' lang='lat' dir='ltr'>scolas</span> <span class='ocrx_word' id='word_1_305' title='bbox 1155 2103 1314 2136; x_wconf 86' lang='lat' dir='ltr'>retinere</span> <span class='ocrx_word' id='word_1_306' title='bbox 1341 2109 1528 2148; x_wconf 88' lang='lat' dir='ltr'>presumat</span> <span class='ocrx_word' id='word_1_307' title='bbox 1546 2103 1591 2137; x_wconf 85' lang='lat' dir='ltr'>ad</span> <span class='ocrx_word' id='word_1_308' title='bbox 1612 2115 1705 2148; x_wconf 89' lang='lat' dir='ltr'>opus</span> <span class='ocrx_word' id='word_1_309' title='bbox 1726 2103 1798 2138; x_wconf 88' lang='lat' dir='ltr'>sui.</span> 
     </span>
    </p>

    <p class='ocr_par' dir='ltr' id='par_1_12' title="bbox 287 2169 2165 2282">
     <span class='ocr_line' id='line_1_26' title="bbox 376 2169 2165 2215; baseline 0 -12"><span class='ocrx_word' id='word_1_310' title='bbox 376 2171 465 2204; x_wconf 88' lang='lat' dir='ltr'>ltem</span> <span class='ocrx_word' id='word_1_311' title='bbox 490 2169 615 2204; x_wconf 89' lang='lat' dir='ltr'>nullus</span> <span class='ocrx_word' id='word_1_312' title='bbox 642 2169 797 2204; x_wconf 86' lang='lat' dir='ltr'>retineat</span> <span class='ocrx_word' id='word_1_313' title='bbox 821 2169 941 2204; x_wconf 88' lang='lat' dir='ltr'>scolas</span> <span class='ocrx_word' id='word_1_314' title='bbox 965 2169 1116 2204; x_wconf 88' lang='lat' dir='ltr'>alterius</span> <span class='ocrx_word' id='word_1_315' title='bbox 1141 2176 1221 2203; x_wconf 90' lang='lat' dir='ltr'>actu</span> <span class='ocrx_word' id='word_1_316' title='bbox 1247 2170 1423 2215; x_wconf 80' lang='lat' dir='ltr'>regentis,</span> <span class='ocrx_word' id='word_1_317' title='bbox 1450 2169 1611 2215; x_wconf 90' lang='lat' dir='ltr'>quandiu</span> <span class='ocrx_word' id='word_1_318' title='bbox 1637 2169 1687 2202; x_wconf 87' lang='lat' dir='ltr'>ibi</span> <span class='ocrx_word' id='word_1_319' title='bbox 1713 2169 1846 2215; x_wconf 87' lang='lat' dir='ltr'>legerit</span> <span class='ocrx_word' id='word_1_320' title='bbox 1865 2176 1901 2203; x_wconf 89' lang='lat' dir='ltr'>et</span> <span class='ocrx_word' id='word_1_321' title='bbox 1920 2169 2048 2203; x_wconf 83' lang='lat' dir='ltr'>fecerit</span> <span class='ocrx_word' id='word_1_322' title='bbox 2067 2169 2165 2214; x_wconf 91' lang='lat' dir='ltr'>quod</span> 
     </span>
     <span class='ocr_line' id='line_1_27' title="bbox 287 2235 776 2282; baseline -0.002 -12"><span class='ocrx_word' id='word_1_323' title='bbox 287 2235 458 2270; x_wconf 88' lang='lat' dir='ltr'>debuerit</span> <span class='ocrx_word' id='word_1_324' title='bbox 475 2247 563 2282; x_wconf 87' lang='lat' dir='ltr'>erga</span> <span class='ocrx_word' id='word_1_325' title='bbox 581 2235 776 2281; x_wconf 83' lang='lat' dir='ltr'>hospitem.</span> 
     </span>
    </p>

    <p class='ocr_par' dir='ltr' id='par_1_13' title="bbox 289 2302 2166 2415">
     <span class='ocr_line' id='line_1_28' title="bbox 378 2302 2166 2349; baseline -0.001 -13"><span class='ocrx_word' id='word_1_326' title='bbox 378 2303 467 2337; x_wconf 90' lang='lat' dir='ltr'>Item</span> <span class='ocrx_word' id='word_1_327' title='bbox 497 2302 622 2336; x_wconf 90' lang='lat' dir='ltr'>nullus</span> <span class='ocrx_word' id='word_1_328' title='bbox 646 2314 758 2348; x_wconf 90' lang='lat' dir='ltr'>super</span> <span class='ocrx_word' id='word_1_329' title='bbox 784 2302 895 2336; x_wconf 93' lang='lat' dir='ltr'>alium</span> <span class='ocrx_word' id='word_1_330' title='bbox 914 2303 1095 2337; x_wconf 88' lang='lat' dir='ltr'>conducat</span> <span class='ocrx_word' id='word_1_331' title='bbox 1121 2315 1188 2349; x_wconf 91' lang='lat' dir='ltr'>pro</span> <span class='ocrx_word' id='word_1_332' title='bbox 1213 2304 1341 2349; x_wconf 89' lang='lat' dir='ltr'>majori</span> <span class='ocrx_word' id='word_1_333' title='bbox 1367 2303 1484 2349; x_wconf 92' lang='lat' dir='ltr'>pretio</span> <span class='ocrx_word' id='word_1_334' title='bbox 1509 2302 1642 2344; x_wconf 83' lang='lat' dir='ltr'>scolas,</span> <span class='ocrx_word' id='word_1_335' title='bbox 1662 2314 1752 2348; x_wconf 85' lang='lat' dir='ltr'>quas</span> <span class='ocrx_word' id='word_1_336' title='bbox 1777 2302 1870 2335; x_wconf 88' lang='lat' dir='ltr'>alius</span> <span class='ocrx_word' id='word_1_337' title='bbox 1891 2303 2076 2343; x_wconf 77' lang='lat' dir='ltr'>conduxit,</span> <span class='ocrx_word' id='word_1_338' title='bbox 2099 2313 2166 2336; x_wconf 91' lang='lat' dir='ltr'>nec</span> 
     </span>
     <span class='ocr_line' id='line_1_29' title="bbox 289 2368 1036 2415; baseline -0.001 -12"><span class='ocrx_word' id='word_1_339' title='bbox 289 2368 445 2415; x_wconf 87' lang='lat' dir='ltr'>amplius</span> <span class='ocrx_word' id='word_1_340' title='bbox 465 2368 618 2415; x_wconf 82' lang='lat' dir='ltr'>accipiat</span> <span class='ocrx_word' id='word_1_341' title='bbox 636 2368 682 2403; x_wconf 82' lang='lat' dir='ltr'>ab</span> <span class='ocrx_word' id='word_1_342' title='bbox 701 2368 773 2403; x_wconf 88' lang='lat' dir='ltr'>alio</span> <span class='ocrx_word' id='word_1_343' title='bbox 794 2369 826 2402; x_wconf 86' lang='lat' dir='ltr'>si</span> <span class='ocrx_word' id='word_1_344' title='bbox 845 2369 1036 2404; x_wconf 90' lang='lat' dir='ltr'>conducat.</span> 
     </span>
    </p>

    <p class='ocr_par' dir='ltr' id='par_1_14' title="bbox 379 2434 1673 2481">
     <span class='ocr_line' id='line_1_30' title="bbox 379 2434 1673 2481; baseline 0 -13"><span class='ocrx_word' id='word_1_345' title='bbox 379 2436 468 2469; x_wconf 90' lang='lat' dir='ltr'>Item</span> <span class='ocrx_word' id='word_1_346' title='bbox 490 2434 614 2469; x_wconf 89' lang='lat' dir='ltr'>nullus</span> <span class='ocrx_word' id='word_1_347' title='bbox 634 2435 789 2469; x_wconf 85' lang='lat' dir='ltr'>retineat</span> <span class='ocrx_word' id='word_1_348' title='bbox 806 2435 926 2469; x_wconf 85' lang='lat' dir='ltr'>scolas</span> <span class='ocrx_word' id='word_1_349' title='bbox 946 2435 1040 2469; x_wconf 91' lang='lat' dir='ltr'>ultra</span> <span class='ocrx_word' id='word_1_350' title='bbox 1060 2436 1216 2481; x_wconf 88' lang='lat' dir='ltr'>pretium</span> <span class='ocrx_word' id='word_1_351' title='bbox 1238 2436 1429 2470; x_wconf 87' lang='lat' dir='ltr'>taxationis</span> <span class='ocrx_word' id='word_1_352' title='bbox 1449 2435 1673 2481; x_wconf 88' lang='lat' dir='ltr'>impositum.</span> 
     </span>
    </p>

    <p class='ocr_par' dir='ltr' id='par_1_15' title="bbox 290 2488 2169 2614">
     <span class='ocr_line' id='line_1_31' title="bbox 379 2488 2169 2547; baseline -0.001 -12"><span class='ocrx_word' id='word_1_353' title='bbox 379 2503 469 2536; x_wconf 87' lang='lat' dir='ltr'>Item</span> <span class='ocrx_word' id='word_1_354' title='bbox 495 2501 620 2536; x_wconf 83' lang='lat' dir='ltr'>nullus</span> <span class='ocrx_word' id='word_1_355' title='bbox 645 2501 820 2547; x_wconf 83' lang='lat' dir='ltr'>magister</span> <span class='ocrx_word' id='word_1_356' title='bbox 844 2488 998 2536; x_wconf 69' lang='lat' dir='ltr'>retineat</span> <span class='ocrx_word' id='word_1_357' title='bbox 1022 2501 1142 2536; x_wconf 86' lang='lat' dir='ltr'>scolas</span> <span class='ocrx_word' id='word_1_358' title='bbox 1167 2502 1308 2547; x_wconf 87' lang='lat' dir='ltr'>aliquas</span> <span class='ocrx_word' id='word_1_359' title='bbox 1332 2501 1376 2535; x_wconf 91' lang='lat' dir='ltr'>ab</span> <span class='ocrx_word' id='word_1_360' title='bbox 1401 2501 1523 2547; x_wconf 88' lang='lat' dir='ltr'>aliquo</span> <span class='ocrx_word' id='word_1_361' title='bbox 1548 2501 1617 2535; x_wconf 91' lang='lat' dir='ltr'>hoc</span> <span class='ocrx_word' id='word_1_362' title='bbox 1644 2501 1766 2543; x_wconf 75' lang='lat' dir='ltr'>modo,</span> <span class='ocrx_word' id='word_1_363' title='bbox 1788 2501 1887 2547; x_wconf 92' lang='lat' dir='ltr'>quod</span> <span class='ocrx_word' id='word_1_364' title='bbox 1913 2501 2036 2535; x_wconf 87' lang='lat' dir='ltr'>locans</span> <span class='ocrx_word' id='word_1_365' title='bbox 2063 2501 2169 2534; x_wconf 81' lang='lat' dir='ltr'>faciat</span> 
     </span>
     <span class='ocr_line' id='line_1_32' title="bbox 290 2567 1797 2614; baseline -0.001 -11"><span class='ocrx_word' id='word_1_366' title='bbox 290 2568 341 2603; x_wconf 84' lang='lat' dir='ltr'>ibi</span> <span class='ocrx_word' id='word_1_367' title='bbox 362 2568 702 2603; x_wconf 86' lang='lat' dir='ltr'>determinationem</span> <span class='ocrx_word' id='word_1_368' title='bbox 725 2580 946 2614; x_wconf 90' lang='lat' dir='ltr'>quocunque</span> <span class='ocrx_word' id='word_1_369' title='bbox 967 2568 1078 2602; x_wconf 92' lang='lat' dir='ltr'>modo</span> <span class='ocrx_word' id='word_1_370' title='bbox 1098 2567 1254 2610; x_wconf 73' lang='lat' dir='ltr'>locans‘,</span> <span class='ocrx_word' id='word_1_371' title='bbox 1276 2569 1353 2602; x_wconf 88' lang='lat' dir='ltr'>sive</span> <span class='ocrx_word' id='word_1_372' title='bbox 1375 2568 1488 2602; x_wconf 86' lang='lat' dir='ltr'>laicus</span> <span class='ocrx_word' id='word_1_373' title='bbox 1507 2567 1567 2602; x_wconf 86' lang='lat' dir='ltr'>vel</span> <span class='ocrx_word' id='word_1_374' title='bbox 1587 2567 1797 2602; x_wconf 85' lang='lat' dir='ltr'>sublocans.</span> 
     </span>
    </p>

    <p class='ocr_par' dir='ltr' id='par_1_16' title="bbox 291 2634 2169 2815">
     <span class='ocr_line' id='line_1_33' title="bbox 380 2634 2169 2681; baseline -0.001 -12"><span class='ocrx_word' id='word_1_375' title='bbox 380 2636 470 2670; x_wconf 86' lang='lat' dir='ltr'>Item</span> <span class='ocrx_word' id='word_1_376' title='bbox 490 2634 523 2669; x_wconf 90' lang='lat' dir='ltr'>si</span> <span class='ocrx_word' id='word_1_377' title='bbox 547 2634 680 2681; x_wconf 87' lang='lat' dir='ltr'>aliquis</span> <span class='ocrx_word' id='word_1_378' title='bbox 705 2634 858 2669; x_wconf 85' lang='lat' dir='ltr'>scolaris</span> <span class='ocrx_word' id='word_1_379' title='bbox 884 2635 1031 2669; x_wconf 88' lang='lat' dir='ltr'>domum</span> <span class='ocrx_word' id='word_1_380' title='bbox 1058 2635 1274 2669; x_wconf 89' lang='lat' dir='ltr'>conduxerit</span> <span class='ocrx_word' id='word_1_381' title='bbox 1300 2634 1455 2680; x_wconf 88' lang='lat' dir='ltr'>aliquam</span> <span class='ocrx_word' id='word_1_382' title='bbox 1477 2641 1514 2668; x_wconf 92' lang='lat' dir='ltr'>et</span> <span class='ocrx_word' id='word_1_383' title='bbox 1533 2634 1578 2668; x_wconf 91' lang='lat' dir='ltr'>de</span> <span class='ocrx_word' id='word_1_384' title='bbox 1598 2634 1751 2680; x_wconf 89' lang='lat' dir='ltr'>quadam</span> <span class='ocrx_word' id='word_1_385' title='bbox 1773 2641 1873 2681; x_wconf 87' lang='lat' dir='ltr'>parte</span> <span class='ocrx_word' id='word_1_386' title='bbox 1898 2635 2030 2668; x_wconf 90' lang='lat' dir='ltr'>domus</span> <span class='ocrx_word' id='word_1_387' title='bbox 2049 2634 2169 2668; x_wconf 84' lang='lat' dir='ltr'>scolas</span> 
     </span>
     <span class='ocr_line' id='line_1_34' title="bbox 291 2701 2169 2747; baseline -0.001 -10"><span class='ocrx_word' id='word_1_388' title='bbox 291 2703 409 2737; x_wconf 80' lang='lat' dir='ltr'>facere</span> <span class='ocrx_word' id='word_1_389' title='bbox 439 2701 612 2744; x_wconf 88' lang='lat' dir='ltr'>voluerit,</span> <span class='ocrx_word' id='word_1_390' title='bbox 647 2701 708 2736; x_wconf 84' lang='lat' dir='ltr'>fiat</span> <span class='ocrx_word' id='word_1_391' title='bbox 742 2702 870 2736; x_wconf 82' lang='lat' dir='ltr'>taxatio</span> <span class='ocrx_word' id='word_1_392' title='bbox 906 2702 1107 2736; x_wconf 85' lang='lat' dir='ltr'>secundum</span> <span class='ocrx_word' id='word_1_393' title='bbox 1138 2702 1403 2736; x_wconf 86' lang='lat' dir='ltr'>estimationem</span> <span class='ocrx_word' id='word_1_394' title='bbox 1435 2701 1614 2735; x_wconf 90' lang='lat' dir='ltr'>bonorum</span> <span class='ocrx_word' id='word_1_395' title='bbox 1640 2701 1684 2735; x_wconf 88' lang='lat' dir='ltr'>ad</span> <span class='ocrx_word' id='word_1_396' title='bbox 1710 2701 2017 2747; x_wconf 87' lang='lat' dir='ltr'>comparationem</span> <span class='ocrx_word' id='word_1_397' title='bbox 2048 2701 2169 2735; x_wconf 87' lang='lat' dir='ltr'>totalis</span> 
     </span>
     <span class='ocr_line' id='line_1_35' title="bbox 293 2768 750 2815; baseline -0.002 -12"><span class='ocrx_word' id='word_1_398' title='bbox 293 2769 400 2815; x_wconf 88' lang='lat' dir='ltr'>pretii</span> <span class='ocrx_word' id='word_1_399' title='bbox 419 2768 551 2803; x_wconf 85' lang='lat' dir='ltr'>domus</span> <span class='ocrx_word' id='word_1_400' title='bbox 571 2769 750 2814; x_wconf 82' lang='lat' dir='ltr'>ejusdem.</span> 
     </span>
    </p>

    <p class='ocr_par' dir='ltr' id='par_1_17' title="bbox 382 2835 2170 2882">
     <span class='ocr_line' id='line_1_36' title="bbox 382 2835 2170 2882; baseline -0.001 -12"><span class='ocrx_word' id='word_1_401' title='bbox 382 2836 471 2870; x_wconf 88' lang='lat' dir='ltr'>Item</span> <span class='ocrx_word' id='word_1_402' title='bbox 492 2835 616 2870; x_wconf 81' lang='lat' dir='ltr'>nullus</span> <span class='ocrx_word' id='word_1_403' title='bbox 645 2847 758 2882; x_wconf 87' lang='lat' dir='ltr'>super</span> <span class='ocrx_word' id='word_1_404' title='bbox 782 2835 891 2870; x_wconf 84' lang='lat' dir='ltr'>alium</span> <span class='ocrx_word' id='word_1_405' title='bbox 921 2835 979 2870; x_wconf 90' lang='lat' dir='ltr'>vel</span> <span class='ocrx_word' id='word_1_406' title='bbox 1005 2835 1096 2870; x_wconf 85' lang='lat' dir='ltr'>alios</span> <span class='ocrx_word' id='word_1_407' title='bbox 1122 2835 1269 2870; x_wconf 89' lang='lat' dir='ltr'>domum</span> <span class='ocrx_word' id='word_1_408' title='bbox 1291 2836 1482 2878; x_wconf 81' lang='lat' dir='ltr'>conducat,</span> <span class='ocrx_word' id='word_1_409' title='bbox 1505 2835 1667 2881; x_wconf 87' lang='lat' dir='ltr'>quandiu</span> <span class='ocrx_word' id='word_1_410' title='bbox 1692 2841 1880 2869; x_wconf 85' lang='lat' dir='ltr'>manentes</span> <span class='ocrx_word' id='word_1_411' title='bbox 1900 2835 1938 2869; x_wconf 87' lang='lat' dir='ltr'>in</span> <span class='ocrx_word' id='word_1_412' title='bbox 1963 2835 2072 2869; x_wconf 92' lang='lat' dir='ltr'>domo</span> <span class='ocrx_word' id='word_1_413' title='bbox 2093 2847 2170 2868; x_wconf 86' lang='lat' dir='ltr'>eam</span> 
     </span>
    </p>
   </div>
   <div class='ocr_carea' id='block_1_11' title="bbox 294 2901 2172 2949">
    <p class='ocr_par' dir='ltr' id='par_1_18' title="bbox 294 2901 2172 2949">
     <span class='ocr_line' id='line_1_37' title="bbox 294 2901 2172 2949; baseline -0.001 -13"><span class='ocrx_word' id='word_1_414' title='bbox 294 2902 453 2937; x_wconf 89' lang='lat' dir='ltr'>retinere</span> <span class='ocrx_word' id='word_1_415' title='bbox 480 2902 679 2945; x_wconf 77' lang='lat' dir='ltr'>voluerint,</span> <span class='ocrx_word' id='word_1_416' title='bbox 699 2909 736 2937; x_wconf 88' lang='lat' dir='ltr'>et</span> <span class='ocrx_word' id='word_1_417' title='bbox 752 2902 908 2937; x_wconf 79' lang='lat' dir='ltr'>fecerint</span> <span class='ocrx_word' id='word_1_418' title='bbox 926 2903 1026 2949; x_wconf 90' lang='lat' dir='ltr'>quod</span> <span class='ocrx_word' id='word_1_419' title='bbox 1051 2902 1248 2937; x_wconf 88' lang='lat' dir='ltr'>debuerint</span> <span class='ocrx_word' id='word_1_420' title='bbox 1271 2903 1473 2937; x_wconf 84' lang='lat' dir='ltr'>secundum</span> <span class='ocrx_word' id='word_1_421' title='bbox 1501 2902 1806 2936; x_wconf 87' lang='lat' dir='ltr'>consuetudinem</span> <span class='ocrx_word' id='word_1_422' title='bbox 1832 2902 1944 2936; x_wconf 89' lang='lat' dir='ltr'>totius</span> <span class='ocrx_word' id='word_1_423' title='bbox 1964 2901 2050 2936; x_wconf 91' lang='lat' dir='ltr'>ville</span> <span class='ocrx_word' id='word_1_424' title='bbox 2074 2901 2172 2935; x_wconf 86' lang='lat' dir='ltr'>Pari-</span> 
     </span>
    </p>
   </div>
   <div class='ocr_carea' id='block_1_12' title="bbox 293 2969 2047 3053">
    <p class='ocr_par' dir='ltr' id='par_1_19' title="bbox 293 2969 2047 3053">
     <span class='ocr_line' id='line_1_38' title="bbox 293 2969 442 3003; baseline 0 0"><span class='ocrx_word' id='word_1_425' title='bbox 293 2969 442 3003; x_wconf 69' lang='lat' dir='ltr'>niensis.</span> 
     </span>
     <span class='ocr_line' id='line_1_39' title="bbox 419 3026 2047 3053; baseline -0.002 -1"><span class='ocrx_word' id='word_1_426' title='bbox 419 3027 516 3053; x_wconf 74' lang='lat' dir='ltr'>Chare.</span> <span class='ocrx_word' id='word_1_427' title='bbox 539 3027 618 3052; x_wconf 78' lang='lat' dir='ltr'>Um&#39;v.</span> <span class='ocrx_word' id='word_1_428' title='bbox 638 3027 732 3053; x_wconf 72' lang='lat' dir='ltr'>Parin.</span> <span class='ocrx_word' id='word_1_429' title='bbox 751 3027 772 3052; x_wconf 91' lang='grc'>1.</span> <span class='ocrx_word' id='word_1_430' title='bbox 2018 3026 2047 3049; x_wconf 79' lang='lat'>23</span> 
     </span>
    </p>
   </div>
  </div>
 </body>
</html>
