<?xml version="1.0" encoding="UTF-8"?>
<!DOCTYPE html PUBLIC "-//W3C//DTD XHTML 1.0 Transitional//EN"
    "http://www.w3.org/TR/xhtml1/DTD/xhtml1-transitional.dtd">
<html xmlns="http://www.w3.org/1999/xhtml" xml:lang="en" lang="en">
 <head>
  <title>
</title>
<meta http-equiv="Content-Type" content="text/html;charset=utf-8" />
  <meta name='ocr-system' content='tesseract 3.04.00' />
  <meta name='ocr-capabilities' content='ocr_page ocr_carea ocr_par ocr_line ocrx_word'/>
</head>
<body>
  <div class='ocr_page' id='page_1' title='image "./chartulariumuniv01univuoft_0685.png"; bbox 0 0 2580 3528; ppageno 0'>
   <div class='ocr_carea' id='block_1_1' title="bbox 0 0 178 3528">
    <p class='ocr_par' dir='ltr' id='par_1_1' title="bbox 0 0 178 3528">
     <span class='ocr_line' id='line_1_1' title="bbox 0 0 178 3528; baseline 0 0"><span class='ocrx_word' id='word_1_1' title='bbox 0 0 178 3528; x_wconf 95' lang='lat' dir='ltr'> </span> 
     </span>
    </p>
   </div>
   <div class='ocr_carea' id='block_1_2' title="bbox 233 395 2108 437">
    <p class='ocr_par' dir='ltr' id='par_1_2' title="bbox 233 395 2108 437">
     <span class='ocr_line' id='line_1_2' title="bbox 233 395 2108 437; baseline 0.002 -11"><span class='ocrx_word' id='word_1_2' title='bbox 233 395 331 437; x_wconf 84' lang='lat'><strong>1286]</strong></span> <span class='ocrx_word' id='word_1_3' title='bbox 581 404 629 427; x_wconf 65' lang='grc' dir='ltr'>ΑΒ</span> <span class='ocrx_word' id='word_1_4' title='bbox 661 404 768 427; x_wconf 66' lang='lat' dir='ltr'>nmo</span> <span class='ocrx_word' id='word_1_5' title='bbox 801 403 880 426; x_wconf 67' lang='lat' dir='ltr'>mcc</span> <span class='ocrx_word' id='word_1_6' title='bbox 913 403 1046 432; x_wconf 78' lang='lat' dir='ltr'>usQus</span> <span class='ocrx_word' id='word_1_7' title='bbox 1080 403 1129 426; x_wconf 70' lang='lat' dir='ltr'>AD</span> <span class='ocrx_word' id='word_1_8' title='bbox 1163 404 1393 426; x_wconf 72' lang='lat' dir='ltr'>PniLn’Pun</span> <span class='ocrx_word' id='word_1_9' title='bbox 1427 404 1468 426; x_wconf 90' lang='lat' dir='ltr'>1v</span> <span class='ocrx_word' id='word_1_10' title='bbox 1501 405 1590 427; x_wconf 72' lang='lat' dir='ltr'>nso.</span> <span class='ocrx_word' id='word_1_11' title='bbox 1627 406 1763 428; x_wconf 62' lang='lat' dir='ltr'>rame.</span> <span class='ocrx_word' id='word_1_12' title='bbox 2042 396 2108 429; x_wconf 83' lang='lat'>643</span> 
     </span>
    </p>
   </div>
   <div class='ocr_carea' id='block_1_3' title="bbox 231 477 2127 2673">
    <p class='ocr_par' dir='ltr' id='par_1_3' title="bbox 231 477 2125 2590">
     <span class='ocr_line' id='line_1_3' title="bbox 233 477 2106 523; baseline -0.001 -10"><span class='ocrx_word' id='word_1_13' title='bbox 233 486 369 513; x_wconf 87' lang='lat' dir='ltr'>temere</span> <span class='ocrx_word' id='word_1_14' title='bbox 397 477 595 519; x_wconf 87' lang='lat' dir='ltr'>veniendo,</span> <span class='ocrx_word' id='word_1_15' title='bbox 629 477 674 511; x_wconf 92' lang='lat' dir='ltr'>ad</span> <span class='ocrx_word' id='word_1_16' title='bbox 710 477 924 511; x_wconf 80' lang='lat' dir='ltr'>instanciam</span> <span class='ocrx_word' id='word_1_17' title='bbox 955 484 991 511; x_wconf 90' lang='lat' dir='ltr'>et</span> <span class='ocrx_word' id='word_1_18' title='bbox 1020 477 1319 523; x_wconf 80' lang='lat' dir='ltr'>procuracionem</span> <span class='ocrx_word' id='word_1_19' title='bbox 1348 477 1525 511; x_wconf 87' lang='lat' dir='ltr'>Johannis</span> <span class='ocrx_word' id='word_1_20' title='bbox 1556 479 1592 511; x_wconf 92' lang='lat' dir='ltr'>in</span> <span class='ocrx_word' id='word_1_21' title='bbox 1621 490 1765 512; x_wconf 83' lang='lat' dir='ltr'>causam</span> <span class='ocrx_word' id='word_1_22' title='bbox 1797 479 1951 520; x_wconf 70' lang='lat' dir='ltr'>trahere,</span> <span class='ocrx_word' id='word_1_23' title='bbox 1983 480 2106 520; x_wconf 91' lang='lat' dir='ltr'>citare,</span> 
     </span>
     <span class='ocr_line' id='line_1_4' title="bbox 231 544 2108 590; baseline -0.001 -10"><span class='ocrx_word' id='word_1_24' title='bbox 231 555 376 587; x_wconf 87' lang='lat' dir='ltr'>vexare,</span> <span class='ocrx_word' id='word_1_25' title='bbox 406 544 601 578; x_wconf 70' lang='lat' dir='ltr'><strong>molestare</strong></span> <span class='ocrx_word' id='word_1_26' title='bbox 635 551 671 578; x_wconf 91' lang='lat' dir='ltr'>et</span> <span class='ocrx_word' id='word_1_27' title='bbox 703 544 748 578; x_wconf 88' lang='lat' dir='ltr'>ad</span> <span class='ocrx_word' id='word_1_28' title='bbox 767 544 957 589; x_wconf 72' lang='lat' dir='ltr'>&#39;judicium</span> <span class='ocrx_word' id='word_1_29' title='bbox 987 556 1139 578; x_wconf 86' lang='lat' dir='ltr'>evocare</span> <span class='ocrx_word' id='word_1_30' title='bbox 1174 556 1248 577; x_wconf 90' lang='lat' dir='ltr'>non</span> <span class='ocrx_word' id='word_1_31' title='bbox 1280 544 1489 586; x_wconf 87' lang='lat' dir='ltr'>formidant,</span> <span class='ocrx_word' id='word_1_32' title='bbox 1519 551 1667 590; x_wconf 89' lang='lat' dir='ltr'>propter</span> <span class='ocrx_word' id='word_1_33' title='bbox 1701 557 1771 590; x_wconf 90' lang='lat' dir='ltr'>que</span> <span class='ocrx_word' id='word_1_34' title='bbox 1806 546 1922 590; x_wconf 88' lang='lat' dir='ltr'>ipsius</span> <span class='ocrx_word' id='word_1_35' title='bbox 1957 546 2108 579; x_wconf 85' lang='lat' dir='ltr'>scolaris</span> 
     </span>
     <span class='ocr_line' id='line_1_5' title="bbox 233 604 2108 657; baseline -0.001 -11"><span class='ocrx_word' id='word_1_36' title='bbox 233 604 394 646; x_wconf 80' lang='lat' dir='ltr'>studium</span> <span class='ocrx_word' id='word_1_37' title='bbox 421 610 673 657; x_wconf 86' lang='lat' dir='ltr'>multipliciter</span> <span class='ocrx_word' id='word_1_38' title='bbox 698 610 908 657; x_wconf 77' lang='lat' dir='ltr'><strong>impeditur.</strong></span> <span class='ocrx_word' id='word_1_39' title='bbox 938 611 1117 654; x_wconf 76' lang='lat' dir='ltr'><strong>Quocirca</strong></span> <span class='ocrx_word' id='word_1_40' title='bbox 1145 611 1264 644; x_wconf 89' lang='lat' dir='ltr'>dictus</span> <span class='ocrx_word' id='word_1_41' title='bbox 1292 610 1457 652; x_wconf 88' lang='lat' dir='ltr'>scolaris,</span> <span class='ocrx_word' id='word_1_42' title='bbox 1486 623 1669 652; x_wconf 85' lang='lat' dir='ltr'>asserens,</span> <span class='ocrx_word' id='word_1_43' title='bbox 1699 612 1876 656; x_wconf 79' lang='lat' dir='ltr'>premissa</span> <span class='ocrx_word' id='word_1_44' title='bbox 1905 612 1995 645; x_wconf 81' lang='lat' dir='ltr'>adeo</span> <span class='ocrx_word' id='word_1_45' title='bbox 2026 624 2108 645; x_wconf 77' lang='lat' dir='ltr'>csse</span> 
     </span>
     <span class='ocr_line' id='line_1_6' title="bbox 233 677 2108 724; baseline -0.001 -12"><span class='ocrx_word' id='word_1_46' title='bbox 233 690 300 724; x_wconf 89' lang='lat' dir='ltr'>pro</span> <span class='ocrx_word' id='word_1_47' title='bbox 323 678 407 712; x_wconf 83' lang='lat' dir='ltr'>facti</span> <span class='ocrx_word' id='word_1_48' title='bbox 432 684 468 711; x_wconf 90' lang='lat' dir='ltr'>et</span> <span class='ocrx_word' id='word_1_49' title='bbox 489 678 542 711; x_wconf 86' lang='lat' dir='ltr'>rei</span> <span class='ocrx_word' id='word_1_50' title='bbox 568 677 756 711; x_wconf 89' lang='lat' dir='ltr'>evidencia</span> <span class='ocrx_word' id='word_1_51' title='bbox 778 677 920 711; x_wconf 89' lang='lat' dir='ltr'>notoria</span> <span class='ocrx_word' id='word_1_52' title='bbox 945 684 981 711; x_wconf 90' lang='lat' dir='ltr'>et</span> <span class='ocrx_word' id='word_1_53' title='bbox 1005 677 1208 719; x_wconf 81' lang='lat' dir='ltr'>manifesta,</span> <span class='ocrx_word' id='word_1_54' title='bbox 1234 677 1332 723; x_wconf 92' lang='lat' dir='ltr'>quod</span> <span class='ocrx_word' id='word_1_55' title='bbox 1358 677 1456 711; x_wconf 85' lang='lat' dir='ltr'>nulla</span> <span class='ocrx_word' id='word_1_56' title='bbox 1480 684 1635 724; x_wconf 87' lang='lat' dir='ltr'><strong>possunt</strong></span> <span class='ocrx_word' id='word_1_57' title='bbox 1654 678 1962 723; x_wconf 86' lang='lat' dir='ltr'>tergiversacione</span> <span class='ocrx_word' id='word_1_58' title='bbox 1986 678 2108 719; x_wconf 82' lang='lat' dir='ltr'>celari,</span> 
     </span>
     <span class='ocr_line' id='line_1_7' title="bbox 233 744 2110 791; baseline -0.001 -13"><span class='ocrx_word' id='word_1_59' title='bbox 233 745 333 791; x_wconf 91' lang='lat' dir='ltr'>quod</span> <span class='ocrx_word' id='word_1_60' title='bbox 355 745 462 779; x_wconf 84' lang='lat' dir='ltr'>offert</span> <span class='ocrx_word' id='word_1_61' title='bbox 483 756 524 779; x_wconf 90' lang='lat' dir='ltr'>se</span> <span class='ocrx_word' id='word_1_62' title='bbox 549 745 669 778; x_wconf 89' lang='lat' dir='ltr'>dictus</span> <span class='ocrx_word' id='word_1_63' title='bbox 694 744 847 779; x_wconf 87' lang='lat' dir='ltr'>scolaris</span> <span class='ocrx_word' id='word_1_64' title='bbox 873 745 904 778; x_wconf 86' lang='lat' dir='ltr'>si</span> <span class='ocrx_word' id='word_1_65' title='bbox 929 756 1082 778; x_wconf 87' lang='lat' dir='ltr'>necesse</span> <span class='ocrx_word' id='word_1_66' title='bbox 1107 745 1218 778; x_wconf 75' lang='lat' dir='ltr'>suerit</span> <span class='ocrx_word' id='word_1_67' title='bbox 1241 756 1362 778; x_wconf 90' lang='lat' dir='ltr'>coram</span> <span class='ocrx_word' id='word_1_68' title='bbox 1389 744 1497 778; x_wconf 91' lang='lat' dir='ltr'>nobis</span> <span class='ocrx_word' id='word_1_69' title='bbox 1522 744 1700 790; x_wconf 83' lang='lat' dir='ltr'>legittime</span> <span class='ocrx_word' id='word_1_70' title='bbox 1726 744 1976 790; x_wconf 89' lang='lat' dir='ltr'>probaturum,</span> <span class='ocrx_word' id='word_1_71' title='bbox 2003 744 2110 777; x_wconf 85' lang='lat' dir='ltr'>nobis</span> 
     </span>
     <span class='ocr_line' id='line_1_8' title="bbox 234 811 2110 857; baseline -0.001 -12"><span class='ocrx_word' id='word_1_72' title='bbox 234 811 421 845; x_wconf 88' lang='lat' dir='ltr'>humiliter</span> <span class='ocrx_word' id='word_1_73' title='bbox 459 811 690 857; x_wconf 80' lang='lat' dir='ltr'>supplicavit,</span> <span class='ocrx_word' id='word_1_74' title='bbox 725 818 765 845; x_wconf 89' lang='lat' dir='ltr'>ut</span> <span class='ocrx_word' id='word_1_75' title='bbox 797 823 865 845; x_wconf 85' lang='lat' dir='ltr'>nos</span> <span class='ocrx_word' id='word_1_76' title='bbox 899 822 1011 857; x_wconf 88' lang='lat' dir='ltr'>super</span> <span class='ocrx_word' id='word_1_77' title='bbox 1047 811 1237 857; x_wconf 80' lang='lat' dir='ltr'>premissis</span> <span class='ocrx_word' id='word_1_78' title='bbox 1274 823 1318 844; x_wconf 86' lang='lat' dir='ltr'>ex</span> <span class='ocrx_word' id='word_1_79' title='bbox 1353 811 1469 845; x_wconf 78' lang='lat' dir='ltr'>nostri</span> <span class='ocrx_word' id='word_1_80' title='bbox 1505 811 1614 845; x_wconf 85' lang='lat' dir='ltr'>officii</span> <span class='ocrx_word' id='word_1_81' title='bbox 1649 811 1773 845; x_wconf 90' lang='lat' dir='ltr'>debito</span> <span class='ocrx_word' id='word_1_82' title='bbox 1808 811 1879 845; x_wconf 90' lang='lat' dir='ltr'>sibi</span> <span class='ocrx_word' id='word_1_83' title='bbox 1914 811 2110 845; x_wconf 87' lang='lat' dir='ltr'>subvenire</span> 
     </span>
     <span class='ocr_line' id='line_1_9' title="bbox 234 877 2112 925; baseline -0.001 -13"><span class='ocrx_word' id='word_1_84' title='bbox 234 890 398 924; x_wconf 89' lang='lat' dir='ltr'>congrue</span> <span class='ocrx_word' id='word_1_85' title='bbox 414 878 661 925; x_wconf 83' lang='lat' dir='ltr'>dignaremur.</span> <span class='ocrx_word' id='word_1_86' title='bbox 688 878 804 923; x_wconf 90' lang='lat' dir='ltr'>Cujus</span> <span class='ocrx_word' id='word_1_87' title='bbox 824 878 1005 924; x_wconf 88' lang='lat' dir='ltr'>siquidem</span> <span class='ocrx_word' id='word_1_88' title='bbox 1023 877 1175 912; x_wconf 87' lang='lat' dir='ltr'>scolaris</span> <span class='ocrx_word' id='word_1_89' title='bbox 1192 879 1292 923; x_wconf 87' lang='lat' dir='ltr'>juste</span> <span class='ocrx_word' id='word_1_90' title='bbox 1313 878 1576 924; x_wconf 89' lang='lat' dir='ltr'>supplicacioni</span> <span class='ocrx_word' id='word_1_91' title='bbox 1596 885 1800 912; x_wconf 78' lang='lat' dir='ltr'>annuentes</span> <span class='ocrx_word' id='word_1_92' title='bbox 1815 877 1921 912; x_wconf 91' lang='lat' dir='ltr'>vobis</span> <span class='ocrx_word' id='word_1_93' title='bbox 1941 878 2112 912; x_wconf 87' lang='lat' dir='ltr'>omnibus</span> 
     </span>
     <span class='ocr_line' id='line_1_10' title="bbox 236 944 2111 991; baseline 0 -13"><span class='ocrx_word' id='word_1_94' title='bbox 236 951 272 979; x_wconf 87' lang='lat' dir='ltr'>et</span> <span class='ocrx_word' id='word_1_95' title='bbox 300 945 459 991; x_wconf 88' lang='lat' dir='ltr'>singulis</span> <span class='ocrx_word' id='word_1_96' title='bbox 488 945 525 978; x_wconf 93' lang='lat' dir='ltr'>in</span> <span class='ocrx_word' id='word_1_97' title='bbox 554 945 688 979; x_wconf 88' lang='lat' dir='ltr'>virtute</span> <span class='ocrx_word' id='word_1_98' title='bbox 716 951 840 979; x_wconf 89' lang='lat' dir='ltr'>sancte</span> <span class='ocrx_word' id='word_1_99' title='bbox 868 944 1085 978; x_wconf 87' lang='lat' dir='ltr'>obediencie</span> <span class='ocrx_word' id='word_1_100' title='bbox 1119 944 1188 979; x_wconf 89' lang='lat' dir='ltr'>sub</span> <span class='ocrx_word' id='word_1_101' title='bbox 1219 957 1311 991; x_wconf 86' lang='lat' dir='ltr'>pena</span> <span class='ocrx_word' id='word_1_102' title='bbox 1345 945 1603 991; x_wconf 88' lang='lat' dir='ltr'>suspensionis</span> <span class='ocrx_word' id='word_1_103' title='bbox 1637 952 1673 979; x_wconf 89' lang='lat' dir='ltr'>et</span> <span class='ocrx_word' id='word_1_104' title='bbox 1706 945 2111 986; x_wconf 74' lang='lat' dir='ltr'>excommunicacionis,</span> 
     </span>
     <span class='ocr_line' id='line_1_11' title="bbox 237 1011 2112 1058; baseline 0 -13"><span class='ocrx_word' id='word_1_105' title='bbox 237 1023 343 1058; x_wconf 90' lang='lat' dir='ltr'>quam</span> <span class='ocrx_word' id='word_1_106' title='bbox 372 1011 431 1046; x_wconf 86' lang='lat' dir='ltr'>vel</span> <span class='ocrx_word' id='word_1_107' title='bbox 461 1023 551 1058; x_wconf 86' lang='lat' dir='ltr'>quas</span> <span class='ocrx_word' id='word_1_108' title='bbox 580 1012 619 1045; x_wconf 93' lang='lat' dir='ltr'>in</span> <span class='ocrx_word' id='word_1_109' title='bbox 645 1023 711 1045; x_wconf 64' lang='lat' dir='ltr'>vos</span> <span class='ocrx_word' id='word_1_110' title='bbox 740 1012 914 1054; x_wconf 78' lang='lat' dir='ltr'>feremus,</span> <span class='ocrx_word' id='word_1_111' title='bbox 945 1012 977 1045; x_wconf 90' lang='lat' dir='ltr'>si</span> <span class='ocrx_word' id='word_1_112' title='bbox 1006 1023 1161 1058; x_wconf 80' lang='lat' dir='ltr'>presens</span> <span class='ocrx_word' id='word_1_113' title='bbox 1195 1011 1401 1045; x_wconf 86' lang='lat' dir='ltr'>mandatum</span> <span class='ocrx_word' id='word_1_114' title='bbox 1436 1018 1601 1045; x_wconf 90' lang='lat' dir='ltr'>nostrum</span> <span class='ocrx_word' id='word_1_115' title='bbox 1632 1011 1869 1058; x_wconf 84' lang='lat' dir='ltr'>neglexeritis</span> <span class='ocrx_word' id='word_1_116' title='bbox 1899 1011 2112 1057; x_wconf 89' lang='lat' dir='ltr'>adimplere,</span> 
     </span>
     <span class='ocr_line' id='line_1_12' title="bbox 238 1078 2114 1125; baseline -0.001 -13"><span class='ocrx_word' id='word_1_117' title='bbox 238 1078 403 1112; x_wconf 85' lang='lat' dir='ltr'>districte</span> <span class='ocrx_word' id='word_1_118' title='bbox 433 1079 670 1125; x_wconf 86' lang='lat' dir='ltr'>precipiendo</span> <span class='ocrx_word' id='word_1_119' title='bbox 700 1079 912 1112; x_wconf 78' lang='lat' dir='ltr'>mandamus</span> <span class='ocrx_word' id='word_1_120' title='bbox 942 1079 1113 1124; x_wconf 88' lang='lat' dir='ltr'>quatinus</span> <span class='ocrx_word' id='word_1_121' title='bbox 1142 1078 1187 1112; x_wconf 88' lang='lat' dir='ltr'>ad</span> <span class='ocrx_word' id='word_1_122' title='bbox 1216 1078 1284 1112; x_wconf 89' lang='lat' dir='ltr'>hoc</span> <span class='ocrx_word' id='word_1_123' title='bbox 1314 1078 1520 1112; x_wconf 88' lang='lat' dir='ltr'>mandatum</span> <span class='ocrx_word' id='word_1_124' title='bbox 1551 1079 1803 1124; x_wconf 88' lang='lat' dir='ltr'>exequendum</span> <span class='ocrx_word' id='word_1_125' title='bbox 1834 1078 1924 1112; x_wconf 85' lang='lat' dir='ltr'>alter</span> <span class='ocrx_word' id='word_1_126' title='bbox 1953 1085 2114 1112; x_wconf 89' lang='lat' dir='ltr'>vestrum</span> 
     </span>
     <span class='ocr_line' id='line_1_13' title="bbox 237 1145 2115 1191; baseline -0.001 -12"><span class='ocrx_word' id='word_1_127' title='bbox 237 1145 390 1179; x_wconf 89' lang='lat' dir='ltr'>alterum</span> <span class='ocrx_word' id='word_1_128' title='bbox 411 1157 485 1179; x_wconf 92' lang='lat' dir='ltr'>non</span> <span class='ocrx_word' id='word_1_129' title='bbox 505 1152 701 1191; x_wconf 89' lang='lat' dir='ltr'>expectans</span> <span class='ocrx_word' id='word_1_130' title='bbox 721 1145 899 1179; x_wconf 87' lang='lat' dir='ltr'>moneatis</span> <span class='ocrx_word' id='word_1_131' title='bbox 919 1145 1117 1191; x_wconf 85' lang='lat' dir='ltr'>diligenter</span> <span class='ocrx_word' id='word_1_132' title='bbox 1137 1157 1180 1179; x_wconf 91' lang='lat' dir='ltr'>ex</span> <span class='ocrx_word' id='word_1_133' title='bbox 1205 1152 1305 1191; x_wconf 84' lang='lat' dir='ltr'>parte</span> <span class='ocrx_word' id='word_1_134' title='bbox 1333 1152 1455 1179; x_wconf 89' lang='lat' dir='ltr'>nostra</span> <span class='ocrx_word' id='word_1_135' title='bbox 1484 1145 1683 1191; x_wconf 85' lang='lat' dir='ltr'>predictos,</span> <span class='ocrx_word' id='word_1_136' title='bbox 1710 1152 1750 1179; x_wconf 91' lang='lat' dir='ltr'>ut</span> <span class='ocrx_word' id='word_1_137' title='bbox 1775 1145 1846 1191; x_wconf 91' lang='lat' dir='ltr'>ipsi</span> <span class='ocrx_word' id='word_1_138' title='bbox 1875 1145 2115 1179; x_wconf 91' lang='lat' dir='ltr'>incontinenti</span> 
     </span>
     <span class='ocr_line' id='line_1_14' title="bbox 238 1211 2116 1258; baseline -0.001 -12"><span class='ocrx_word' id='word_1_139' title='bbox 238 1218 323 1258; x_wconf 81' lang='lat' dir='ltr'>post</span> <span class='ocrx_word' id='word_1_140' title='bbox 355 1212 598 1246; x_wconf 89' lang='lat' dir='ltr'>monicionem</span> <span class='ocrx_word' id='word_1_141' title='bbox 627 1219 785 1246; x_wconf 86' lang='lat' dir='ltr'>vestram</span> <span class='ocrx_word' id='word_1_142' title='bbox 820 1211 891 1246; x_wconf 91' lang='lat' dir='ltr'>sibi</span> <span class='ocrx_word' id='word_1_143' title='bbox 925 1212 1051 1245; x_wconf 81' lang='lat' dir='ltr'>saetam</span> <span class='ocrx_word' id='word_1_144' title='bbox 1078 1224 1096 1245; x_wconf 89' lang='lat' dir='ltr'>a</span> <span class='ocrx_word' id='word_1_145' title='bbox 1127 1212 1256 1257; x_wconf 86' lang='lat' dir='ltr'>prefati</span> <span class='ocrx_word' id='word_1_146' title='bbox 1285 1212 1438 1246; x_wconf 84' lang='lat' dir='ltr'>scolaris</span> <span class='ocrx_word' id='word_1_147' title='bbox 1467 1219 1565 1246; x_wconf 88' lang='lat' dir='ltr'>extra</span> <span class='ocrx_word' id='word_1_148' title='bbox 1591 1212 1770 1246; x_wconf 87' lang='lat' dir='ltr'>civitatem</span> <span class='ocrx_word' id='word_1_149' title='bbox 1806 1212 2047 1245; x_wconf 88' lang='lat' dir='ltr'>Parisiensem</span> <span class='ocrx_word' id='word_1_150' title='bbox 2078 1212 2116 1245; x_wconf 89' lang='lat' dir='ltr'>in</span> 
     </span>
     <span class='ocr_line' id='line_1_15' title="bbox 239 1264 2116 1324; baseline -0.001 -12"><span class='ocrx_word' id='word_1_151' title='bbox 239 1290 383 1312; x_wconf 89' lang='lat' dir='ltr'>causam</span> <span class='ocrx_word' id='word_1_152' title='bbox 412 1278 610 1321; x_wconf 86' lang='lat' dir='ltr'>traceione,</span> <span class='ocrx_word' id='word_1_153' title='bbox 640 1279 831 1320; x_wconf 86' lang='lat' dir='ltr'>citacione,</span> <span class='ocrx_word' id='word_1_154' title='bbox 851 1279 1061 1319; x_wconf 81' lang='lat' dir='ltr'>vexacione,</span> <span class='ocrx_word' id='word_1_155' title='bbox 1091 1278 1351 1312; x_wconf 88' lang='lat' dir='ltr'>molestacione</span> <span class='ocrx_word' id='word_1_156' title='bbox 1372 1285 1408 1312; x_wconf 92' lang='lat' dir='ltr'>et</span> <span class='ocrx_word' id='word_1_157' title='bbox 1426 1279 1470 1312; x_wconf 86' lang='lat' dir='ltr'>ad</span> <span class='ocrx_word' id='word_1_158' title='bbox 1490 1279 1669 1324; x_wconf 90' lang='lat' dir='ltr'>judicium</span> <span class='ocrx_word' id='word_1_159' title='bbox 1698 1279 1915 1312; x_wconf 86' lang='lat' dir='ltr'>evocacione</span> <span class='ocrx_word' id='word_1_160' title='bbox 1943 1264 2116 1324; x_wconf 87' lang='lat' dir='ltr'>predictis</span> 
     </span>
     <span class='ocr_line' id='line_1_16' title="bbox 239 1343 2115 1391; baseline -0.001 -13"><span class='ocrx_word' id='word_1_161' title='bbox 239 1351 387 1379; x_wconf 86' lang='lat' dir='ltr'>cessent</span> <span class='ocrx_word' id='word_1_162' title='bbox 406 1345 553 1390; x_wconf 85' lang='lat' dir='ltr'>penitus</span> <span class='ocrx_word' id='word_1_163' title='bbox 573 1351 610 1379; x_wconf 91' lang='lat' dir='ltr'>et</span> <span class='ocrx_word' id='word_1_164' title='bbox 629 1345 821 1387; x_wconf 81' lang='lat' dir='ltr'>desistant,</span> <span class='ocrx_word' id='word_1_165' title='bbox 839 1351 874 1378; x_wconf 87' lang='lat' dir='ltr'>et</span> <span class='ocrx_word' id='word_1_166' title='bbox 894 1345 925 1378; x_wconf 86' lang='lat' dir='ltr'>si</span> <span class='ocrx_word' id='word_1_167' title='bbox 946 1345 1033 1390; x_wconf 92' lang='lat' dir='ltr'>quid</span> <span class='ocrx_word' id='word_1_168' title='bbox 1055 1351 1180 1378; x_wconf 82' lang='lat' dir='ltr'>contra</span> <span class='ocrx_word' id='word_1_169' title='bbox 1200 1345 1335 1378; x_wconf 88' lang='lat' dir='ltr'>dictum</span> <span class='ocrx_word' id='word_1_170' title='bbox 1357 1343 1535 1378; x_wconf 67' lang='lat' dir='ltr'>scolarem</span> <span class='ocrx_word' id='word_1_171' title='bbox 1556 1357 1621 1391; x_wconf 91' lang='lat' dir='ltr'>per</span> <span class='ocrx_word' id='word_1_172' title='bbox 1641 1357 1706 1379; x_wconf 91' lang='lat' dir='ltr'>eos</span> <span class='ocrx_word' id='word_1_173' title='bbox 1726 1345 1836 1379; x_wconf 84' lang='lat' dir='ltr'>suerit</span> <span class='ocrx_word' id='word_1_174' title='bbox 1855 1351 2115 1390; x_wconf 86' lang='lat' dir='ltr'>attemptatum,</span> 
     </span>
     <span class='ocr_line' id='line_1_17' title="bbox 239 1410 2119 1453; baseline -0.001 -8"><span class='ocrx_word' id='word_1_175' title='bbox 239 1411 329 1445; x_wconf 89' lang='lat' dir='ltr'>illud</span> <span class='ocrx_word' id='word_1_176' title='bbox 352 1418 525 1445; x_wconf 87' lang='lat' dir='ltr'>revocent</span> <span class='ocrx_word' id='word_1_177' title='bbox 544 1411 694 1445; x_wconf 90' lang='lat' dir='ltr'>indilate</span> <span class='ocrx_word' id='word_1_178' title='bbox 715 1418 751 1445; x_wconf 91' lang='lat' dir='ltr'>et</span> <span class='ocrx_word' id='word_1_179' title='bbox 770 1411 995 1445; x_wconf 89' lang='lat' dir='ltr'>denuncient</span> <span class='ocrx_word' id='word_1_180' title='bbox 1018 1410 1158 1444; x_wconf 90' lang='lat' dir='ltr'>nullum</span> <span class='ocrx_word' id='word_1_181' title='bbox 1184 1423 1282 1453; x_wconf 89' lang='lat' dir='ltr'>esse,</span> <span class='ocrx_word' id='word_1_182' title='bbox 1303 1423 1376 1445; x_wconf 90' lang='lat' dir='ltr'>non</span> <span class='ocrx_word' id='word_1_183' title='bbox 1397 1418 1521 1445; x_wconf 88' lang='lat' dir='ltr'>tenere</span> <span class='ocrx_word' id='word_1_184' title='bbox 1547 1423 1613 1445; x_wconf 91' lang='lat' dir='ltr'>nec</span> <span class='ocrx_word' id='word_1_185' title='bbox 1633 1411 1677 1445; x_wconf 85' lang='lat' dir='ltr'>ab</span> <span class='ocrx_word' id='word_1_186' title='bbox 1699 1412 1808 1445; x_wconf 90' lang='lat' dir='ltr'>inicio</span> <span class='ocrx_word' id='word_1_187' title='bbox 1834 1412 2010 1445; x_wconf 90' lang='lat' dir='ltr'>tenuisse.</span> <span class='ocrx_word' id='word_1_188' title='bbox 2033 1413 2119 1444; x_wconf 90' lang='lat' dir='ltr'>Pre-</span> 
     </span>
     <span class='ocr_line' id='line_1_18' title="bbox 239 1477 2120 1524; baseline -0.001 -12"><span class='ocrx_word' id='word_1_189' title='bbox 239 1478 424 1524; x_wconf 87' lang='lat' dir='ltr'>missaque</span> <span class='ocrx_word' id='word_1_190' title='bbox 445 1478 524 1512; x_wconf 87' lang='lat' dir='ltr'>fieri</span> <span class='ocrx_word' id='word_1_191' title='bbox 544 1478 650 1512; x_wconf 83' lang='lat' dir='ltr'>saciat</span> <span class='ocrx_word' id='word_1_192' title='bbox 669 1484 705 1512; x_wconf 91' lang='lat' dir='ltr'>et</span> <span class='ocrx_word' id='word_1_193' title='bbox 724 1478 803 1512; x_wconf 81' lang='lat' dir='ltr'>fieri</span> <span class='ocrx_word' id='word_1_194' title='bbox 825 1484 997 1524; x_wconf 89' lang='lat' dir='ltr'>procuret</span> <span class='ocrx_word' id='word_1_195' title='bbox 1017 1478 1136 1512; x_wconf 90' lang='lat' dir='ltr'>dictus</span> <span class='ocrx_word' id='word_1_196' title='bbox 1155 1479 1187 1512; x_wconf 88' lang='lat' dir='ltr'>J.</span> <span class='ocrx_word' id='word_1_197' title='bbox 1210 1478 1288 1511; x_wconf 89' lang='lat' dir='ltr'>suis</span> <span class='ocrx_word' id='word_1_198' title='bbox 1314 1477 1521 1524; x_wconf 89' lang='lat' dir='ltr'>sumptibus</span> <span class='ocrx_word' id='word_1_199' title='bbox 1541 1485 1576 1512; x_wconf 87' lang='lat' dir='ltr'>et</span> <span class='ocrx_word' id='word_1_200' title='bbox 1597 1478 1780 1524; x_wconf 84' lang='lat' dir='ltr'>expensis.</span> <span class='ocrx_word' id='word_1_201' title='bbox 1804 1480 1848 1512; x_wconf 89' lang='lat' dir='ltr'>Et</span> <span class='ocrx_word' id='word_1_202' title='bbox 1868 1490 1979 1524; x_wconf 88' lang='lat' dir='ltr'>super</span> <span class='ocrx_word' id='word_1_203' title='bbox 1999 1490 2120 1511; x_wconf 86' lang='lat' dir='ltr'>cessa-</span> 
     </span>
     <span class='ocr_line' id='line_1_19' title="bbox 239 1544 2120 1591; baseline 0 -12"><span class='ocrx_word' id='word_1_204' title='bbox 239 1545 357 1587; x_wconf 89' lang='lat' dir='ltr'>cione,</span> <span class='ocrx_word' id='word_1_205' title='bbox 393 1545 631 1579; x_wconf 85' lang='lat' dir='ltr'>revocacione</span> <span class='ocrx_word' id='word_1_206' title='bbox 661 1551 698 1579; x_wconf 91' lang='lat' dir='ltr'>et</span> <span class='ocrx_word' id='word_1_207' title='bbox 723 1545 1013 1579; x_wconf 86' lang='lat' dir='ltr'>denunciacione</span> <span class='ocrx_word' id='word_1_208' title='bbox 1041 1545 1233 1591; x_wconf 87' lang='lat' dir='ltr'>premissis</span> <span class='ocrx_word' id='word_1_209' title='bbox 1262 1557 1331 1578; x_wconf 92' lang='lat' dir='ltr'>nos</span> <span class='ocrx_word' id='word_1_210' title='bbox 1366 1545 1519 1579; x_wconf 87' lang='lat' dir='ltr'>reddant</span> <span class='ocrx_word' id='word_1_211' title='bbox 1556 1556 1621 1590; x_wconf 91' lang='lat' dir='ltr'>per</span> <span class='ocrx_word' id='word_1_212' title='bbox 1655 1557 1739 1578; x_wconf 87' lang='lat' dir='ltr'>suas</span> <span class='ocrx_word' id='word_1_213' title='bbox 1779 1552 1943 1590; x_wconf 87' lang='lat' dir='ltr'>patentes</span> <span class='ocrx_word' id='word_1_214' title='bbox 1980 1544 2120 1579; x_wconf 84' lang='lat' dir='ltr'>litteras</span> 
     </span>
     <span class='ocr_line' id='line_1_20' title="bbox 239 1611 2122 1658; baseline -0.001 -13"><span class='ocrx_word' id='word_1_215' title='bbox 239 1612 430 1654; x_wconf 85' lang='lat' dir='ltr'>certiores,</span> <span class='ocrx_word' id='word_1_216' title='bbox 448 1611 556 1646; x_wconf 88' lang='lat' dir='ltr'>nohis</span> <span class='ocrx_word' id='word_1_217' title='bbox 578 1623 643 1658; x_wconf 89' lang='lat' dir='ltr'>per</span> <span class='ocrx_word' id='word_1_218' title='bbox 658 1611 809 1646; x_wconf 89' lang='lat' dir='ltr'>latorem</span> <span class='ocrx_word' id='word_1_219' title='bbox 827 1612 1058 1658; x_wconf 89' lang='lat' dir='ltr'>presencium</span> <span class='ocrx_word' id='word_1_220' title='bbox 1075 1611 1323 1646; x_wconf 84' lang='lat' dir='ltr'>destinandas.</span> <span class='ocrx_word' id='word_1_221' title='bbox 1341 1611 1397 1645; x_wconf 86' lang='lat' dir='ltr'>Ad</span> <span class='ocrx_word' id='word_1_222' title='bbox 1418 1623 1488 1657; x_wconf 92' lang='lat' dir='ltr'>que</span> <span class='ocrx_word' id='word_1_223' title='bbox 1505 1612 1625 1645; x_wconf 86' lang='lat' dir='ltr'>omnia</span> <span class='ocrx_word' id='word_1_224' title='bbox 1641 1618 1677 1645; x_wconf 86' lang='lat' dir='ltr'>et</span> <span class='ocrx_word' id='word_1_225' title='bbox 1692 1611 1837 1658; x_wconf 87' lang='lat' dir='ltr'>singula</span> <span class='ocrx_word' id='word_1_226' title='bbox 1853 1611 2016 1645; x_wconf 82' lang='lat' dir='ltr'>facienda</span> <span class='ocrx_word' id='word_1_227' title='bbox 2034 1612 2122 1657; x_wconf 87' lang='lat' dir='ltr'>petit</span> 
     </span>
     <span class='ocr_line' id='line_1_21' title="bbox 241 1677 2121 1724; baseline -0.001 -12"><span class='ocrx_word' id='word_1_228' title='bbox 241 1677 362 1712; x_wconf 90' lang='lat' dir='ltr'>dictus</span> <span class='ocrx_word' id='word_1_229' title='bbox 377 1677 531 1712; x_wconf 85' lang='lat' dir='ltr'>scolaris</span> <span class='ocrx_word' id='word_1_230' title='bbox 552 1678 738 1724; x_wconf 89' lang='lat' dir='ltr'>predictos</span> <span class='ocrx_word' id='word_1_231' title='bbox 758 1677 830 1712; x_wconf 88' lang='lat' dir='ltr'>sibi</span> <span class='ocrx_word' id='word_1_232' title='bbox 850 1690 916 1724; x_wconf 89' lang='lat' dir='ltr'>per</span> <span class='ocrx_word' id='word_1_233' title='bbox 935 1690 1004 1712; x_wconf 90' lang='lat' dir='ltr'>nos</span> <span class='ocrx_word' id='word_1_234' title='bbox 1024 1678 1285 1724; x_wconf 89' lang='lat' dir='ltr'>condempnari</span> <span class='ocrx_word' id='word_1_235' title='bbox 1306 1684 1341 1712; x_wconf 91' lang='lat' dir='ltr'>et</span> <span class='ocrx_word' id='word_1_236' title='bbox 1361 1678 1545 1724; x_wconf 89' lang='lat' dir='ltr'>compelli,</span> <span class='ocrx_word' id='word_1_237' title='bbox 1562 1678 1724 1724; x_wconf 88' lang='lat' dir='ltr'>alioquin</span> <span class='ocrx_word' id='word_1_238' title='bbox 1746 1679 1861 1724; x_wconf 85' lang='lat' dir='ltr'>ipsos,</span> <span class='ocrx_word' id='word_1_239' title='bbox 1879 1690 1971 1724; x_wconf 87' lang='lat' dir='ltr'>quos</span> <span class='ocrx_word' id='word_1_240' title='bbox 1993 1678 2029 1711; x_wconf 90' lang='lat' dir='ltr'>in</span> <span class='ocrx_word' id='word_1_241' title='bbox 2050 1677 2121 1711; x_wconf 88' lang='lat' dir='ltr'>hiis</span> 
     </span>
     <span class='ocr_line' id='line_1_22' title="bbox 241 1744 2120 1791; baseline 0 -13"><span class='ocrx_word' id='word_1_242' title='bbox 241 1745 389 1790; x_wconf 88' lang='lat' dir='ltr'>scriptis</span> <span class='ocrx_word' id='word_1_243' title='bbox 409 1751 559 1791; x_wconf 91' lang='lat' dir='ltr'>propter</span> <span class='ocrx_word' id='word_1_244' title='bbox 578 1744 647 1778; x_wconf 89' lang='lat' dir='ltr'>hoc</span> <span class='ocrx_word' id='word_1_245' title='bbox 668 1745 1038 1787; x_wconf 84' lang='lat' dir='ltr'>excommunicamus,</span> <span class='ocrx_word' id='word_1_246' title='bbox 1055 1745 1386 1779; x_wconf 88' lang='lat' dir='ltr'>excommunicatos</span> <span class='ocrx_word' id='word_1_247' title='bbox 1403 1757 1421 1778; x_wconf 90' lang='lat' dir='ltr'>a</span> <span class='ocrx_word' id='word_1_248' title='bbox 1438 1744 1545 1779; x_wconf 91' lang='lat' dir='ltr'>nobis</span> <span class='ocrx_word' id='word_1_249' title='bbox 1566 1744 1680 1791; x_wconf 87' lang='lat' dir='ltr'>palam</span> <span class='ocrx_word' id='word_1_250' title='bbox 1703 1751 1739 1778; x_wconf 89' lang='lat' dir='ltr'>et</span> <span class='ocrx_word' id='word_1_251' title='bbox 1758 1744 1904 1790; x_wconf 89' lang='lat' dir='ltr'>publice</span> <span class='ocrx_word' id='word_1_252' title='bbox 1925 1745 2120 1787; x_wconf 86' lang='lat' dir='ltr'>nuncictis,</span> 
     </span>
     <span class='ocr_line' id='line_1_23' title="bbox 243 1811 2121 1858; baseline -0.001 -13"><span class='ocrx_word' id='word_1_253' title='bbox 243 1811 314 1845; x_wconf 91' lang='lat' dir='ltr'>nisi</span> <span class='ocrx_word' id='word_1_254' title='bbox 335 1823 478 1845; x_wconf 86' lang='lat' dir='ltr'>causam</span> <span class='ocrx_word' id='word_1_255' title='bbox 504 1811 744 1858; x_wconf 86' lang='lat' dir='ltr'>allegaverint</span> <span class='ocrx_word' id='word_1_256' title='bbox 769 1811 963 1854; x_wconf 86' lang='lat' dir='ltr'>efficacem,</span> <span class='ocrx_word' id='word_1_257' title='bbox 985 1823 1096 1857; x_wconf 86' lang='lat' dir='ltr'>quare</span> <span class='ocrx_word' id='word_1_258' title='bbox 1116 1811 1160 1845; x_wconf 90' lang='lat' dir='ltr'>ad</span> <span class='ocrx_word' id='word_1_259' title='bbox 1182 1811 1250 1845; x_wconf 83' lang='lat' dir='ltr'>hoc</span> <span class='ocrx_word' id='word_1_260' title='bbox 1271 1812 1419 1845; x_wconf 88' lang='lat' dir='ltr'>minime</span> <span class='ocrx_word' id='word_1_261' title='bbox 1444 1818 1647 1845; x_wconf 88' lang='lat' dir='ltr'>teneantur.</span> <span class='ocrx_word' id='word_1_262' title='bbox 1669 1812 1782 1855; x_wconf 85' lang='lat' dir='ltr'>Quam</span> <span class='ocrx_word' id='word_1_263' title='bbox 1805 1811 1836 1845; x_wconf 91' lang='lat' dir='ltr'>si</span> <span class='ocrx_word' id='word_1_264' title='bbox 1856 1811 2121 1857; x_wconf 89' lang='lat' dir='ltr'>pretenderint,</span> 
     </span>
     <span class='ocr_line' id='line_1_24' title="bbox 242 1877 2122 1924; baseline -0.001 -12"><span class='ocrx_word' id='word_1_265' title='bbox 242 1877 363 1912; x_wconf 88' lang='lat' dir='ltr'>citetis</span> <span class='ocrx_word' id='word_1_266' title='bbox 397 1890 462 1912; x_wconf 89' lang='lat' dir='ltr'>eos</span> <span class='ocrx_word' id='word_1_267' title='bbox 496 1878 742 1924; x_wconf 88' lang='lat' dir='ltr'>peremptorie</span> <span class='ocrx_word' id='word_1_268' title='bbox 775 1890 895 1912; x_wconf 88' lang='lat' dir='ltr'>coram</span> <span class='ocrx_word' id='word_1_269' title='bbox 931 1877 1039 1912; x_wconf 90' lang='lat' dir='ltr'>nobis</span> <span class='ocrx_word' id='word_1_270' title='bbox 1073 1878 1234 1912; x_wconf 90' lang='lat' dir='ltr'>Parisius</span> <span class='ocrx_word' id='word_1_271' title='bbox 1269 1877 1326 1912; x_wconf 92' lang='lat' dir='ltr'>vel</span> <span class='ocrx_word' id='word_1_272' title='bbox 1359 1890 1478 1912; x_wconf 84' lang='lat' dir='ltr'>coram</span> <span class='ocrx_word' id='word_1_273' title='bbox 1509 1878 1624 1912; x_wconf 87' lang='lat' dir='ltr'>dictas</span> <span class='ocrx_word' id='word_1_274' title='bbox 1653 1878 1752 1912; x_wconf 89' lang='lat' dir='ltr'>vices</span> <span class='ocrx_word' id='word_1_275' title='bbox 1783 1885 1867 1911; x_wconf 92' lang='lat' dir='ltr'>tunc</span> <span class='ocrx_word' id='word_1_276' title='bbox 1897 1884 2048 1923; x_wconf 85' lang='lat' dir='ltr'>gerente</span> <span class='ocrx_word' id='word_1_277' title='bbox 2078 1878 2122 1911; x_wconf 86' lang='lat' dir='ltr'>ad</span> 
     </span>
     <span class='ocr_line' id='line_1_25' title="bbox 245 1944 2121 1991; baseline 0.001 -15"><span class='ocrx_word' id='word_1_278' title='bbox 245 1959 261 1976; x_wconf 81' lang='grc' dir='ltr'>α</span> <span class='ocrx_word' id='word_1_279' title='bbox 292 1944 397 1978; x_wconf 80' lang='lat' dir='ltr'>talem</span> <span class='ocrx_word' id='word_1_280' title='bbox 427 1958 443 1975; x_wconf 70' lang='grc' dir='ltr'>ι)</span> <span class='ocrx_word' id='word_1_281' title='bbox 476 1945 571 1978; x_wconf 86' lang='lat' dir='ltr'>diem</span> <span class='ocrx_word' id='word_1_282' title='bbox 603 1945 734 1979; x_wconf 88' lang='lat' dir='ltr'>dictam</span> <span class='ocrx_word' id='word_1_283' title='bbox 764 1957 909 1979; x_wconf 88' lang='lat' dir='ltr'>causam</span> <span class='ocrx_word' id='word_1_284' title='bbox 937 1944 1173 1991; x_wconf 79' lang='lat' dir='ltr'>allegaturos,</span> <span class='ocrx_word' id='word_1_285' title='bbox 1204 1951 1421 1979; x_wconf 86' lang='lat' dir='ltr'>ostensuros</span> <span class='ocrx_word' id='word_1_286' title='bbox 1448 1951 1484 1978; x_wconf 88' lang='lat' dir='ltr'>et</span> <span class='ocrx_word' id='word_1_287' title='bbox 1510 1945 1542 1978; x_wconf 90' lang='lat' dir='ltr'>si</span> <span class='ocrx_word' id='word_1_288' title='bbox 1571 1956 1724 1979; x_wconf 90' lang='lat' dir='ltr'>necesse</span> <span class='ocrx_word' id='word_1_289' title='bbox 1754 1945 1862 1978; x_wconf 88' lang='lat' dir='ltr'>suerit</span> <span class='ocrx_word' id='word_1_290' title='bbox 1890 1944 2121 1990; x_wconf 87' lang='lat' dir='ltr'>probaturos,</span> 
     </span>
     <span class='ocr_line' id='line_1_26' title="bbox 244 2010 2123 2058; baseline -0.001 -13"><span class='ocrx_word' id='word_1_291' title='bbox 244 2010 426 2057; x_wconf 83' lang='lat' dir='ltr'>nobisque</span> <span class='ocrx_word' id='word_1_292' title='bbox 454 2023 499 2045; x_wconf 90' lang='lat' dir='ltr'>ex</span> <span class='ocrx_word' id='word_1_293' title='bbox 518 2011 638 2045; x_wconf 83' lang='lat' dir='ltr'>officio</span> <span class='ocrx_word' id='word_1_294' title='bbox 667 2018 792 2046; x_wconf 88' lang='lat' dir='ltr'>nostro</span> <span class='ocrx_word' id='word_1_295' title='bbox 822 2011 881 2046; x_wconf 87' lang='lat' dir='ltr'>vel</span> <span class='ocrx_word' id='word_1_296' title='bbox 907 2011 961 2045; x_wconf 90' lang='lat' dir='ltr'>illi</span> <span class='ocrx_word' id='word_1_297' title='bbox 991 2018 1076 2045; x_wconf 92' lang='lat' dir='ltr'>tunc</span> <span class='ocrx_word' id='word_1_298' title='bbox 1102 2011 1217 2045; x_wconf 88' lang='lat' dir='ltr'>dictas</span> <span class='ocrx_word' id='word_1_299' title='bbox 1237 2011 1337 2046; x_wconf 91' lang='lat' dir='ltr'>vices</span> <span class='ocrx_word' id='word_1_300' title='bbox 1366 2012 1509 2058; x_wconf 84' lang='lat' dir='ltr'>gerenti</span> <span class='ocrx_word' id='word_1_301' title='bbox 1536 2011 1581 2045; x_wconf 88' lang='lat' dir='ltr'>ad</span> <span class='ocrx_word' id='word_1_302' title='bbox 1607 2011 1798 2045; x_wconf 89' lang='lat' dir='ltr'>obicienda</span> <span class='ocrx_word' id='word_1_303' title='bbox 1819 2018 1855 2045; x_wconf 89' lang='lat' dir='ltr'>et</span> <span class='ocrx_word' id='word_1_304' title='bbox 1874 2011 1970 2045; x_wconf 89' lang='lat' dir='ltr'>dicto</span> <span class='ocrx_word' id='word_1_305' title='bbox 1991 2011 2123 2045; x_wconf 88' lang='lat' dir='ltr'>scolari</span> 
     </span>
     <span class='ocr_line' id='line_1_27' title="bbox 245 2077 2124 2124; baseline -0.001 -12"><span class='ocrx_word' id='word_1_306' title='bbox 245 2089 357 2124; x_wconf 81' lang='lat' dir='ltr'>super</span> <span class='ocrx_word' id='word_1_307' title='bbox 382 2078 460 2112; x_wconf 82' lang='lat' dir='ltr'>suis</span> <span class='ocrx_word' id='word_1_308' title='bbox 489 2078 672 2124; x_wconf 87' lang='lat' dir='ltr'>dampnis,</span> <span class='ocrx_word' id='word_1_309' title='bbox 701 2079 874 2124; x_wconf 90' lang='lat' dir='ltr'>expensis</span> <span class='ocrx_word' id='word_1_310' title='bbox 904 2085 940 2112; x_wconf 87' lang='lat' dir='ltr'>et</span> <span class='ocrx_word' id='word_1_311' title='bbox 969 2078 1149 2112; x_wconf 87' lang='lat' dir='ltr'>interesse</span> <span class='ocrx_word' id='word_1_312' title='bbox 1180 2078 1278 2124; x_wconf 91' lang='lat' dir='ltr'>quod</span> <span class='ocrx_word' id='word_1_313' title='bbox 1302 2079 1442 2124; x_wconf 87' lang='lat' dir='ltr'>justum</span> <span class='ocrx_word' id='word_1_314' title='bbox 1474 2078 1584 2112; x_wconf 84' lang='lat' dir='ltr'>suerit</span> <span class='ocrx_word' id='word_1_315' title='bbox 1615 2090 1875 2124; x_wconf 86' lang='lat' dir='ltr'>responsuros.</span> <span class='ocrx_word' id='word_1_316' title='bbox 1912 2077 2124 2111; x_wconf 77' lang='lat' dir='ltr'>inhibentes</span> 
     </span>
     <span class='ocr_line' id='line_1_28' title="bbox 245 2143 2124 2191; baseline -0.001 -13"><span class='ocrx_word' id='word_1_317' title='bbox 245 2143 507 2179; x_wconf 87' lang='lat' dir='ltr'>nichilominus</span> <span class='ocrx_word' id='word_1_318' title='bbox 527 2145 703 2191; x_wconf 83' lang='lat' dir='ltr'>predictis</span> <span class='ocrx_word' id='word_1_319' title='bbox 729 2145 798 2179; x_wconf 90' lang='lat' dir='ltr'>sub</span> <span class='ocrx_word' id='word_1_320' title='bbox 828 2157 920 2191; x_wconf 87' lang='lat' dir='ltr'>pena</span> <span class='ocrx_word' id='word_1_321' title='bbox 940 2145 1126 2187; x_wconf 88' lang='lat' dir='ltr'>canonica,</span> <span class='ocrx_word' id='word_1_322' title='bbox 1148 2157 1193 2178; x_wconf 90' lang='lat' dir='ltr'>ne</span> <span class='ocrx_word' id='word_1_323' title='bbox 1214 2145 1273 2179; x_wconf 88' lang='lat' dir='ltr'>die</span> <span class='ocrx_word' id='word_1_324' title='bbox 1294 2152 1331 2179; x_wconf 90' lang='lat' dir='ltr'>et</span> <span class='ocrx_word' id='word_1_325' title='bbox 1350 2144 1412 2179; x_wconf 89' lang='lat' dir='ltr'>lite</span> <span class='ocrx_word' id='word_1_326' title='bbox 1433 2144 1679 2191; x_wconf 91' lang='lat' dir='ltr'>pendentibus</span> <span class='ocrx_word' id='word_1_327' title='bbox 1706 2156 1825 2178; x_wconf 88' lang='lat' dir='ltr'>coram</span> <span class='ocrx_word' id='word_1_328' title='bbox 1854 2144 1961 2178; x_wconf 86' lang='lat' dir='ltr'>nobis</span> <span class='ocrx_word' id='word_1_329' title='bbox 1987 2145 2124 2190; x_wconf 90' lang='lat' dir='ltr'>aliquid</span> 
     </span>
     <span class='ocr_line' id='line_1_29' title="bbox 246 2210 2125 2258; baseline 0 -14"><span class='ocrx_word' id='word_1_330' title='bbox 246 2217 371 2244; x_wconf 83' lang='lat' dir='ltr'>contra</span> <span class='ocrx_word' id='word_1_331' title='bbox 405 2210 542 2245; x_wconf 89' lang='lat' dir='ltr'>dictum</span> <span class='ocrx_word' id='word_1_332' title='bbox 575 2211 754 2245; x_wconf 83' lang='lat' dir='ltr'>scolarem</span> <span class='ocrx_word' id='word_1_333' title='bbox 788 2211 825 2245; x_wconf 92' lang='lat' dir='ltr'>in</span> <span class='ocrx_word' id='word_1_334' title='bbox 859 2218 984 2246; x_wconf 88' lang='lat' dir='ltr'>nostre</span> <span class='ocrx_word' id='word_1_335' title='bbox 1012 2211 1291 2257; x_wconf 87' lang='lat' dir='ltr'>jurisdiccionis</span> <span class='ocrx_word' id='word_1_336' title='bbox 1326 2211 1567 2258; x_wconf 87' lang='lat' dir='ltr'>prejudicium</span> <span class='ocrx_word' id='word_1_337' title='bbox 1601 2218 1826 2257; x_wconf 87' lang='lat' dir='ltr'>attemptent,</span> <span class='ocrx_word' id='word_1_338' title='bbox 1857 2211 2033 2245; x_wconf 86' lang='lat' dir='ltr'>innovent</span> <span class='ocrx_word' id='word_1_339' title='bbox 2065 2218 2125 2244; x_wconf 89' lang='lat' dir='ltr'>aut</span> 
     </span>
     <span class='ocr_line' id='line_1_30' title="bbox 246 2277 2125 2324; baseline 0.001 -14"><span class='ocrx_word' id='word_1_340' title='bbox 246 2277 440 2318; x_wconf 88' lang='lat' dir='ltr'>inmutent,</span> <span class='ocrx_word' id='word_1_341' title='bbox 461 2278 678 2324; x_wconf 87' lang='lat' dir='ltr'>attemptari,</span> <span class='ocrx_word' id='word_1_342' title='bbox 700 2278 865 2312; x_wconf 85' lang='lat' dir='ltr'>innovari</span> <span class='ocrx_word' id='word_1_343' title='bbox 891 2285 952 2312; x_wconf 88' lang='lat' dir='ltr'>aut</span> <span class='ocrx_word' id='word_1_344' title='bbox 976 2279 1146 2312; x_wconf 85' lang='lat' dir='ltr'>inmutari</span> <span class='ocrx_word' id='word_1_345' title='bbox 1171 2278 1300 2312; x_wconf 84' lang='lat' dir='ltr'>saciant</span> <span class='ocrx_word' id='word_1_346' title='bbox 1328 2290 1393 2312; x_wconf 88' lang='lat' dir='ltr'>seu</span> <span class='ocrx_word' id='word_1_347' title='bbox 1419 2278 1498 2312; x_wconf 85' lang='lat' dir='ltr'>fieri</span> <span class='ocrx_word' id='word_1_348' title='bbox 1520 2285 1727 2324; x_wconf 86' lang='lat' dir='ltr'>procurent.</span> <span class='ocrx_word' id='word_1_349' title='bbox 1752 2279 1795 2311; x_wconf 86' lang='lat' dir='ltr'>Et</span> <span class='ocrx_word' id='word_1_350' title='bbox 1815 2278 1901 2323; x_wconf 90' lang='lat' dir='ltr'>quid</span> <span class='ocrx_word' id='word_1_351' title='bbox 1924 2277 2008 2311; x_wconf 88' lang='lat' dir='ltr'>inde</span> <span class='ocrx_word' id='word_1_352' title='bbox 2029 2278 2125 2311; x_wconf 87' lang='lat' dir='ltr'>sece-</span> 
     </span>
     <span class='ocr_line' id='line_1_31' title="bbox 247 2342 2125 2390; baseline 0 -13"><span class='ocrx_word' id='word_1_353' title='bbox 247 2343 341 2385; x_wconf 88' lang='lat' dir='ltr'>ritis,</span> <span class='ocrx_word' id='word_1_354' title='bbox 380 2342 487 2378; x_wconf 81' lang='lat' dir='ltr'>nobis</span> <span class='ocrx_word' id='word_1_355' title='bbox 516 2343 676 2378; x_wconf 87' lang='lat' dir='ltr'>fideliter</span> <span class='ocrx_word' id='word_1_356' title='bbox 708 2344 931 2387; x_wconf 83' lang='lat' dir='ltr'>rescribatis,</span> <span class='ocrx_word' id='word_1_357' title='bbox 964 2357 1037 2378; x_wconf 93' lang='lat' dir='ltr'>non</span> <span class='ocrx_word' id='word_1_358' title='bbox 1072 2344 1239 2379; x_wconf 86' lang='lat' dir='ltr'>obstante</span> <span class='ocrx_word' id='word_1_359' title='bbox 1276 2345 1374 2390; x_wconf 91' lang='lat' dir='ltr'>quod</span> <span class='ocrx_word' id='word_1_360' title='bbox 1409 2345 1588 2378; x_wconf 88' lang='lat' dir='ltr'>dictorum</span> <span class='ocrx_word' id='word_1_361' title='bbox 1624 2344 1900 2390; x_wconf 82' lang='lat' dir='ltr'>privilegiorum</span> <span class='ocrx_word' id='word_1_362' title='bbox 1930 2356 2125 2378; x_wconf 88' lang='lat' dir='ltr'>conserva-</span> 
     </span>
     <span class='ocr_line' id='line_1_32' title="bbox 248 2410 2124 2457; baseline 0 -13"><span class='ocrx_word' id='word_1_363' title='bbox 248 2410 391 2444; x_wconf 81' lang='lat' dir='ltr'>cionem</span> <span class='ocrx_word' id='word_1_364' title='bbox 419 2417 455 2444; x_wconf 90' lang='lat' dir='ltr'>et</span> <span class='ocrx_word' id='word_1_365' title='bbox 480 2411 777 2445; x_wconf 83' lang='lat' dir='ltr'>commissionem</span> <span class='ocrx_word' id='word_1_366' title='bbox 806 2411 913 2445; x_wconf 86' lang='lat' dir='ltr'>nobis</span> <span class='ocrx_word' id='word_1_367' title='bbox 942 2412 1068 2445; x_wconf 83' lang='lat' dir='ltr'>saetam</span> <span class='ocrx_word' id='word_1_368' title='bbox 1099 2411 1205 2445; x_wconf 88' lang='lat' dir='ltr'>vobis</span> <span class='ocrx_word' id='word_1_369' title='bbox 1234 2423 1307 2445; x_wconf 92' lang='lat' dir='ltr'>non</span> <span class='ocrx_word' id='word_1_370' title='bbox 1338 2411 1525 2453; x_wconf 87' lang='lat' dir='ltr'>mittimus,</span> <span class='ocrx_word' id='word_1_371' title='bbox 1555 2411 1638 2457; x_wconf 87' lang='lat' dir='ltr'>quia</span> <span class='ocrx_word' id='word_1_372' title='bbox 1666 2423 1739 2444; x_wconf 90' lang='lat' dir='ltr'>non</span> <span class='ocrx_word' id='word_1_373' title='bbox 1768 2411 2028 2445; x_wconf 85' lang='lat' dir='ltr'>consuevimus</span> <span class='ocrx_word' id='word_1_374' title='bbox 2059 2423 2124 2445; x_wconf 92' lang='lat' dir='ltr'>nec</span> 
     </span>
     <span class='ocr_line' id='line_1_33' title="bbox 249 2476 2123 2523; baseline 0.001 -13"><span class='ocrx_word' id='word_1_375' title='bbox 249 2476 426 2511; x_wconf 86' lang='lat' dir='ltr'>audemus</span> <span class='ocrx_word' id='word_1_376' title='bbox 450 2483 600 2523; x_wconf 83' lang='lat' dir='ltr'>propter</span> <span class='ocrx_word' id='word_1_377' title='bbox 619 2477 756 2511; x_wconf 84' lang='lat' dir='ltr'>viarum</span> <span class='ocrx_word' id='word_1_378' title='bbox 783 2477 958 2523; x_wconf 82' lang='lat' dir='ltr'>pericula,</span> <span class='ocrx_word' id='word_1_379' title='bbox 984 2477 1147 2512; x_wconf 89' lang='lat' dir='ltr'>locorum</span> <span class='ocrx_word' id='word_1_380' title='bbox 1176 2478 1388 2512; x_wconf 82' lang='lat' dir='ltr'>distanciam</span> <span class='ocrx_word' id='word_1_381' title='bbox 1414 2485 1449 2511; x_wconf 91' lang='lat' dir='ltr'>ct</span> <span class='ocrx_word' id='word_1_382' title='bbox 1474 2477 1700 2518; x_wconf 82' lang='lat' dir='ltr'>discrimina;</span> <span class='ocrx_word' id='word_1_383' title='bbox 1724 2477 1789 2511; x_wconf 90' lang='lat' dir='ltr'>sed</span> <span class='ocrx_word' id='word_1_384' title='bbox 1815 2477 1979 2523; x_wconf 81' lang='lat' dir='ltr'>partibus</span> <span class='ocrx_word' id='word_1_385' title='bbox 2004 2490 2123 2511; x_wconf 86' lang='lat' dir='ltr'>coram</span> 
     </span>
     <span class='ocr_line' id='line_1_34' title="bbox 250 2542 1759 2590; baseline 0.001 -13"><span class='ocrx_word' id='word_1_386' title='bbox 250 2542 358 2578; x_wconf 87' lang='lat' dir='ltr'>nobis</span> <span class='ocrx_word' id='word_1_387' title='bbox 379 2543 614 2589; x_wconf 85' lang='lat' dir='ltr'>presentibus</span> <span class='ocrx_word' id='word_1_388' title='bbox 635 2543 680 2578; x_wconf 88' lang='lat' dir='ltr'>de</span> <span class='ocrx_word' id='word_1_389' title='bbox 701 2543 770 2586; x_wconf 85' lang='lat' dir='ltr'>eis,</span> <span class='ocrx_word' id='word_1_390' title='bbox 791 2544 822 2578; x_wconf 82' lang='lat' dir='ltr'>si</span> <span class='ocrx_word' id='word_1_391' title='bbox 843 2556 996 2578; x_wconf 89' lang='lat' dir='ltr'>necesse</span> <span class='ocrx_word' id='word_1_392' title='bbox 1017 2545 1139 2585; x_wconf 82' lang='lat' dir='ltr'>suerit,</span> <span class='ocrx_word' id='word_1_393' title='bbox 1161 2545 1300 2590; x_wconf 90' lang='lat' dir='ltr'>copiam</span> <span class='ocrx_word' id='word_1_394' title='bbox 1322 2544 1508 2578; x_wconf 77' lang='lat' dir='ltr'>faciemus.</span> <span class='ocrx_word' id='word_1_395' title='bbox 1532 2545 1674 2586; x_wconf 82' lang='lat' dir='ltr'>Datum,</span> <span class='ocrx_word' id='word_1_396' title='bbox 1695 2549 1759 2579; x_wconf 86' lang='lat' dir='ltr'>etc.</span> 
     </span>
    </p>

    <p class='ocr_par' dir='ltr' id='par_1_4' title="bbox 343 2641 2127 2673">
     <span class='ocr_line' id='line_1_35' title="bbox 343 2641 2127 2673; baseline 0 -7"><span class='ocrx_word' id='word_1_397' title='bbox 343 2641 429 2667; x_wconf 76' lang='lat' dir='ltr'>Liber</span> <span class='ocrx_word' id='word_1_398' title='bbox 443 2641 589 2673; x_wconf 71' lang='lat' dir='ltr'>practicus</span> <span class='ocrx_word' id='word_1_399' title='bbox 607 2643 640 2667; x_wconf 79' lang='lat' dir='ltr'>de</span> <span class='ocrx_word' id='word_1_400' title='bbox 654 2646 776 2667; x_wconf 72' lang='lat' dir='ltr'>consuet.</span> <span class='ocrx_word' id='word_1_401' title='bbox 801 2641 933 2668; x_wconf 72' lang='lat' dir='ltr'>Remenet&#39;</span> <span class='ocrx_word' id='word_1_402' title='bbox 951 2642 977 2666; x_wconf 84' lang='lat' dir='ltr'>in</span> <span class='ocrx_word' id='word_1_403' title='bbox 1002 2642 1070 2666; x_wconf 74' lang='lat' dir='ltr'>Bibl,</span> <span class='ocrx_word' id='word_1_404' title='bbox 1086 2642 1207 2667; x_wconf 66' lang='lat' dir='ltr'>Romen-i</span> <span class='ocrx_word' id='word_1_405' title='bbox 1229 2651 1277 2666; x_wconf 75' lang='lat' dir='ltr'>ms.</span> <span class='ocrx_word' id='word_1_406' title='bbox 1300 2642 1330 2666; x_wconf 79' lang='lat' dir='ltr'>fl.</span> <span class='ocrx_word' id='word_1_407' title='bbox 1351 2644 1403 2670; x_wconf 64' lang='lat'>6118,</span> <span class='ocrx_word' id='word_1_408' title='bbox 1413 2644 1468 2671; x_wconf 73' lang='lat'>⁰39,</span> <span class='ocrx_word' id='word_1_409' title='bbox 1488 2643 1532 2667; x_wconf 78' lang='lat' dir='ltr'>rot.</span> <span class='ocrx_word' id='word_1_410' title='bbox 1555 2642 1610 2671; x_wconf 75' lang='lat'>22¹²,</span> <span class='ocrx_word' id='word_1_411' title='bbox 1627 2647 1656 2667; x_wconf 79' lang='lat' dir='ltr'>n⁰</span> <span class='ocrx_word' id='word_1_412' title='bbox 1675 2644 1728 2672; x_wconf 77' lang='lat'>218,</span> <span class='ocrx_word' id='word_1_413' title='bbox 1746 2642 1791 2666; x_wconf 83' lang='lat' dir='ltr'>ubi</span> <span class='ocrx_word' id='word_1_414' title='bbox 1806 2642 1899 2667; x_wconf 72' lang='lat' dir='ltr'>titulun</span> <span class='ocrx_word' id='word_1_415' title='bbox 1916 2650 1922 2667; x_wconf 73' lang='lat' dir='ltr'>z</span> <span class='ocrx_word' id='word_1_416' title='bbox 1939 2643 2050 2667; x_wconf 77' lang='lat' dir='ltr'>Monieio</span> <span class='ocrx_word' id='word_1_417' title='bbox 2071 2642 2127 2668; x_wconf 68' lang='grc' dir='ltr'>91ἰεί</span> 
     </span>
    </p>
   </div>
   <div class='ocr_carea' id='block_1_4' title="bbox 249 2685 2125 2719">
    <p class='ocr_par' dir='ltr' id='par_1_5' title="bbox 249 2685 2125 2719">
     <span class='ocr_line' id='line_1_36' title="bbox 249 2685 2125 2719; baseline 0 -9"><span class='ocrx_word' id='word_1_418' title='bbox 249 2692 367 2711; x_wconf 68' lang='lat' dir='ltr'>causam</span> <span class='ocrx_word' id='word_1_419' title='bbox 383 2693 433 2718; x_wconf 74' lang='lat' dir='ltr'>pro</span> <span class='ocrx_word' id='word_1_420' title='bbox 446 2686 597 2710; x_wconf 72' lang='lat' dir='ltr'>motnribu·</span> <span class='ocrx_word' id='word_1_421' title='bbox 609 2685 805 2711; x_wconf 72' lang='lat' dir='ltr'>Parinisnsibu·</span> <span class='ocrx_word' id='word_1_422' title='bbox 821 2695 843 2710; x_wconf 72' lang='grc' dir='ltr'>ν.</span> <span class='ocrx_word' id='word_1_423' title='bbox 859 2699 891 2705; x_wconf 92' lang='grc'>-</span> <span class='ocrx_word' id='word_1_424' title='bbox 905 2686 995 2713; x_wconf 73' lang='lat' dir='ltr'>Vni-in.</span> <span class='ocrx_word' id='word_1_425' title='bbox 1011 2688 1096 2711; x_wconf 65' lang='lat' dir='ltr'>Aren.</span> <span class='ocrx_word' id='word_1_426' title='bbox 1114 2686 1234 2718; x_wconf 64' lang='lat' dir='ltr'>legulae.</span> <span class='ocrx_word' id='word_1_427' title='bbox 1249 2688 1282 2711; x_wconf 83' lang='lat' dir='ltr'>dc</span> <span class='ocrx_word' id='word_1_428' title='bbox 1297 2687 1326 2711; x_wconf 78' lang='lat' dir='ltr'>la</span> <span class='ocrx_word' id='word_1_429' title='bbox 1342 2687 1406 2711; x_wconf 74' lang='lat' dir='ltr'>vine</span> <span class='ocrx_word' id='word_1_430' title='bbox 1425 2688 1458 2711; x_wconf 74' lang='lat' dir='ltr'>de</span> <span class='ocrx_word' id='word_1_431' title='bbox 1477 2686 1580 2715; x_wconf 68' lang='lat' dir='ltr'>Rclms.</span> <span class='ocrx_word' id='word_1_432' title='bbox 1598 2688 1632 2711; x_wconf 63' lang='grc' dir='ltr'>Ρ·</span> <span class='ocrx_word' id='word_1_433' title='bbox 1648 2690 1727 2719; x_wconf 73' lang='lat' dir='ltr'>part..</span> <span class='ocrx_word' id='word_1_434' title='bbox 1748 2687 1899 2716; x_wconf 67' lang='lat' dir='ltr'>cnutum-u,</span> <span class='ocrx_word' id='word_1_435' title='bbox 1915 2696 1943 2719; x_wconf 86' lang='lat' dir='ltr'>p.</span> <span class='ocrx_word' id='word_1_436' title='bbox 1959 2688 2012 2716; x_wconf 74' lang='lat'>279,</span> <span class='ocrx_word' id='word_1_437' title='bbox 2029 2692 2058 2711; x_wconf 85' lang='lat' dir='ltr'>n⁰</span> <span class='ocrx_word' id='word_1_438' title='bbox 2070 2689 2125 2711; x_wconf 77' lang='lat'><strong>³6³.</strong></span> 
     </span>
    </p>
   </div>
   <div class='ocr_carea' id='block_1_5' title="bbox 250 2729 2127 2799">
    <p class='ocr_par' dir='ltr' id='par_1_6' title="bbox 250 2729 2127 2799">
     <span class='ocr_line' id='line_1_37' title="bbox 250 2729 2127 2764; baseline 0.001 -10"><span class='ocrx_word' id='word_1_439' title='bbox 250 2729 288 2754; x_wconf 78' lang='lat' dir='ltr'>Ad</span> <span class='ocrx_word' id='word_1_440' title='bbox 299 2729 363 2754; x_wconf 70' lang='lat' dir='ltr'>hsce</span> <span class='ocrx_word' id='word_1_441' title='bbox 378 2730 438 2755; x_wconf 81' lang='lat' dir='ltr'>vide</span> <span class='ocrx_word' id='word_1_442' title='bbox 452 2738 535 2763; x_wconf 76' lang='lat' dir='ltr'>supra</span> <span class='ocrx_word' id='word_1_443' title='bbox 549 2735 578 2754; x_wconf 79' lang='lat' dir='ltr'>n⁰</span> <span class='ocrx_word' id='word_1_444' title='bbox 593 2731 648 2759; x_wconf 67' lang='lat'>200,</span> <span class='ocrx_word' id='word_1_445' title='bbox 664 2734 735 2755; x_wconf 73' lang='lat' dir='ltr'>nota.</span> <span class='ocrx_word' id='word_1_446' title='bbox 750 2731 808 2760; x_wconf 85' lang='lat' dir='ltr'>Quo</span> <span class='ocrx_word' id='word_1_447' title='bbox 822 2734 940 2763; x_wconf 66' lang='lat' dir='ltr'>tempore</span> <span class='ocrx_word' id='word_1_448' title='bbox 954 2731 1019 2755; x_wconf 75' lang='lat' dir='ltr'>haec</span> <span class='ocrx_word' id='word_1_449' title='bbox 1031 2731 1123 2755; x_wconf 73' lang='lat' dir='ltr'>chum</span> <span class='ocrx_word' id='word_1_450' title='bbox 1138 2731 1238 2763; x_wconf 69' lang='lat' dir='ltr'>scripta</span> <span class='ocrx_word' id='word_1_451' title='bbox 1251 2731 1286 2755; x_wconf 74' lang='lat' dir='ltr'>sit.</span> <span class='ocrx_word' id='word_1_452' title='bbox 1299 2739 1351 2755; x_wconf 85' lang='lat' dir='ltr'>non</span> <span class='ocrx_word' id='word_1_453' title='bbox 1364 2731 1441 2756; x_wconf 77' lang='lat' dir='ltr'>facile</span> <span class='ocrx_word' id='word_1_454' title='bbox 1454 2734 1495 2755; x_wconf 71' lang='lat' dir='ltr'>ent</span> <span class='ocrx_word' id='word_1_455' title='bbox 1509 2731 1590 2755; x_wconf 78' lang='lat' dir='ltr'>dictu.</span> <span class='ocrx_word' id='word_1_456' title='bbox 1608 2731 1684 2756; x_wconf 71' lang='lat' dir='ltr'>Forte</span> <span class='ocrx_word' id='word_1_457' title='bbox 1698 2734 1785 2756; x_wconf 71' lang='lat' dir='ltr'>tumen</span> <span class='ocrx_word' id='word_1_458' title='bbox 1801 2731 1887 2756; x_wconf 75' lang='lat' dir='ltr'>adhuc</span> <span class='ocrx_word' id='word_1_459' title='bbox 1902 2735 1995 2759; x_wconf 72' lang='lat' dir='ltr'>astate.</span> <span class='ocrx_word' id='word_1_460' title='bbox 2011 2740 2062 2764; x_wconf 83' lang='lat' dir='ltr'>qun</span> <span class='ocrx_word' id='word_1_461' title='bbox 2078 2731 2127 2755; x_wconf 82' lang='lat' dir='ltr'>hoc</span> 
     </span>
     <span class='ocr_line' id='line_1_38' title="bbox 250 2774 573 2799; baseline 0.003 -1"><span class='ocrx_word' id='word_1_462' title='bbox 250 2774 373 2799; x_wconf 74' lang='lat' dir='ltr'>volumen</span> <span class='ocrx_word' id='word_1_463' title='bbox 389 2774 467 2799; x_wconf 79' lang='lat' dir='ltr'>finem</span> <span class='ocrx_word' id='word_1_464' title='bbox 483 2775 573 2799; x_wconf 75' lang='lat' dir='ltr'>sumit.</span> 
     </span>
    </p>
   </div>
   <div class='ocr_carea' id='block_1_6' title="bbox 381 3012 2002 3039">
    <p class='ocr_par' dir='ltr' id='par_1_7' title="bbox 381 3012 2002 3039">
     <span class='ocr_line' id='line_1_39' title="bbox 381 3012 2002 3039; baseline 0.001 -3"><span class='ocrx_word' id='word_1_465' title='bbox 381 3012 478 3037; x_wconf 75' lang='lat' dir='ltr'>charc-</span> <span class='ocrx_word' id='word_1_466' title='bbox 501 3012 580 3038; x_wconf 79' lang='lat' dir='ltr'>Um’v.</span> <span class='ocrx_word' id='word_1_467' title='bbox 598 3013 693 3039; x_wconf 69' lang='lat' dir='ltr'>Paris.</span> <span class='ocrx_word' id='word_1_468' title='bbox 711 3013 732 3038; x_wconf 87' lang='lat'>1.</span> <span class='ocrx_word' id='word_1_469' title='bbox 1954 3014 2002 3037; x_wconf 79' lang='grc'>81·</span> 
     </span>
    </p>
   </div>
  </div>
 </body>
</html>
