2580 3528
249 399 346 440 1259]
596 409 643 431 AB
677 409 784 431 auxo
818 408 895 431 nec
929 409 1063 438 Usque
1098 409 1146 431 ,nn
1182 409 1410 431 ruiLirrru
1447 410 1485 431 iv
1521 410 1610 432 nso.
1648 411 1783 432 rasse.
2062 402 2129 434 393

245 483 305 517 vix
333 483 526 529 prudentie
556 483 675 516 studia
704 482 976 516 convalescunt.
1003 484 1078 516 Nos
1107 495 1268 528 quoque,
1295 483 1380 516 licet
1409 483 1583 528 predictis
1614 484 1939 528 predecessoribus
1971 485 2126 529 impares

245 549 374 583 merito
395 555 431 582 et
452 549 598 591 virtute,
615 549 659 582 ad
679 549 842 595 ipsorum
869 556 986 583 tamen
1011 549 1165 595 vestigia
1190 549 1285 582 circa
1310 550 1496 595 profectus
1519 550 1774 583 Universitatis
1795 557 1829 583 et
1851 551 1960 583 studii
1985 551 2126 595 predic-

245 623 363 650 torum
390 616 518 650 affectu
544 628 618 649 non
641 616 769 662 impari
793 616 1008 662 gestientes,
1040 616 1071 650 si
1100 616 1188 662 quid
1214 616 1440 662 temporibus
1472 617 1608 649 nostris
1638 617 1834 649 emersisse
1864 617 2123 662 comperimus,

245 682 343 728 quod
368 682 405 716 in
430 682 535 716 vobis
561 682 722 716 turbaret
747 694 886 728 pacem,
911 683 1095 716 caritatem
1122 682 1262 716 lederet
1281 689 1342 716 aut
1362 683 1547 716 scinderet
1571 683 1758 725 unitatem,
1780 690 1905 716 contra
1926 683 1962 716 id
1983 683 2124 716 sincera

244 749 446 783 intentione
476 749 646 782 medendi
681 749 816 795 pariter
844 762 884 782 ac
914 749 1066 782 sanandi
1097 749 1247 783 morbos
1277 750 1421 791 noxios,
1452 749 1586 795 quibus
1623 762 1815 783 commune
1846 749 1974 783 salutis
2003 756 2124 783 vestre

243 815 473 849 commodum
500 815 728 862 tangebatur,
754 816 914 849 remedia
939 828 1035 850 nunc
1060 828 1200 862 aspera,
1228 828 1325 850 nunc
1349 816 1455 858 levia,
1482 823 1590 862 prout
1616 829 1674 850 res
1699 817 1871 850 attentius
1896 817 2124 850 considerata

244 882 370 921 suasit,
393 882 547 928 impigra
568 882 816 916 sollicitudine
838 883 1041 928 priscorum
1060 883 1236 928 exemplis
1257 883 1443 916 ammoniti
1464 883 1670 916 curavimus
1696 883 1902 929 providere.
1927 885 1975 916 Ea
1999 883 2123 928 utique

243 960 328 982 cura
354 948 445 982 illud
469 949 663 982 consilium
685 949 838 995 peperit,
861 956 900 983 ut
921 949 1016 983 inter
1041 949 1141 991 alia',
1163 962 1234 995 que
1254 950 1341 982 olim
1362 962 1427 995 pro
1454 950 1710 983 Universitatis
1731 957 1766 983 et
1788 950 1982 995 discipline
2003 956 2124 983 vestre

244 1015 407 1061 profectu
438 1015 633 1049 salubriter
662 1016 863 1049 ordinanda
897 1016 1163 1062 perspeximus,
1194 1016 1293 1061 quod
1323 1016 1488 1062 religiosi
1518 1016 1586 1050 viri
1616 1017 1808 1062 presertim
1839 1017 1968 1050 fratres
1998 1017 2124 1050 Predi-

242 1088 383 1115 catores
404 1088 440 1115 et
459 1082 622 1116 Minores
651 1082 830 1128 degentes
859 1083 1034 1124 Parisius,
1061 1083 1123 1128 qui
1148 1083 1243 1116 sicut
1272 1083 1400 1116 merito
1426 1083 1618 1128 religionis
1644 1090 1679 1116 et
1702 1083 1774 1116 vite
1801 1083 1932 1116 decora
1962 1083 2124 1117 membra

244 1148 461 1182 universalis
500 1148 655 1182 ecclesie
694 1156 780 1182 sunt
816 1149 1006 1191 censendi,
1037 1149 1090 1182 sic
1120 1149 1249 1182 eodem
1280 1149 1409 1182 merito
1439 1156 1475 1182 et
1504 1149 1778 1195 participatione
1817 1150 1982 1183 doctrine
2016 1157 2123 1196 atque

243 1215 395 1249 scientie
435 1215 689 1249 Universitatis
727 1222 848 1249 vestre
888 1215 1024 1249 debent
1053 1227 1136 1261 pars
1167 1228 1240 1248 non
1270 1216 1473 1261 incongrua
1503 1228 1569 1249 nec
1600 1216 1750 1262 indigna
1787 1216 1918 1258 videri,
1958 1217 2122 1262 ejusdem

243 1281 499 1315 Universitatis
520 1288 589 1315 tam
610 1281 797 1315 consortio
817 1293 923 1326 quam
945 1281 1125 1315 beneficio
1146 1282 1350 1327 gauderent
1366 1282 1402 1314 in
1419 1282 1590 1315 omnibus
1612 1282 1681 1315 sub
1702 1289 1798 1315 certa
1819 1283 1932 1316 forma
1954 1283 2124 1316 duximus

242 1348 486 1382 statuendum.
519 1348 590 1382 Sed
620 1348 705 1381 licet
743 1360 816 1381 non
855 1348 978 1381 forsan
1009 1348 1046 1381 in
1076 1348 1261 1390 omnibus,
1293 1349 1330 1381 in
1360 1348 1532 1394 plurimis
1568 1355 1686 1382 tamen
1725 1349 1887 1382 animose
1927 1349 2124 1383 voluntatis

241 1413 391 1448 arbitrio
417 1414 643 1448 rationabilis
668 1415 838 1460 equitatis
863 1421 1049 1449 evertente
1069 1415 1248 1460 judicium
1279 1415 1391 1460 aliqui
1417 1422 1541 1448 contra
1567 1415 1834 1448 ordinationem
1865 1422 2039 1458 nostram,
2065 1417 2124 1449 cui

242 1481 444 1515 voluntarie
469 1481 743 1527 approbationis
768 1493 944 1515 assensus
969 1488 1006 1515 et
1030 1488 1196 1527 prompte
1222 1481 1446 1515 obeditionis
1477 1481 1695 1527 obsequium
1726 1482 1940 1524 debebatur,
1963 1495 2124 1528 presum-

242 1554 412 1594 ptuosum
438 1547 652 1582 rebellionis
677 1548 844 1582 levavere
864 1548 1087 1590 calcaneum,
1109 1548 1220 1594 aliqui
1247 1549 1496 1582 mandatorum
1524 1555 1734 1582 nostrorum
1759 1549 1831 1582 vim
1853 1555 1889 1582 et
1909 1555 2123 1594 potestatem

241 1614 446 1661 ingeniosis
466 1615 788 1649 adinventionibus
809 1622 1004 1649 vacuantes
1025 1615 1306 1660 superficialiter
1326 1615 1378 1649 sic
1401 1615 1538 1648 nostris
1564 1615 1729 1648 detulere
1755 1615 2002 1657 sermonibus,
2026 1617 2124 1661 quod

241 1681 365 1715 verius
403 1681 567 1716 illusisse
616 1681 828 1727 probantur.
869 1682 961 1716 Cum
1000 1682 1097 1715 enim
1132 1683 1234 1728 juxta
1269 1682 1538 1716 ordinationem
1578 1682 1729 1715 eandem
1771 1683 1956 1728 predictos
1995 1684 2125 1716 fratres

241 1748 436 1782 teneamini
465 1760 485 1782 a
513 1755 636 1782 vestro
666 1761 740 1782 non
769 1760 939 1794 separare
968 1749 1170 1790 consortie,
1202 1749 1284 1795 quis
1314 1761 1388 1782 non
1418 1749 1538 1782 videat
1577 1749 1766 1782 manifeste
1806 1749 2010 1782 delusionis
2041 1762 2124 1783 esse

240 1822 499 1857 commentum,
534 1815 632 1861 quod
662 1816 865 1861 separando
895 1827 961 1850 vos
991 1815 1035 1849 ab
1070 1816 1161 1861 ipsis
1192 1815 1409 1861 prohibitam
1441 1816 1682 1862 separationis
1714 1828 1841 1861 penam
1873 1817 1927 1849 eis
1957 1816 2124 1862 infligitis

240 1881 417 1916 indirecte
442 1889 567 1916 contra
592 1882 746 1928 positam
769 1881 875 1916 vobis
896 1882 1062 1928 ejusdem
1088 1882 1330 1916 ordinationis
1356 1882 1476 1928 legem
1503 1895 1732 1916 communem
1760 1883 1909 1928 privatis
1935 1883 2125 1917 fraudibus

239 1948 443 1982 rectissime
473 1948 689 1982 moliendo?
716 1950 786 1982 Pro
817 1949 1021 1983 Guillermo
1062 1956 1226 1995 preterea
1257 1949 1301 1982 de
1333 1950 1463 1983 Sancto
1503 1949 1649 1991 Amore,
1682 1962 1789 1995 quem
1819 1962 1837 1983 a
1867 1950 2125 1983 communione

238 2021 359 2049 vestra
388 2026 541 2061 prorsus
570 2021 780 2049 extraneum
811 2015 1000 2049 notissima
1031 2015 1136 2061 culpa
1166 2016 1263 2057 fecit,
1290 2016 1334 2049 ad
1360 2016 1554 2062 pristinum
1586 2016 1843 2050 Universitatis
1873 2023 1993 2050 vestre
2025 2029 2125 2051 revo-

239 2081 355 2115 cando
369 2082 600 2128 ‚consortium
621 2089 840 2116 conventum
862 2082 940 2116 fieri
961 2082 1019 2116 vel
1040 2081 1165 2115 haberi
1187 2089 1388 2124 tractatum,
1411 2095 1456 2116 ne
1478 2083 1587 2128 sopiti
1614 2083 1774 2116 scandali
1801 2083 1938 2116 rediret
1964 2084 2121 2125 occasio,

238 2147 437 2194 apostolice
466 2148 567 2182 sedis
604 2149 799 2183 auctoritas
838 2149 1036 2183 interdixit.
1068 2148 1335 2183 Nichilominus
1374 2156 1507 2191 autem,
1538 2150 1622 2195 quia
1651 2150 1769 2183 nostis
1808 2150 1957 2183 eosdem
1992 2151 2122 2183 sratrcs

241 2220 390 2260 propter
411 2215 719 2261 transgressionis
743 2215 884 2262 culpam
911 2222 947 2249 et
971 2215 1109 2261 prolate
1139 2216 1468 2250 animadversionis
1498 2228 1642 2261 penam,
1673 2228 1763 2261 quas
1794 2216 1969 2261 religioso
1999 2229 2121 2250 amore

239 2281 413 2323 devitant,
439 2292 507 2315 nec
532 2293 641 2327 posse
672 2293 738 2315 nec
763 2281 870 2324 velle,
898 2281 961 2315 ubi
990 2281 1167 2315 habeatur
1193 2282 1237 2315 de
1263 2282 1424 2327 predicta
1456 2283 1686 2316 revocatione
1718 2289 1902 2324 tractatus,
1923 2283 2120 2316 convenire

238 2346 441 2389 vobiscum,
463 2347 634 2394 quotiens
662 2360 727 2393 pro
748 2347 976 2393 quibuslibet
996 2348 1253 2382 Universitatis
1281 2349 1441 2394 negotiis
1467 2349 1686 2390 convenitis,
1709 2349 1920 2394 hujusmodi
1949 2356 2120 2383 tractatus

237 2413 434 2455 inducitur,
460 2426 532 2459 quo
566 2413 706 2447 eisdem
736 2413 908 2447 fratribus
933 2413 1100 2448 illicitum
1126 2414 1186 2448 fiat
1210 2415 1343 2448 vestris
1373 2415 1724 2460 congregationibus
1756 2415 1950 2458 interesse,
1985 2416 2020 2449 iu
2046 2428 2119 2462 quo

239 2481 363 2526 utique
387 2480 480 2513 sacto
505 2480 636 2526 sagitte
662 2492 794 2514 nocere
818 2487 952 2527 parate,
979 2493 1049 2527 que
1075 2493 1247 2527 perverse
1274 2481 1465 2515 mittuntur
1495 2481 1532 2515 in
1557 2481 1662 2523 alios,
1694 2482 1729 2515 in
1758 2482 1967 2527 spirituales
1994 2482 2118 2529 plagas

237 2546 454 2580 mittentium
485 2553 758 2581 convertuntur.
785 2547 944 2582 Caveant
968 2559 1057 2594 ergo
1084 2547 1168 2590 sibi,
1195 2548 1256 2593 qui
1282 2548 1372 2581 tales
1402 2555 1544 2581 struere
1575 2561 1647 2582 non
1678 2556 1850 2582 verentur
1880 2549 2045 2591 insidias,
2073 2562 2118 2583 ne

237 2613 322 2647 dum
347 2612 428 2646 aliis
450 2613 652 2648 tendiculas
678 2614 899 2660 receptionis
929 2613 1106 2656 obiciunt,
1133 2614 1203 2660 ipsi
1229 2614 1265 2647 in
1292 2615 1501 2660 propositos
1527 2614 1597 2648 sibi
1623 2627 1640 2648 a
1668 2615 1774 2648 nobis
1801 2615 1951 2662 laqueos
1977 2628 2117 2649 excom-

236 2679 493 2714 municationis
526 2680 750 2726 aliarumque
785 2681 1045 2715 sententiarum
1082 2681 1289 2723 inciderint,
1316 2694 1334 2715 a
1359 2681 1494 2727 quibus
1523 2681 1727 2727 nequibunt
1751 2694 1831 2715 cum
1863 2683 2045 2716 voluerint
2070 2684 2115 2716 de

235 2745 331 2780 facili
360 2746 535 2792 expediri.
567 2746 698 2780 Mirum
729 2747 760 2780 si
790 2747 1096 2781 considerationis
1134 2754 1255 2781 vestre
1289 2747 1393 2781 docta
1424 2748 1615 2794 prudentia
1654 2748 1804 2794 dignum
1836 2749 1939 2783 venia
1973 2750 2115 2794 judicet

236 2812 388 2858 predicti
413 2812 607 2847 Guillermi
631 2825 741 2859 grave
764 2820 964 2860 peccatum,
990 2814 1088 2860 quod
1115 2826 1180 2847 nec
1206 2814 1451 2848 consessionis
1476 2814 1674 2856 humilitaS,
1701 2827 1767 2848 ncc
1794 2815 1991 2861 penitentie
2013 2816 2114 2849 satis-

234 2879 355 2921 factio,
381 2891 448 2913 nec
477 2880 701 2914 conveniens
735 2881 959 2926 penitudinis
995 2881 1168 2914 indicium
1205 2881 1398 2927 mitigavit3
1427 2881 1713 2927 presumptionis
1738 2882 1833 2915 cuim
1861 2883 1940 2927 cjus
1965 2882 2111 2915 audacia

235 2944 432 2990 publicavit
456 2945 566 2992 longe
590 2946 734 2993 lateque
759 2947 930 2993 seipsam,
958 2960 1109 2994 eamque
1136 2959 1208 2981 nou
1235 2954 1303 2981 tam
1331 2948 1514 2994 condigne
1540 2960 1645 2993 quam
1674 2948 1922 2981 misericordis
1952 2948 2112 2981 animad-

360 3003 454 3029 Chart.
477 3003 555 3029 Univ.
573 3004 667 3029 Parit.
686 3004 706 3029 1.
1957 3008 1987 3029 50
