2618 3640
683 416 730 437 AB
764 413 1007 437 ALEXANDRO
1043 413 1091 434 111
1127 411 1259 440 USQUE
1294 411 1343 432 AD
1377 409 1518 431 ANNUM
1553 409 1644 431 MCC.
2067 398 2106 431 13

223 492 368 526 dilectis
397 491 520 524 filiis..
553 490 690 523 decano
721 495 757 522 et
785 487 943 533 capitulo
971 485 1197 520 Tornacensi
1227 484 1391 518 districte
1420 482 1658 528 precipiendo
1687 482 1880 523 mandavit,
1909 482 2106 514 iit-sactum

224 571 331 593 suum
359 559 398 591 in
422 557 487 591 hac
513 563 613 603 parte
642 554 944 601 irrefragabiliter
970 553 1209 586 observantes
1237 551 1415 596 prefatum
1442 549 1667 582 Bernardum
1694 549 1730 581 in
1761 561 1866 581 suum
1893 549 2106 581 canonicum

223 626 457 660 admitterent
481 631 517 658 et
545 624 582 656 in
609 624 769 656 fratrem.
802 621 978 655 lnhibens
1006 620 1112 653 etiam
1133 619 1222 660 illis,
1246 630 1292 651 ne
1313 618 1358 651 ad
1383 616 1606 662 prebendam
1637 616 1735 648 illam
1762 615 1918 660 aliquem
1941 615 2049 647 alium
2072 615 2108 647 in

222 694 370 727 fratrem
399 697 643 732 assumerent,
675 689 823 734 scripsit
852 695 921 722 tam
948 687 1086 733 prefato
1118 686 1270 727 decano,
1301 697 1407 730 quam
1436 683 1532 716 bone
1560 683 1735 716 memorie
1766 683 1821 715 P.³
1842 682 1980 715 cantori
2011 682 2109 715 Pari-

224 760 339 794 siensi
369 771 450 792 culn
486 758 715 791 districtione
750 755 927 802 precepti,
958 761 997 788 ut
1026 754 1080 787 eis
1110 754 1147 786 in
1177 753 1286 797 hujus
1317 751 1476 785 mandati
1511 750 1726 784 executione
1761 749 2005 790 cessantibus,
2039 749 2109 794 ipsi

223 826 423 873 apostolica
443 825 655 858 auctoritate
681 823 833 864 suffulti,
856 834 930 855 non
955 821 1122 855 obstante
1149 819 1437 853 contradictione
1458 818 1517 852 vel
1538 817 1781 863 appellatione
1807 816 2016 861 cujuslibet,
2039 828 2109 861 que

224 893 402 940 premissa
423 899 510 926 sunt
529 891 659 936 exequi
687 902 761 924 non
787 889 984 930 tardarent,
1007 895 1114 934 atque
1138 888 1259 933 ipsum
1283 887 1320 919 in
1342 886 1582 932 possessione
1603 884 1790 930 prebende
1816 884 1916 917 illius
1939 895 2110 929 corpora-

224 961 307 995 liter
327 960 544 993 inducentes
565 959 726 992 facerent
746 969 828 990 eum
850 956 1112 989 nichilominus
1136 954 1374 1000 possessione
1396 953 1517 998 quieta
1538 959 1574 986 et
1593 953 1735 998 integra
1755 952 1937 984 fructuum
1960 963 2111 996 percep-

224 1028 322 1062 tione
350 1027 524 1073 gaudere,
547 1037 611 1059 eos
637 1026 802 1070 insuper,
829 1024 891 1069 qui
918 1022 1140 1056 institutioni
1168 1023 1248 1067 ejus
1275 1033 1314 1055 ac
1342 1021 1558 1054 investiture
1584 1026 1653 1053 tam
1680 1019 1933 1064 sollempniter
1954 1019 2044 1051 facte
2071 1030 2109 1051 se

225 1096 403 1129 ducerent
435 1092 691 1139 opponendos,
727 1103 791 1137 per
826 1090 1093 1124 districtionem
1128 1088 1411 1122 ecclesiasticam
1448 1087 1591 1120 sublato
1627 1086 1882 1132 appellationis
1921 1085 2110 1118 obstaculo

224 1167 516 1207 compescentes,
540 1160 571 1193 si
597 1159 684 1205 quid
710 1159 802 1191 sorte
830 1158 975 1191 interim
997 1157 1034 1190 in
1054 1157 1172 1202 ipsius
1202 1155 1326 1189 clerici
1354 1155 1596 1200 prejudicium
1621 1154 1666 1187 (le
1687 1153 1748 1186 illa
1768 1153 1900 1186 suisset
1925 1152 2110 1198 prebenda

225 1235 397 1263 statutum
425 1228 572 1273 penitus
600 1226 796 1259 irritarent.
819 1227 956 1259 Verum
984 1230 1206 1257 memoratus
1232 1223 1392 1255 decanus
1418 1222 1514 1254 sicut
1534 1221 1567 1254 ei
1588 1221 1632 1254 de
1654 1221 1771 1266 ipsius
1794 1220 1961 1265 rescripti
1987 1227 2111 1253 aucto-

224 1296 328 1330 ritate
349 1294 482 1328 licebat
501 1293 604 1327 solus
625 1292 830 1326 executioni
851 1291 980 1325 horum
1004 1291 1201 1336 diligenter
1222 1289 1412 1330 insistens,
1430 1301 1503 1321 non
1525 1288 1639 1321 semel
1661 1294 1716 1321 set
1736 1287 1861 1332 sepius
1883 1287 1960 1319 suis
1979 1287 2110 1320 litteris

225 1362 416 1396 destinatis
437 1373 480 1394 eo
502 1360 630 1393 ordine
652 1371 724 1404 quo
746 1358 898 1392 decebat
917 1358 1131 1403 episcopum
1153 1363 1189 1390 et
1208 1356 1404 1401 capitulum
1426 1362 1560 1388 attente
1581 1354 1818 1395 commonuit,
1840 1361 1879 1387 ut
1899 1361 2109 1399 preceptum

223 1428 465 1475 apostolicum
499 1427 717 1473 quantocius
751 1425 1007 1471 adimplentes,
1044 1424 1179 1457 dictum
1215 1423 1456 1464 Bernardum,
1492 1423 1553 1467 qui
1589 1422 1634 1455 de
1668 1421 1854 1467 prebenda
1888 1421 2112 1454 Tornaccnsi

223 1503 372 1531 vacante
402 1507 468 1541 per
497 1507 642 1528 manum
672 1493 907 1539 apostolicam
937 1492 1032 1525 sicut
1061 1492 1196 1524 dictum
1223 1497 1279 1524 est
1304 1490 1555 1523 investituram
1584 1495 1784 1534 acceperat,
1814 1489 1850 1521 in
1876 1488 1988 1521 choro
2014 1495 2049 1521 et
2074 1488 2110 1529 in

224 1563 383 1609 capitulo
409 1569 478 1596 tam
504 1561 705 1594 liberaliter
730 1572 835 1605 quam
862 1559 1020 1592 libenter
1040 1559 1286 1599 admitterent,
1308 1564 1344 1590 et
1368 1556 1555 1602 prebende
1576 1557 1716 1589 fructus
1740 1568 1782 1588 cx
1804 1556 1948 1601 integro
1974 1555 2111 1600 absque

225 1630 324 1664 omni
344 1629 553 1663 difficultate
575 1628 796 1661 conferrent.
820 1627 1026 1672 Episcopus
1046 1638 1133 1659 vero
1155 1625 1241 1658 licet
1261 1637 1348 1670 sepe
1370 1631 1438 1657 tam
1461 1623 1593 1657 litteris
1615 1635 1720 1668 quam
1742 1623 1821 1656 viva
1842 1635 1930 1655 voce
1952 1635 2112 1655 commo-

225 1698 324 1731 nitus
344 1696 388 1730 ab
409 1708 453 1730 eo
474 1703 514 1729 ut
533 1695 656 1729 decuit
672 1706 817 1740 semper
837 1693 1002 1727 exhibuit
1018 1704 1056 1726 sc
1081 1692 1269 1734 rebellem,
1291 1691 1500 1725 nullatenus
1520 1690 1649 1724 volens
1671 1690 1892 1723 institutioni
1913 1689 2112 1735 apostolice

225 1764 446 1798 consentire.
475 1764 537 1796 Set
561 1762 704 1796 tandem
733 1761 894 1794 Parisius
919 1760 1086 1802 veniens,
1117 1772 1198 1793 cum
1225 1759 1412 1805 predictus
1444 1758 1653 1791 Bernardus
1681 1757 1917 1791 vehementer
1947 1757 2111 1799 instaret,

225 1838 396 1878 presente
417 1837 451 1864 te
472 1831 582 1863 frater
602 1829 775 1875 episcope
800 1840 945 1862 necnon
970 1835 1006 1861 et
1031 1827 1164 1861 dilecto
1190 1827 1265 1860 filio
1286 1853 1306 1859 ..
1337 1826 1465 1859 abbate
1492 1832 1615 1859 sancte
1643 1823 1850 1859 Genovese⁴
1877 1831 2111 1870 procuratore

225 1898 344 1944 ipsius
374 1897 537 1943 episcopi
567 1896 812 1930 Tornacensis
838 1908 919 1928 cum
946 1894 1070 1928 multis
1097 1894 1178 1928 aliis
1206 1893 1393 1940 religiosis
1421 1900 1457 1926 et
1480 1892 1647 1926 honestis
1673 1892 1843 1938 personis
1870 1898 1952 1937 post
1980 1891 2111 1924 multas

225 1965 480 1999 altercationes
523 1970 559 1997 et
601 1963 761 1996 rationes
804 1962 888 1995 hinc
928 1962 1014 1995 inde
1055 1961 1280 2007 propositas,
1321 1961 1366 1994 de
1405 1960 1590 1993 communi
1633 1959 1788 1992 consilio
1833 1959 2110 2004 magistrorum,

226 2032 447 2078 prudentum
476 2037 512 2064 et
535 2030 849 2076 jurisperitorum,
876 2029 938 2075 qui
962 2029 1080 2063 vocati
1109 2029 1153 2062 ad
1182 2028 1281 2062 litem
1313 2034 1561 2061 convenerant
1589 2026 1842 2067 decidendam,
1869 2038 1950 2059 cum
1977 2025 2111 2071 allega-

226 2099 345 2133 tiones
371 2098 525 2144 predicti
553 2097 717 2143 episcopi
745 2096 880 2130 nullam
906 2096 977 2130 vim
1009 2102 1070 2130 aut
1098 2096 1263 2141 vigorem
1291 2095 1480 2137 haberent,
1509 2095 1710 2140 sepefatum
1737 2093 1963 2126 Bernardum
1989 2099 2112 2126 aucto-

225 2166 329 2200 ritate
359 2165 558 2212 apostolica
592 2163 857 2198 sententialiter
887 2164 924 2196 in
954 2163 1181 2209 corporalem
1217 2162 1404 2208 prebende
1439 2162 1539 2195 illius
1574 2161 1848 2207 possessionem
1892 2160 2034 2193 induxit
2067 2172 2110 2193 co

225 2233 334 2266 modo
354 2232 539 2274 laborans,
565 2232 663 2277 quod
687 2231 847 2264 decanus
877 2231 956 2276 ipse
984 2237 1172 2276 totumque
1200 2229 1397 2275 capitulum
1427 2230 1660 2262 Tornacensc
1691 2228 1846 2261 eundem
1873 2227 2045 2260 clericum
2075 2227 2111 2259 in

225 2300 370 2333 fratrem
399 2305 435 2332 et
463 2299 677 2332 canonicum
713 2310 818 2331 suum
854 2298 1096 2331 communiter
1130 2303 1362 2343 receperunt,
1393 2303 1429 2330 et
1457 2295 1630 2329 adhibitis
1663 2293 2008 2340 sollempnitatibus,
2040 2306 2110 2338 que

226 2365 362 2400 debent
381 2366 418 2399 in
438 2365 673 2399 admittendis
698 2365 884 2398 canonicis
910 2364 1089 2406 adhiberi,
1117 2364 1261 2398 stallum
1288 2364 1325 2396 in
1350 2363 1463 2396 choro
1485 2370 1521 2396 et
1540 2363 1659 2395 locum
1686 2362 1723 2394 in
1743 2361 1901 2406 capitulo
1923 2361 1955 2393 ei
1977 2360 2110 2393 libcra-

225 2433 308 2467 liter
331 2433 578 2478 assignarunt,
599 2432 647 2465 ita
667 2432 765 2477 quod
786 2432 905 2465 statim
926 2438 962 2464 et
982 2431 1157 2476 deinceps
1177 2431 1272 2464 sicut
1290 2437 1326 2464 et
1345 2430 1477 2475 reliqui
1498 2431 1599 2474 juxta
1625 2428 1929 2461 consuetudinem
1953 2427 2108 2460 ecclesie

224 2500 331 2546 plena
357 2506 393 2533 et
416 2499 558 2545 integra
579 2498 814 2544 perceptione
836 2498 1017 2531 fructuum
1041 2504 1097 2531 cst
1116 2498 1278 2543 gavisus.
1302 2499 1347 2530 Et
1367 2503 1405 2530 ut
1425 2496 1630 2529 mandatum
1653 2494 1893 2541 apostolicum
1916 2506 1959 2527 cx
1979 2494 2108 2527 ordine

224 2566 484 2613 compleretur,
515 2566 611 2599 idem
642 2572 814 2599 executor
848 2564 1027 2610 quidquid
1057 2565 1151 2597 circa
1182 2563 1379 2598 Hulvinum
1409 2563 1526 2608 ipsius
1562 2562 1738 2596 Bernardi
1768 2561 2015 2595 adversarium
2051 2560 2108 2595 vel

224 2633 334 2668 alium
362 2633 406 2667 ab
436 2633 610 2679 episcopo
640 2632 697 2666 vel
727 2631 893 2678 quolibet
920 2631 990 2665 alio
1019 2632 1112 2664 sorte
1139 2631 1271 2664 suisset
1295 2631 1331 2663 in
1362 2631 1442 2675 ejus
1468 2629 1709 2676 prejudicium
1738 2635 1999 2674 attemptatum,
2026 2640 2105 2661 cum

224 2701 306 2747 ipso
335 2699 492 2746 capitulo
523 2699 747 2733 Tornacensi
779 2699 925 2744 penitus
955 2698 1109 2732 irritavit
1139 2698 1218 2731 solo
1248 2697 1430 2746 episcopo
1453 2697 1490 2730 in
1521 2709 1585 2730 sua
1616 2695 1818 2729 rebellione
1846 2695 2108 2729 contumaciter

225 2767 457 2813 perdurante.
489 2767 564 2800 Nos
592 2766 705 2812 igitur
731 2766 829 2811 quod
859 2765 903 2799 ab
934 2750 1063 2798 eodem
1092 2765 1230 2798 decano
1257 2764 1470 2798 auctoritate
1499 2763 1698 2809 apostolica
1725 2763 1876 2808 provide
1903 2774 2014 2807 super
2036 2761 2106 2794 hiis

225 2833 396 2867 omnibus
425 2840 482 2867 est
507 2840 677 2867 statutum
705 2832 866 2866 debitum
892 2832 1059 2867 volentes
1085 2833 1252 2865 effectum
1279 2831 1403 2865 sortiri
1429 2831 1643 2865 discretioni
1672 2837 1793 2864 vestre
1820 2842 1884 2875 per
1909 2828 2106 2875 apostolica

225 2901 358 2947 scripta
386 2900 598 2934 mandamus
624 2906 660 2934 et
684 2900 848 2934 districte
874 2899 1110 2946 precipimus,
1137 2899 1308 2945 quatinus
1333 2899 1365 2932 si
1392 2899 1487 2931 idem
1514 2898 1711 2943 episcopus
1736 2897 1794 2931 vel
1824 2896 2003 2930 llulvinus
2029 2895 2105 2928 sive

224 2967 317 3002 alius
348 2967 638 3013 prenominatum
664 2966 890 3001 Bernardum
915 2967 1129 3000 canonicum
1156 2967 1425 3000 Tornaccnsem
1448 2977 1559 3011 super
1583 2964 1643 2998 illa
1670 2963 1868 3010 prebenda,
1895 2975 1999 3008 quam
2028 2962 2105 3006 ipsc
