2580 3528
467 400 532 433 256
1048 406 1366 430 CHARTULAntUM
1402 405 1590 427 UNiVEaS.
1629 404 1757 426 rmus.
2239 396 2339 436 [1254

469 490 613 517 oensem
645 483 855 528 episcopum
887 485 1163 521 extorscrunt¹⁹‚
1197 493 1261 525 per
1290 492 1378 525 quas
1408 479 1505 522 (licet
1531 478 1577 511 ob
1608 478 1846 511 reverentiam
1876 477 2076 523 apostolice
2104 476 2203 512 bulle
2231 484 2267 513 et
2294 480 2337 513 ad

473 562 599 595 preces
620 549 755 582 domini
778 549 920 582 comitis
947 548 1168 581 Pictavensis
1190 547 1342 592 predicti
1369 552 1403 578 ct.
1428 546 1471 578 ad
1498 544 1704 578 evitandum
1732 544 1785 577 eis
1811 545 1980 578 scandala
2000 545 2253 590 plurimorum,
2276 546 2339 591 qui

470 617 514 650 de
536 617 697 661 ipsorum
723 615 930 648 insolentiis
956 614 1231 658 obstupescunt,
1260 612 1419 656 benigne
1445 611 1622 644 vellemus
1648 622 1712 643 eos
1738 611 1781 643 ad
1807 612 2031 645 consortium
2053 619 2217 646 nostrum
2239 624 2338 646 resu-

470 695 580 724 mere,
603 682 712 715 salvis
738 682 916 714 dumtaxat
943 681 1084 713 statutis
1113 679 1248 712 nostris
1275 678 1461 723 predictis⁷
1489 678 1605 710 donee
1631 677 1755 710 saltem
1785 678 1957 711 dominus
1981 690 2070 724 papa
2094 678 2168 712 illis
2193 679 2338 724 plenius

468 749 626 795 cognitis
653 749 756 781 aliter
782 748 932 780 duceret
958 746 1210 788 ordinandum}
1238 745 1307 790 ipsi
1335 744 1595 777 nichilominus
1621 744 1802 777 mediante
1827 745 1983 790 quodam
2008 752 2201 779 executore
2227 758 2295 779 suo
2319 758 2338 780 a

470 822 665 848 memorato
686 815 858 859 episeopo
879 814 920 846 ad
946 813 1146 845 instantiam
1171 824 1294 843 corum
1318 810 1571 855 subdelegato,
1598 811 1770 844 videlicet
1790 812 1962 857 magistro
1984 813 2079 845 Luca
2089 812 2119 833 ²⁰
2141 812 2339 846 Parisiensi

469 883 657 922 canonico7
680 881 749 914 sihi
774 880 928 925 propitio
950 879 1055 911 nobis
1076 885 1192 911 autem
1216 878 1363 910 omnino
1385 877 1541 910 adverso
1562 876 1682 921 (nobis
1703 890 1887 923 nunquam
1909 879 1946 911 in
1962 879 2142 924 judicium
2165 880 2336 921 evocatis,

470 960 649 992 nunquam
672 947 714 980 ad
736 946 997 979 deffensionem
1022 951 1178 977 nostram
1201 944 1347 985 auditis7
1378 956 1450 976 11011
1476 944 1700 977 sufficienter
1720 945 1881 987 monitis,
1904 945 2181 991 exceptionibus
2202 946 2339 980 nostris

468 1022 499 1047 et
522 1014 673 1046 salsitate
696 1025 841 1057 precum
865 1019 895 1044 ct
919 1012 998 1044 aliis
1022 1011 1187 1056 plurimis
1209 1018 1305 1044 extra
1322 1011 1516 1055 judicium,
1546 1011 1641 1044 sicut.
1666 1012 1851 1056 potuimus
1871 1024 1991 1045 coram
2013 1014 2104 1052 Deo,
2126 1013 2338 1058 propositis,

468 1093 538 1112 uon
569 1079 749 1119 admissis,
782 1085 861 1123 post
892 1078 1168 1123 appellationem
1202 1078 1398 1122 legitimam
1428 1089 1471 1110 ex
1500 1077 1571 1110 hiis
1601 1078 1874 1123 gravaminibus
1900 1086 1934 1112 et
1959 1079 2046 1120 aliis
2069 1079 2192 1112 multis
2219 1080 2340 1113 causis

467 1146 726 1190 interpositam,
756 1145 935 1190 pendente
963 1144 1222 1177 nichilominus
1250 1144 1420 1177 citatione
1448 1156 1516 1189 qua
1545 1157 1612 1178 nos
1634 1146 1799 1179 fecerunt
1823 1146 1924 1179 citari
1951 1146 1996 1179 ad
2023 1146 2181 1180 tribunal
2208 1147 2339 1180 summi

466 1213 647 1257 pontificis
682 1224 746 1257 per
779 1212 956 1256 quandam
992 1211 1146 1244 litteram
1182 1211 1346 1244 seeundo
1376 1224 1394 1244 a
1424 1211 1512 1244 sede
1542 1212 1740 1257 apostolica
1770 1212 1814 1245 ad
1844 1213 1999 1245 eundem
2029 1213 2191 1258 judicem
2226 1214 2340 1259 impe-

467 1280 635 1322 tratam²¹)
674 1291 801 1311 omnes
837 1279 1031 1322 magistros
1075 1284 1107 1310 et
1152 1278 1320 1323 singulos
1364 1279 1524 1311 omnium
1570 1279 1791 1320 facultatum7
1837 1291 1964 1313 omnes
2007 1280 2192 1313 auditores
2233 1281 2338 1314 etiam

466 1346 660 1390 theologie⁷
691 1346 786 1390 juris
817 1352 849 1377 ct
886 1345 1065 1377 medicine
1100 1345 1179 1377 sine
1214 1344 1287 1378 ulla
1321 1357 1429 1378 cause
1464 1345 1687 1391 cognitione,
1719 1346 1815 1390 juris
1850 1346 1978 1379 ordine
2008 1346 2259 1392 pretermisso,
2294 1347 2340 1380 de

466 1414 568 1453 lacto,
599 1425 678 1445 cum
707 1412 751 1444 de
776 1413 859 1456 jure
882 1424 951 1444 non
985 1419 1188 1457 potuerant,
1217 1413 1337 1445 secere
1364 1412 1555 1457 suspendi,
1585 1419 1621 1445 et
1645 1412 1690 1445 ad
1717 1414 1888 1457 majorem
1915 1414 2030 1446 nostri
2057 1420 2093 1447 et
2117 1414 2228 1446 totius
2251 1413 2340 1447 cleri

464 1479 717 1511 contumeliam
738 1491 802 1524 per
822 1479 996 1511 ecclesias
1018 1478 1264 1524 parrochiales
1289 1479 1444 1512 civitatis
1470 1479 1688 1512 Parisiensis
1715 1479 1752 1512 in
1778 1480 1961 1524 presentia
1982 1480 2143 1513 omnium
2165 1479 2339 1513 laicorum

466 1553 500 1578 et.
520 1558 627 1591 grave
650 1545 855 1578 scandalum
884 1545 1083 1578 eorundem
1111 1558 1179 1578 una
1205 1545 1263 1578 die
1290 1546 1470 1578 dominica
1497 1544 1687 1591 publicari.
1716 1546 1771 1579 Ad
1796 1546 1862 1579 hec
1890 1546 1934 1579 ad
1955 1547 2127 1591 majorem
2149 1558 2341 1592 presump-

466 1613 574 1645 tionis
600 1624 664 1645 sue
690 1612 887 1653 cumulum,
914 1625 992 1645 cum
1021 1619 1170 1658 propter
1196 1625 1311 1646 novos
1338 1613 1641 1658 supervenientes
1669 1612 1830 1646 scolares
1857 1613 1939 1646 faeti
1967 1613 2100 1646 seriem
2128 1613 2341 1659 ignorantes

467 1686 699 1712 memoratum
731 1679 969 1724 separationis
1000 1680 1156 1713 edictum
1188 1692 1268 1712 cum
1300 1691 1363 1712 sua
1394 1680 1639 1713 declaratione
1669 1680 1872 1713 faceremus
1902 1692 1966 1725 per
2000 1680 2191 1713 universas
2221 1680 2340 1714 scolas

466 1747 592 1779 iterato
627 1758 690 1791 per
724 1746 890 1791 publicos
926 1747 1129 1780 servientes
1165 1753 1325 1788 nostros,
1368 1759 1461 1792 quos
1501 1746 1668 1780 bedellos
1708 1747 1950 1788 nominamus,
1991 1747 2086 1780 sieut
2124 1747 2237 1781 moris
2271 1753 2338 1789 est,

467 1813 653 1857 publicari7
683 1825 763 1845 cum
792 1814 835 1846 ad
866 1813 998 1846 scolam
1032 1826 1136 1846 unam
1168 1814 1332 1859 ipsorum
1360 1814 1508 1847 fratrum
1538 1813 1624 1847 dicti
1652 1813 1775 1846 sai‘nuli
1806 1814 2062 1859 pervenissent
2090 1826 2163 1847 uno
2194 1814 2340 1847 illorum

467 1880 660 1925 incipiente
681 1880 804 1925 legere
825 1887 955 1913 cartam
983 1881 1104 1920 edicti„
1132 1881 1326 1913 multitudo
1352 1881 1502 1914 fratrum
1528 1880 1663 1913 ibidem
1690 1880 1923 1914 existentium
1948 1893 2029 1914 cum
2056 1893 2184 1926 magna
2205 1881 2340 1915 vocife-

466 1947 602 1979 ratione
630 1954 665 1979 et
689 1947 840 1992 strepitu
871 1947 904 1979 in
934 1948 1034 1992 ipsos
1062 1947 1216 1980 stimulos
1247 1948 1443 1989 irruentes,
1471 1954 1554 1993 post
1579 1947 1710 1980 multas
1737 1947 1977 1981 contumelias
2002 1954 2134 1981 cartam
2160 1948 2270 1981 edicti
2295 1948 2341 1981 de

467 2013 621 2058 legentis
649 2013 814 2046 manibus
843 2014 1024 2059 rapientes
1053 2021 1242 2060 ruperunt,
1271 2021 1307 2047 et
1333 2014 1404 2047 alio
1432 2014 1648 2047 famulorum
1676 2014 1832 2059 pulsato,
1860 2014 2006 2047 tertium
2035 2027 2152 2060 usque
2179 2015 2223 2048 ad
2251 2015 2341 2048 effu-

466 2080 604 2112 sionem
632 2081 821 2125 sanguinis
847 2088 1120 2125 percusserunt,
1149 2088 1184 2114 et
1212 2081 1264 2114 510
1290 2093 1353 2114 005
1386 2081 1539 2126 turpiter
1566 2081 1792 2126 repulerunt.
1822 2081 1982 2114 Tandem
2009 2081 2063 2114 eis
2090 2081 2135 2114 ad
2162 2088 2340 2115 rectorem

469 2147 720 2180 Universitatis
748 2154 871 2180 nostre
901 2160 980 2180 cum
1012 2155 1165 2181 eventus
1193 2149 1250 2181 sui
1281 2148 1503 2182 revelatione
1534 2148 1706 2190 reversis,
1744 2155 1864 2181 rector
1893 2148 2090 2194 assumptis
2121 2148 2191 2181 sibi
2224 2147 2341 2182 tribus

467 2214 649 2259 magistris
677 2214 804 2247 artium
833 2215 874 2247 ad
905 2215 1053 2247 eandem
1083 2215 1218 2248 scolam
1248 2215 1440 2250 accedens.
1470 2227 1551 2248 cum
1583 2215 1678 2248 idem
1705 2215 1864 2248 edictum
1890 2215 1927 2248 in
1953 2215 2020 2248 alia
2045 2222 2140 2249 carta
2165 2215 2340 2261 scriptum

467 2281 589 2325 legere
609 2287 815 2322 conaretur,
843 2282 951 2314 iidem
982 2283 1110 2315 fratres
1135 2283 1415 2315 insurrexerunt
1440 2282 1476 2314 in
1502 2282 1636 2327 ipsum,
1662 2288 1698 2315 et
1723 2282 1846 2315 multis
1871 2282 2104 2315 contumeliis
2129 2282 2339 2315 affecerunt.

469 2349 617 2380 Demum
653 2348 882 2393 imponentes
918 2349 948 2381 ei
985 2349 1083 2394 quod
1117 2356 1274 2382 armatus
1308 2349 1483 2391 venisset,
1520 2349 1562 2382 ad
1598 2348 1666 2382 hoc
1701 2349 1997 2394 investigandum
2033 2361 2225 2394 personam
2261 2350 2341 2395 ejus

468 2400 623 2459 propriis
654 2414 820 2447 manibus
851 2415 1083 2460 palpitabant.7
1115 2416 1231 2449 donec
1263 2416 1381 2449 dictus
1412 2422 1532 2449 rector
1561 2416 1805 2449 innocentiam
1841 2428 1941 2449 suam
1972 2415 2101 2449 volens
2131 2415 2339 2465 ostendere,

466 2493 575 2525 cappa
605 2492 667 2513 sua
698 2488 878 2514 reversata
911 2494 1025 2527 usque
1060 2483 1104 2515 ad
1135 2482 1281 2524 collum,
1313 2483 1527 2516 monstravit
1556 2494 1676 2516 coram
1708 2482 1879 2516 omnibus
1910 2494 1950 2515 se
1980 2482 2195 2524 inhermem,
2224 2489 2260 2515 et
2288 2481 2341 2516 sic

468 2559 593 2579 1111111115
615 2559 737 2579 eorum
761 2548 919 2581 evadens
940 2549 1073 2581 infecto
1096 2549 1244 2594 negotio
1267 2549 1451 2583 remeavit.
1475 2549 1636 2582 Necdum
1663 2555 1781 2582 autem
1808 2548 2060 2594 iniquitatibus
2081 2550 2341 2582 Amorreorum

468 2613 656 2657 completis
687 2615 870 2647 memorati
903 2616 1031 2648 fratres
1061 2616 1104 2648 ad
1134 2616 1284 2657 fraudis,
1318 2628 1362 2649 ne
1391 2616 1553 2649 dicamus
1583 2615 1763 2657 salsitatis,
1794 2615 2079 2649 machinamenta
2107 2627 2146 2649 se
2174 2615 2343 2661 nequiter

468 2686 734 2718 convertentes,
771 2680 813 2712 ab
849 2688 1041 2714 executore
1074 2695 1140 2715 suo
1176 2683 1375 2728 predicto¹³
1411 2682 1588 2728 quandam
1625 2682 1779 2715 litteram
1816 2689 2048 2715 extorserunt
2081 2693 2146 2727 per
2180 2693 2340 2715 errorem

469 2745 596 2789 ipsius,
625 2752 664 2778 ut
689 2747 832 2788 asserit,
860 2759 933 2779 non
962 2748 1040 2780 sine
1068 2749 1234 2782 salsitatis
1261 2749 1361 2791 vitio,
1391 2749 1653 2790 continentem,
1686 2748 1862 2793 quosdam
1893 2747 2088 2793 magistros
2115 2754 2151 2780 et
2180 2747 2342 2781 scolares

469 2817 614 2844 nostros
650 2813 859 2845 nominatim
895 2826 1011 2858 usque
1045 2815 1088 2847 ad
1123 2828 1313 2849 numerum
1349 2816 1587 2861 quadraginta
1623 2816 1659 2848 in
1695 2815 1859 2860 ejusdem
1894 2815 2077 2860 presentia
2105 2813 2341 2848 consensisse

468 2878 723 2922 prenunciatos
745 2879 872 2912 fratres
893 2881 988 2925 apud
1010 2893 1076 2913 nos
1102 2883 1283 2926 quondam
1311 2889 1482 2928 regentes
1510 2882 1554 2915 ad
1582 2888 1745 2915 nostrum
1772 2880 1997 2914 consortium
2022 2887 2058 2914 et
2084 2881 2341 2926 magistrorum

467 2943 660 2989 collegium
682 2945 936 2979 admittendos.
965 2947 1077 2989 Quam
1101 2948 1281 2993 siquidem
1303 2948 1457 2982 litteram
1481 2948 1697 2994 quibusdam
1721 2954 1901 2990 nostrum,
1927 2954 1966 2980 ut
1986 2959 2050 2980 eos
2070 2947 2115 2980 ad
2136 2947 2340 2993 exemplum

2567 2312 2571 2316 ⁴
2575 2303 2577 2306 ,
2566 2265 2577 2296 .-’.
2567 2230 2577 2252 ,Λ
2568 2154 2579 2223 &aaz
2576 2132 2580 2148 ..e
2569 2069 2580 2123 ⁸41.
2567 1846 2580 2063 Acarnanicam-deq:
2570 1826 2580 1838 ,s
2568 1782 2580 1791 L.
