2580 3528
252 415 349 457 1278]
587 425 634 448 ΑΒ
668 425 778 447 Anno
811 425 890 448 uec
924 425 1056 454 usqum
1092 426 1140 447 An
1176 426 1404 448 ruimrruu
1440 427 1480 448 ιν
1515 427 1604 449 nse.
1641 428 1777 450 rame.
2055 420 2119 452 569

246 535 361 574 484.
385 546 481 572 Simon
496 545 659 572 cardinalis
673 545 787 581 legatus
805 545 940 581 Ger-ardo,
959 546 1103 582 quondam
1118 546 1221 572 abbati
1236 548 1264 572 S.
1284 547 1417 573 Germani
1431 546 1467 572 de
1482 548 1589 581 praeis,
1607 547 1658 582 qui
1670 551 1789 583 propter
1807 551 1919 573 atroces
1935 557 1953 573 a
1973 549 2120 574 monachis

335 595 384 621 eui
397 594 566 621 monasterii
579 594 682 621 illatas
695 594 878 621 scholaribus
894 595 1017 631 injurias
1031 595 1129 630 officio
1143 599 1171 622 et
1184 595 1323 630 dignitati
1336 599 1437 632 sponte
1453 597 1547 630 cessit,
1562 596 1761 632 possessiones
1777 597 1918 631 assignat.

1135 698 1214 728 1278,
1230 698 1389 732 Septembris
1405 698 1443 728 18,
1458 699 1483 724 in
1496 699 1654 725 monasterio
1670 699 1692 725 S.
1709 699 1828 726 Germani
1838 701 1870 726 de
1884 700 1977 726 Pratie.

338 772 473 818 Symon
499 772 734 806 miseratione
762 771 883 806 divina
912 772 1004 806 tituli
1033 773 1161 806 Sancte
1188 773 1325 807 Cecilie
1352 772 1543 818 presbyter
1568 773 1763 806 cardinalis
1790 774 1990 819 apostolice
2021 775 2119 807 sedis

247 837 391 884 legatus
423 838 600 884 religioso
635 839 713 872 viro
747 839 847 873 fratri
885 839 1070 873 Gerardo¹
1101 839 1283 885 quondam
1313 839 1433 873 abbati
1468 840 1678 873 monasterii
1714 840 1833 874 Sancti
1867 841 2038 875 Germani
2074 841 2119 874 de

248 905 364 938 Pratis
389 905 585 939 Parisiens.
607 905 758 939 Ordinis
784 906 898 939 sancti
919 906 1107 940 Benedicti
1128 906 1171 949 ad
1194 907 1388 939 Romanam
1414 906 1605 939 ecclesiam
1633 906 1734 939 nullo
1762 907 1880 940 medio
1903 908 2119 953 pertinentis

246 971 399 1005 salutem
427 972 464 1005 in
492 972 660 1005 Domino.
682 972 776 1006 Olim
806 973 901 1006 inter
926 985 992 1006 vos
1020 979 1055 1006 et
1082 972 1280 1006 nonnullos
1305 973 1396 1006 alios
1424 972 1620 1006 monachos
1649 974 1857 1006 monasterii
1887 974 2005 1007 Sancti
2027 974 2119 1008 Ger-

249 1038 343 1071 mani
373 1037 419 1072 de
448 1038 564 1072 Pratis
593 1039 790 1073 Parisiens.
818 1039 970 1073 Ordinis
1000 1039 1114 1073 sancti
1145 1039 1333 1073 Benedicti
1363 1039 1407 1073 ad
1429 1041 1623 1072 Romanam
1651 1039 1841 1073 ecclesiam
1870 1040 1970 1073 nullo
1998 1040 2119 1074 medio

247 1105 465 1151 pertinentis
491 1117 535 1139 ex
562 1112 662 1151 parte
689 1118 772 1144 una,
801 1112 838 1139 et
864 1106 1143 1140 Universitatem
1173 1106 1413 1140 Parisiensem
1441 1118 1483 1139 ex
1510 1106 1634 1147 altera,
1662 1107 1854 1140 occasione
1880 1107 2117 1152 quorumdam

247 1171 563 1205 fundamentorum
594 1171 797 1206 latitudinis
826 1172 1027 1218 amplioris,
1058 1185 1128 1218 que
1166 1185 1230 1206 vos
1271 1185 1343 1206 non
1377 1173 1487 1218 longe
1523 1172 1567 1206 ab
1608 1173 1725 1218 ipsius
1759 1174 1968 1206 monasterii
2004 1173 2119 1219 septis

246 1237 285 1271 in
305 1237 363 1272 via
388 1249 454 1272 seu
475 1250 582 1272 secus
609 1238 701 1272 viam
730 1251 799 1284 qua
828 1239 900 1272 itur
926 1239 970 1272 ad
997 1245 1095 1284 prata
1121 1239 1315 1273 scolarium
1344 1239 1578 1273 mandax-istis
1606 1246 1641 1272 et
1664 1239 1803 1273 fecistis
1827 1240 2004 1281 construi,
2026 1241 2117 1274 viam

246 1304 361 1350 ipsam
391 1304 474 1350 plus
501 1301 611 1338 solito
640 1305 849 1345 coartando,
877 1306 1000 1351 gravis
1030 1312 1063 1338 et
1092 1305 1328 1351 dispendiose
1357 1306 1464 1339 nimis
1491 1306 1731 1351 (Essentionis
1755 1307 1902 1339 materia
1933 1307 2118 1348 suscitata,

245 1377 282 1404 et
314 1370 526 1404 enormibus
562 1371 780 1417 periculosis
815 1378 850 1405 et
883 1372 1108 1405 detestandis
1143 1372 1274 1405 exinde
1308 1372 1516 1405 subsecutis
1551 1371 1765 1405 excessibus
1804 1373 1839 1405 in
1879 1373 2117 1418 quorumdam

245 1436 291 1471 de
326 1437 571 1471 Universitate
605 1438 766 1483 predicta
802 1450 979 1484 personas
1013 1450 1103 1471 ausu
1138 1438 1359 1484 dampnabili
1394 1438 1631 1484 perpetratis²
1667 1450 1673 1471 z
1714 1451 1792 1479 nos,
1829 1451 1909 1471 cum
1946 1451 1989 1472 ex
2019 1446 2118 1484 parte

245 1504 501 1538 Universitatis
526 1504 643 1550 ipsius
668 1511 703 1538 et
727 1505 815 1538 alias
841 1505 945 1539 etiam
971 1505 1140 1551 publicus
1165 1517 1276 1551 super
1300 1505 1371 1538 hiis
1393 1505 1530 1538 clamor
1551 1505 1693 1538 validus
1716 1506 1759 1538 ad
1784 1512 1942 1538 nostram
1969 1506 2120 1539 audieu-

245 1570 328 1604 tiam
355 1571 597 1617 pervenisset,
623 1571 667 1604 ad
700 1571 957 1617 inquirendum
991 1584 1102 1618 super
1126 1573 1199 1618 jam
1231 1572 1338 1605 dictis
1369 1571 1582 1605 excessibus
1613 1572 1726 1605 nostri
1759 1578 1878 1617 partes
1909 1572 2119 1606 exolventes

245 1637 357 1672 officii
386 1637 556 1672 duximus
582 1639 868 1685 procedendum.
896 1640 940 1673 Et
969 1638 1111 1673 tandem
1142 1638 1351 1684 hujusmodi
1383 1638 1564 1684 pendente
1591 1650 1779 1684 processu,
1807 1651 1872 1672 vos
1902 1639 2120 1684 contemptis

245 1705 410 1739 comodis
433 1705 592 1751 propriis
615 1713 650 1740 et
671 1705 823 1739 honoris
845 1706 1049 1752 postposito
1072 1706 1183 1739 vestri
1206 1712 1314 1747 statu,
1339 1717 1404 1751 pro
1428 1705 1525 1738 bono
1547 1705 1646 1750 pacis
1667 1712 1699 1739 et
1723 1705 1885 1750 ejusdem
1910 1706 2120 1739 monasterii

245 1771 504 1817 tranquillitate
538 1784 578 1806 ac
611 1773 715 1806 etiam
751 1772 1007 1806 Universitatis
1047 1772 1249 1806 reverentia
1283 1772 1504 1818 supradicte,
1540 1779 1670 1817 sponte
1710 1772 1746 1805 in
1782 1772 1917 1805 nostris
1953 1772 2120 1805 manibus

245 1837 376 1872 cedere
412 1839 617 1881 curavistis,
649 1851 754 1885 quam
792 1839 973 1885 siquidem
1008 1839 1213 1873 cessionem
1251 1839 1420 1872 duximus
1454 1838 1726 1880 admittendam,
1758 1845 1865 1884 prout
1899 1838 1965 1871 hec
2000 1839 2119 1872 omnia

245 1904 283 1938 in
311 1904 444 1939 litteris
473 1917 585 1952 super
611 1906 840 1940 ordinatione
871 1913 994 1940 nostra
1024 1906 1061 1939 in
1088 1905 1298 1951 hujusmodi
1328 1906 1483 1951 negocio
1511 1905 1606 1938 edita
1632 1905 1808 1938 confectis
1834 1905 1979 1951 plenius
2004 1906 2120 1939 conti-

245 1977 389 2005 nentur.
416 1972 491 2006 Nos
516 1972 636 2018 itaque
661 1979 817 2006 vestram
844 1979 912 2006 tam
936 1972 1109 2006 humilem
1135 1979 1171 2006 et
1195 1978 1429 2019 spontaneam
1456 1971 1666 2017 hujusmodi
1693 1972 1898 2005 cessionem
1926 1978 2120 2017 vestreque

244 2037 451 2072 devotionis
475 2038 654 2080 affectum,
683 2051 790 2085 quem
821 2052 907 2085 erga
938 2041 1132 2073 Romanam
1162 2039 1352 2072 ecclesiam
1382 2039 1547 2085 gessisse
1574 2038 1780 2079 noscimini,
1812 2037 1972 2084 benigne
2002 2039 2118 2071 consi-

246 2104 446 2139 derationis
475 2105 647 2152 indagine
678 2107 883 2146 metientes,
915 2113 1111 2152 pensantes
1141 2106 1244 2140 etiam
1277 2106 1375 2151 quod
1405 2117 1471 2138 vos
1500 2104 1732 2139 laudabiliter
1765 2105 1862 2138 dicto
1899 2106 2120 2138 monasterio

246 2170 446 2217 prefuistis,
475 2170 570 2206 bona
596 2173 677 2218 ejus
706 2173 918 2219 temporalia
944 2172 1193 2219 multipliciter
1222 2172 1503 2218 augmentando,
1531 2178 1566 2205 et
1590 2178 1739 2217 propter
1767 2171 1835 2204 hoe
1866 2183 1938 2204 non
1969 2171 2119 2216 indigne

246 2237 398 2283 dignum
428 2238 642 2272 extimantes
672 2245 708 2273 et
736 2251 939 2273 consonum
971 2239 1100 2273 rationi
1131 2246 1170 2273 ut
1199 2239 1303 2273 vobis
1333 2239 1378 2272 de
1408 2239 1516 2271 bonis
1547 2238 1720 2284 predictis
1750 2237 1914 2270 decentis
1945 2244 1979 2270 et
2008 2237 2119 2270 hono-

246 2303 372 2338 rabilis
398 2304 620 2350 provisionis
648 2306 762 2352 gratia
791 2306 1012 2347 conseratur,
1037 2305 1142 2340 vobis
1168 2318 1233 2351 pro
1260 2317 1414 2351 persona
1444 2312 1563 2338 vestra
1593 2311 1785 2349 vestraque
1815 2303 1946 2337 familia
1977 2316 2118 2349 compe-

247 2370 335 2404 tenti
359 2370 403 2405 de
429 2371 612 2405 communi
635 2371 833 2413 voluntate,
858 2384 1041 2406 consensu
1066 2372 1239 2412 unzmimi,
1264 2384 1304 2405 ae
1334 2371 1553 2405 instantibus
1580 2370 1750 2416 precibus
1776 2370 1888 2403 totius
1915 2377 2122 2404 conventus·

246 2436 456 2471 monasterii
482 2437 650 2483 prelibati
675 2438 911 2484 singulariter
938 2438 1136 2484 expressis,
1160 2437 1205 2471 ab
1230 2437 1400 2471 omnibus
1424 2438 1468 2471 de
1490 2438 1570 2483 ipso
1595 2443 1775 2470 conventu
1799 2448 1816 2470 a
1842 2436 1948 2469 nobis
1970 2443 2119 2482 propter

247 2502 316 2537 hoc
352 2503 561 2549 specialiter
594 2511 806 2546 convocato,
836 2517 955 2539 coram
992 2505 1099 2538 nobis
1129 2511 1213 2538 tunc
1244 2505 1279 2538 in
1310 2504 1437 2538 eodem
1470 2503 1689 2537 monasterio
1723 2503 1945 2543 constitutis,
1977 2503 2118 2549 predic-

246 2575 366 2604 torum
402 2569 581 2604 bonorum
617 2571 834 2605 sufficientia
869 2571 1066 2620 diligenter
1100 2571 1274 2618 inspecta,
1311 2570 1356 2604 de
1391 2570 1518 2612 Brolii,
1553 2570 1669 2604 Pareti
1699 2576 1735 2603 et
1764 2569 1985 2610 Euranville,
2021 2569 2119 2604 villis

246 2636 399 2682 predicti
421 2637 644 2679 monasterii,
667 2650 747 2671 cum
770 2637 954 2673 domibus,
975 2637 1152 2684 grangiis,
1170 2637 1317 2683 juribus
1343 2643 1377 2671 et
1403 2636 1633 2683 pertinentiis
1660 2636 1737 2670 suis
1764 2636 1938 2681 (exceptis
1973 2642 2119 2682 septua-

246 2701 345 2748 ginta
371 2709 407 2737 et
431 2702 549 2737 tribus
579 2703 684 2737 libris
714 2704 920 2750 parisiens..
944 2716 1034 2750 quas
1060 2704 1155 2738 idem
1177 2710 1379 2737 conventus
1401 2704 1437 2736 in
1467 2703 1591 2737 eadem
1620 2702 1703 2736 villa
1730 2702 1938 2736 Euranville
1966 2702 2119 2748 percipit

245 2769 455 2814 annuatim),
491 2776 527 2804 et
560 2770 606 2803 de
639 2770 748 2804 domo
790 2771 834 2804 de
875 2771 1027 2804 Yssiaco
1061 2770 1224 2816 ejusdem
1267 2770 1490 2811 monasterii,
1533 2781 1603 2815 que
1637 2769 1704 2803 suit
1737 2768 1918 2815 quondam
1954 2769 2117 2814 magistri

245 2833 422 2870 Johnnnis
452 2835 738 2879 Barbitonsoris,
772 2836 1016 2871 archidiaconi
1045 2837 1338 2878 Suessionensis,
1368 2848 1450 2870 cum
1480 2835 1651 2870 omnibus
1684 2847 1755 2881 que
1789 2835 1879 2868 infra
1914 2834 2116 2868 clausuram

247 2900 365 2947 ipsius
395 2901 527 2937 domus
556 2903 775 2939 consistunt.
806 2916 846 2938 ae
874 2904 979 2938 etiam
1008 2904 1052 2937 de
1081 2903 1285 2937 redditibus
1314 2910 1458 2937 centum
1480 2902 1652 2936 librarum
1679 2908 1824 2935 monete
1852 2901 2025 2947 predicte,
2053 2913 2117 2933 seu

249 2966 294 3001 de
329 2967 421 3014 ipsis
455 2975 601 3003 centum
636 2969 753 3011 libris,
789 2982 860 3016 que
894 2970 939 3005 ab
977 2970 1188 3004 hominibus
1226 2969 1312 3004 ville
1346 2970 1390 3003 de
1425 2969 1652 3015 Antogniuro
1688 2968 1872 3001 memorati
1910 2966 2118 2999 monasterii

374 3025 474 3052 caan.
495 3026 573 3052 vnn.
590 3026 687 3053 raris.
704 3027 725 3053 1.
1966 3025 1995 3048 ⁷²
