2580 3528
473 383 537 424 286
1053 399 1373 422 CHARTULARlUM
1408 397 1598 420 UNIVERS.
1636 395 1764 418 rmus.
2244 386 2369 427 [1255’

474 486 585 520 super
620 474 688 507 hoc
726 474 914 516 confectis,
963 486 1032 519 que
1075 473 1189 518 Quasi
1225 473 1363 517 lignum
1403 471 1475 505 vite
1518 469 1710 514 incipiunt,
1751 468 1858 503 vobis
1900 468 2041 514 liquere
2089 469 2223 515 poterit
2268 469 2343 503 evi-

473 541 632 574 denter'.
653 541 809 584 Quocira
829 540 1041 573 fraternitati
1063 546 1182 573 vestre
1203 550 1268 583 per
1288 537 1485 583 apostolica
1513 536 1646 581 scripta
1667 535 1903 581 precipiendo
1925 536 2151 578 mandamus,
2172 536 2343 581 quatinus

473 608 738 640 ordinationem
768 607 882 652 ipsam
910 607 1047 639 faciatis
1077 604 1336 639 inviolabiliter
1356 605 1456 648 juxta
1478 602 1674 635 earundem
1704 602 1905 636 litterarum
1931 603 2190 636 continentiam
2215 602 2343 636 obser-

471 674 559 716 vari,
592 674 877 707 contradictores
904 685 968 719 per
997 683 1187 705 censuram
1220 670 1502 703 ecclesiasticam
1537 668 1781 714 appellatione
1807 669 2009 715 postposita
2033 669 2250 715 (premissis,
2276 681 2343 703 seu

472 740 570 785 quod
591 740 776 785 predictus
797 740 1038 784 predecessor
1064 737 1313 770 executionem
1341 735 1584 769 restitutionis
1611 735 1856 781 predictorum
1881 736 2030 769 fratrum
2052 736 2185 770 dicitur
2204 736 2341 770 dudum

470 806 552 839 aliis
573 807 814 847 commisisse,
836 812 896 838 aut
917 806 947 838 si
968 803 1151 849 aliquibus
1173 803 1220 836 sit
1240 802 1435 844 indultum,
1458 802 1557 847 quod
1577 801 1716 847 absque
1737 802 1837 836 sedis
1856 803 2056 848 apostolice
2077 803 2227 849 speciali
2246 815 2342 837 man-

471 873 552 907 dato
579 872 894 913 excommunicari,
917 871 1084 904 interdici
1110 869 1167 903 vel
1193 869 1371 914 suspendi
1397 880 1462 902 seu
1488 875 1586 902 extra
1612 881 1712 902 suam
1739 869 1915 903 diocesim
1940 869 1998 904 vel
2023 869 2116 903 ultra
2141 869 2218 903 sive
2244 876 2343 903 extra

469 946 605 971 certum
628 938 745 971 locum
767 938 811 970 ad
827 938 1004 982 judicium
1033 936 1174 970 evocari
1202 942 1397 981 nequeant,
1420 936 1496 970 sive
1523 935 1685 981 qualibet
1710 936 1909 982 apostolica
1934 936 2174 983 indulgentia,
2201 937 2246 970 de
2273 949 2343 982 qua

470 1016 676 1050 expressam
704 1016 768 1037 seu
797 1004 841 1037 dc
870 1004 982 1037 verbo
1009 1004 1052 1036 ad
1080 1002 1231 1036 verbum
1259 1002 1338 1035 fieri
1369 1003 1590 1036 mentionem
1621 1009 1798 1049 oporteat,
1825 1003 1883 1037 vel
1908 1015 1973 1049 per
1998 1016 2103 1049 quam
2131 1003 2342 1049 hujusmodi

468 1071 631 1103 executio
659 1070 827 1116 impediri
852 1070 968 1103 valeat
991 1070 1049 1103 vel
1080 1069 1230 1111 differri,
1252 1076 1313 1102 aut
1340 1070 1601 1103 constitutione
1623 1070 1667 1103 de
1694 1057 1836 1104 duabus
1864 1070 1972 1104 dietis
1999 1070 2095 1104 edita
2119 1070 2156 1104 in
2177 1070 2343 1104 Concilio

466 1136 628 1182 generali
656 1148 729 1169 non
764 1136 1005 1180 obstantibus)
1037 1136 1339 1181 compescendo'.
1372 1136 1479 1180 Quod
1507 1136 1538 1170 si
1558 1149 1633 1169 non
1660 1135 1766 1170 ambo
1793 1136 1864 1170 hiis
1897 1137 2122 1182 exequendis
2149 1137 2342 1183 potueritis

467 1203 656 1244 interesse,
679 1202 768 1235 alter
788 1209 948 1236 vestrum
975 1215 1015 1235 ea
1042 1202 1301 1235 nichilominus
1328 1210 1538 1248 exequatur.
1566 1203 1667 1236 Dat.³
1687 1203 1838 1249 Neapoli
1863 1203 1948 1249 xviij
1975 1203 2044 1237 kal.
2071 1204 2168 1246 Maii,
2196 1203 2342 1249 pontifi-

466 1276 565 1302 catus
587 1269 703 1302 nostri
724 1281 818 1302 anno
840 1270 969 1314 primo.

558 1366 690 1398 originale
705 1367 731 1390 in
746 1367 822 1391 Arch.
837 1370 890 1391 nat.
907 1368 991 1390 Paris.
1013 1368 1041 1391 L.
1062 1368 1115 1396 249,
1137 1372 1167 1390 n⁰
1184 1368 1223 1391 19.
1244 1369 1394 1400 Supersunt
1412 1369 1458 1392 fila
1478 1369 1590 1393 cannah.
1607 1369 1636 1392 In
1655 1368 1810 1393 membrana
1827 1376 1921 1392 aversa
1935 1376 1939 1392 ε
1959 1377 1970 1392 α
1984 1368 2182 1392 Predicatorum
2195 1377 2217 1397 n,
2233 1372 2258 1392 et
2272 1368 2343 1393 insta

464 1410 489 1440 ιζ
504 1419 509 1434 ·.
524 1411 632 1443 cclxxvij
649 1420 707 1443 cap.
723 1411 801 1442 [anno
816 1411 924 1443 priinoj.
940 1413 1039 1435 Revera
1055 1411 1188 1435 invenitur
1200 1412 1227 1435 in
1242 1413 1306 1444 Reg.
1320 1413 1378 1436 Vnt.
1395 1413 1536 1436 Alexandri
1551 1413 1584 1436 IV
1599 1421 1642 1437 mi.
1661 1413 1683 1442 1,
1702 1421 1743 1445 ep.
1761 1414 1805 1437 277
1813 1413 1831 1442 ³,
1851 1413 1895 1437 fol.
1913 1413 1969 1437 [iob.
1986 1427 2018 1431 —
2034 1413 2163 1438 Vidimus
2177 1421 2219 1436 an.
2238 1413 2300 1437 1256
2313 1413 2341 1437 in

465 1455 539 1478 Arch.
554 1456 656 1487 de'part.
673 1456 704 1479 de
715 1456 741 1479 la
756 1456 899 1484 COte-d'Or,
919 1457 995 1479 fonds
1011 1456 1200 1485 Dominicains,
1216 1456 1297 1480 liasse
1317 1458 1372 1481 930.
1391 1458 1499 1482 Carlul.
1515 1458 1560 1481 des
1576 1457 1765 1486 Dominienins,
1786 1457 1852 1482 ibid.
1868 1458 1900 1482 Η.
1916 1458 1970 1485 221,
1988 1458 2031 1481 sol.
2051 1458 2091 1482 53.
2107 1471 2134 1476 —
2147 1457 2271 1486 Bulaeus,
2289 1457 2336 1486 m,

464 1501 517 1528 286,
536 1500 675 1531 epistolam
690 1500 871 1524 abbreviatum
886 1501 970 1524 affort.
988 1500 1064 1530 1hid.‚
1083 1509 1110 1532 p.
1127 1502 1181 1530 294,
1196 1501 1303 1525 easdem
1317 1501 1419 1525 litteras
1435 1503 1516 1525 refert
1531 1502 1564 1525 ad
1580 1510 1592 1526 (ι
1603 1502 1638 1534 vij
1654 1502 1691 1528 id.
1705 1500 1825 1526 Decemh.
1841 1510 1863 1528 i).

558 1585 580 1607 1.
600 1584 687 1616 Supra
703 1589 732 1607 n⁰
745 1586 798 1608 2117.
813 1599 843 1602 —
857 1586 878 1608 2.
893 1585 968 1613 Quod
985 1585 1074 1617 utique
1089 1585 1184 1614 evenit,
1203 1588 1233 1609 ut
1248 1594 1279 1609 ex
1298 1586 1363 1609 actis
1379 1586 1573 1617 posterioribus
1593 1586 1685 1618 liquet.
1702 1586 1825 1615 Bulaeus,
1847 1587 1893 1615 111,
1909 1587 1963 1615 287,
1980 1588 2061 1610 refert
2075 1586 2218 1618 magistros
2239 1589 2340 1618 septem

464 1628 633 1659 potissimum
655 1629 769 1652 rationes
793 1629 907 1653 edidisse
927 1631 1002 1661 (quus
1022 1630 1102 1653 etiam
1124 1630 1226 1660 edidit),
1251 1630 1347 1662 quibus
1368 1639 1396 1654 se
1417 1631 1451 1654 ad
1471 1631 1686 1654 Pruedicatorum
1701 1631 1878 1662 receptionem
1900 1631 2023 1663 compelli
2038 1639 2089 1655 non
2104 1639 2183 1663 posse
2198 1631 2340 1655 contende-

463 1673 535 1698 bant.
557 1674 588 1696 At
609 1673 674 1697 istae
693 1674 807 1697 rationes
828 1674 893 1697 nihil
911 1674 962 1697 nisi
982 1677 1104 1706 excerpta
1125 1678 1187 1698 sunt
1205 1683 1237 1698 ox
1257 1675 1326 1699 libro
1348 1675 1391 1700 De
1409 1675 1546 1705 periculis
1565 1675 1791 1700 novissimorum
1811 1680 1970 1706 temporum
1989 1679 2014 1699 et
2034 1675 2130 1699 titteris
2152 1675 2339 1700 Universitatis

462 1717 531 1741 infra
544 1722 572 1741 n⁰
587 1719 632 1741 256
645 1718 742 1742 allatis.
754 1719 819 1742 Puto
830 1719 957 1742 Balneum
970 1727 1013 1742 eas
1028 1719 1175 1751 sumpsisse
1186 1727 1217 1743 ex
1229 1719 1378 1750 Antiloqia
1389 1727 1482 1751 papae
1495 1720 1586 1750 (anil.
1600 1720 1680 1750 1555),
1695 1729 1722 1752 p.
1739 1720 1793 1744 137.
1806 1733 1836 1738 —
1850 1721 1873 1744 3.
1885 1720 1913 1743 ln
1925 1721 1989 1752 Reg.
2001 1720 2058 1745 Vat.
2071 1728 2077 1743 z
2091 1728 2102 1743 α
2114 1720 2173 1744 Dat.
2184 1723 2213 1744 ut
2223 1728 2305 1752 supra
2316 1728 2338 1749 n,

463 1771 501 1785 sc.
519 1767 548 1785 n⁰
563 1763 618 1786 247.

464 1926 575 1963 249.
599 1935 767 1962 Alexander
788 1938 832 1964 IV
857 1938 1004 1972 magistris
1033 1938 1195 1973 theologiae
1225 1938 1443 1965 Parisiensihus
1472 1938 1600 1974 mandat,
1641 1942 1670 1964 ut
1698 1938 1853 1973 magistros
1885 1938 1951 1966 Ord.
1981 1938 2087 1965 Praed.
2120 1939 2149 1965 in
2178 1938 2338 1974 theologica

551 1984 693 2018 facultate
709 1990 838 2020 regentes
855 1986 933 2020 infra
949 1987 1110 2022 quindecim
1126 1987 1188 2013 dies
1202 1987 1242 2013 ad
1256 1988 1424 2014 societatem
1440 1987 1605 2014 admittant.

1690 2046 1766 2075 1256,
1781 2045 1873 2078 Aprilis
1889 2045 1925 2075 14,
1940 2046 2050 2078 Neapoli.

553 2126 737 2171 Magistris
764 2127 948 2173 theologie
977 2128 1259 2163 Parisiensibus.
1288 2129 1584 2163 Controversiam
1615 2129 1751 2162 dudum
1780 2129 1876 2162 inter
1904 2141 1969 2163 vos
1999 2135 2035 2162 et
2064 2129 2337 2164 universitatem

462 2192 657 2226 scolarium
692 2194 887 2228 Parisiens.
925 2207 967 2227 cx
1001 2208 1071 2228 una
1107 2202 1220 2241 parte,
1252 2202 1288 2229 et
1317 2196 1493 2241 quosdam
1529 2196 1726 2241 religiosos
1757 2208 1801 2228 ex
1830 2195 1941 2229 altera
1975 2208 2086 2242 super
2119 2195 2337 2242 quibusdam

462 2259 605 2292 statutis
631 2260 777 2293 inimico
803 2260 949 2294 homine
975 2262 1291 2307 superseminante
1317 2261 1503 2296 subortam
1529 2274 1594 2308 per
1621 2262 1888 2295 ordinationem
1914 2262 2101 2308 providam
2123 2263 2168 2296 de
2187 2263 2338 2297 fratrum

464 2332 670 2359 nostrorum
692 2327 847 2360 consilio
874 2328 1061 2373 sopientes
1083 2328 1145 2361 dil.
1174 2328 1270 2362 filios
1296 2328 1626 2363 Bonumhominem
1652 2335 1688 2362 et
1712 2328 1860 2374 Helyam
1886 2328 1974 2362 Ord.
1996 2329 2123 2362 Praed.
2146 2329 2275 2363 fratres
2300 2329 2339 2364 in

465 2391 667 2438 theologica
688 2393 854 2426 facultate
876 2395 1084 2440 magistros,
1112 2396 1305 2429 occasione
1326 2396 1488 2441 predicte
1515 2395 1765 2429 controversie
1786 2407 1852 2441 per
1871 2407 1936 2429 vos
1964 2402 2000 2429 et
2025 2395 2116 2429 alios
2144 2396 2338 2442 magistros

463 2459 687 2492 Parisienses
718 2461 863 2493 nomine
891 2461 1147 2495 Universitatis
1173 2474 1191 2494 a
1218 2469 1340 2495 vestro
1375 2462 1561 2496 consortio
1591 2468 1628 2495 et
1656 2462 1912 2496 Universitatis
1946 2462 2104 2508 collegio
2137 2468 2337 2508 separatos,

465 2536 556 2568 quos
588 2537 653 2558 vos
680 2526 844 2571 magistri
874 2540 892 2560 a
917 2527 977 2560 fel.
1007 2528 1273 2562 recordationis
1302 2530 1329 2562 Ι.
1361 2541 1451 2574 papa
1478 2529 1742 2574 predecessore
1773 2535 1899 2562 nostro
1927 2529 2116 2562 restitutos
2151 2528 2196 2562 de
2222 2529 2338 2574 gratia

465 2590 625 2634 speciali,
653 2591 737 2625 licet
762 2604 872 2638 super
897 2593 965 2627 hoc
992 2595 1198 2628 mandatum
1225 2595 1464 2640 apostolicum
1495 2595 1722 2641 receperitis,
1749 2595 1920 2629 noluistis
1948 2595 2149 2637 admittere,
2171 2595 2216 2628 ad
2240 2595 2337 2629 idem

465 2657 689 2689 consortium
716 2658 890 2703 ipsosque
916 2672 954 2692 ac
980 2661 1166 2694 auditores
1192 2674 1316 2694 eorum
1349 2662 1393 2695 ad
1421 2662 1677 2695 Universitatis
1707 2661 1903 2706 collegium
1932 2661 2158 2694 restituimus
2188 2661 2336 2695 omnino

467 2722 511 2754 de
538 2729 660 2755 nostre
687 2723 912 2768 plenitudine
938 2733 1127 2771 potestate,
1155 2739 1283 2761 omnes
1309 2728 1509 2762 sententias
1531 2728 1744 2773 privationis
1766 2739 1831 2760 seu
1851 2727 2091 2772 separationis
2111 2739 2130 2760 a
2151 2728 2337 2761 consortio

467 2788 651 2822 societatis
670 2796 789 2823 vestre
810 2791 867 2824 vel
888 2792 1045 2838 collegio
1067 2794 1323 2828 Universitatis
1349 2801 1410 2828 aut
1434 2794 1617 2828 similibus
1643 2794 1720 2828 sive
1746 2805 1859 2839 penas
1885 2793 2068 2839 quaslibet
2090 2793 2149 2828 vel
2174 2793 2338 2839 prohibi-

468 2854 586 2887 tiones
611 2855 647 2887 in
673 2856 819 2889 eosdem
846 2858 974 2892 fratres
1003 2859 1060 2892 vel
1089 2861 1274 2894 auditores
1302 2873 1429 2895 eorum
1459 2861 1637 2907 premissa
1665 2860 1858 2894 occasione
1883 2859 2040 2905 prolatas
2066 2860 2212 2906 penitus
2232 2873 2339 2895 revo-

468 2921 594 2953 cando.
618 2922 794 2965 Quocirca
824 2924 1035 2958 discretioni
1062 2934 1183 2960 vestre
1214 2940 1279 2973 per
1307 2927 1507 2973 apostolica
1536 2927 1669 2972 scripta
1697 2926 1922 2968 mandamus,
1948 2927 2118 2972 quatinus
2145 2927 2274 2962 fratres
2302 2934 2338 2962 et

2572 1035 2580 1124 ⁴..m-³...
2574 954 2580 1028 ...Λ-ω.
2574 921 2580 937 ...

2572 1147 2580 1220 Ξ

2573 1221 2580 1264 Ξ

2572 1264 2580 1304 g
