2580 3528
501 406 566 438 536
1080 411 1397 435 caAa‘ruLAan
1432 409 1621 432 nmvsns.
1659 409 1788 431 iuius.
2270 399 2370 440 [1275

499 527 613 564 464.
636 535 778 561 Fundatio
796 535 914 570 Collegii
928 536 1046 561 Daciae.

1840 579 1882 605 An.
1900 580 1975 606 1275.

591 660 744 693 Messire
774 659 887 692 Jehan
917 659 990 691 dict
1026 670 1095 702 que
1130 657 1198 689 l’an
1229 655 1460 689 MCCLXXV
1490 666 1539 686 un
1569 653 1721 686 docteur
1750 653 1798 686 du
1827 665 1914 699 pays
1944 654 1989 687 de
2018 655 2135 687 Dace‘
2170 654 2289 688 donna
2320 666 2368 687 un

501 727 620 760 hostel
650 726 743 759 assis
773 728 791 758 a
820 725 920 758 Paris
950 736 1042 769 pour
1072 723 1125 756 les
1156 722 1345 755 escolliers
1381 722 1428 754 du
1464 732 1634 766 royaume
1670 719 1714 753 de
1745 721 1839 753 Dace
1875 723 1893 753 a
1926 720 2023 754 tiltre
2035 721 2060 762 ³,
2098 727 2134 754 et
2162 721 2293 766 depuis
2322 732 2368 754 en

500 794 572 826 lieu
599 793 699 825 dudit
726 792 844 824 hostel
869 791 923 824 les
949 790 1138 823 escolliers
1164 790 1210 822 du
1237 800 1407 833 royaume
1434 788 1478 820 de
1504 789 1599 820 Dace
1624 790 1642 820 a
1668 787 1764 820 tiltre
1791 787 1835 820 de
1858 788 2100 833 perm'utation
2126 794 2161 821 et
2185 787 2368 834 eschange

500 867 559 893 ont
592 872 635 892 eu
667 871 714 891 un
744 865 844 891 autre
875 857 993 890 hostel
1023 857 1116 889 assis
1147 859 1291 900 empres
1321 855 1375 887 les
1406 855 1568 888 Carmes.

590 957 626 979 Ex
646 956 736 979 charta
757 964 798 978 an.
819 956 887 983 1384,
904 955 956 978 Jul.
974 955 1003 977 13
1019 954 1139 985 (incipitt
1163 962 1174 976 (t
1190 954 1228 976 Du
1241 953 1322 984 jeudy
1338 960 1385 975 xm
1399 952 1461 983 jour
1475 953 1507 975 de
1519 952 1608 984 juillet
1622 951 1834 976 MCCCLXXXIV
1848 955 1921 975 entre
1940 951 2050 975 messire
2065 951 2149 976 Jehan
2163 952 2195 975 de
2209 952 2277 976 Dece
2291 951 2369 976 d'une

496 1004 556 1032 part
575 1004 600 1023 et
619 1001 642 1023 le
662 1003 763 1023 rectem·
779 1003 803 1022 et
818 999 959 1022 universim
974 999 1005 1021 de
1027 998 1101 1021 Paris
1126 1001 1150 1021 et
1171 997 1304 1029 plusieurs
1320 1000 1409 1020 autres
1425 997 1526 1020 d'autre
1547 1000 1617 1028 part,
1634 996 1743 1020 Messire
1762 996 1846 1020 Jelmn
1867 996 1921 1020 dict
1935 1004 1958 1025 i),
1978 998 2039 1026 etc.)
2058 996 2129 1028 apud
2149 996 2274 1024 Felihien,
2293 996 2367 1021 ku.

497 1047 528 1069 de
539 1045 568 1069 la
582 1045 647 1069 ville
661 1046 693 1067 de
709 1044 802 1071 Paris,
818 1044 858 1071 lv,
876 1044 928 1066 535.

594 1129 615 1151 1.
631 1128 779 1151 Secundum
793 1127 956 1151 Grammium
975 1127 1082 1156 (Oratio
1095 1128 1127 1150 de
1140 1126 1211 1157 oriy.
1226 1130 1250 1149 et
1264 1130 1339 1150 statu
1353 1125 1396 1149 ‘rei
1410 1125 1495 1150 litter.
1511 1126 1544 1150 in
1557 1125 1661 1155 Dam'a)
1677 1125 1727 1149 iste
1742 1125 1833 1148 doctor
1850 1125 1899 1149 suit
1912 1125 2054 1154 Erlandus,
2068 1125 2097 1149 15
2110 1125 2194 1157 April.
2206 1133 2248 1150 an.
2265 1126 2326 1149 1274
2340 1125 2367 1149 in

496 1173 722 1204 archiepiscopum
744 1172 907 1195 Lundensem
927 1172 1033 1199 electus,
1055 1174 1079 1194 et
1099 1172 1128 1194 23
1148 1171 1213 1202 Aug.
1231 1171 1292 1193 1276
1311 1170 1460 1194 defunctus.
1475 1170 1554 1194 Juxta
1574 1170 1640 1193 alios
1659 1169 1846 1193 nominabatur
1864 1170 1997 1193 Johannes
2020 1170 2052 1193 de
2070 1170 2158 1198 Dacia,
2178 1169 2320 1193 canonicus
2339 1170 2365 1194 S.

500 1217 645 1241 Genovesae
672 1218 715 1246 (cf.
736 1216 828 1240 Gallia
848 1216 1013 1244 christiana,
1034 1216 1091 1243 vn,
1109 1215 1172 1247 743),
1193 1215 1268 1246 cujus
1288 1214 1376 1237 obitus
1392 1214 1418 1237 in
1434 1214 1542 1239 Necrol.
1560 1214 1587 1238 S.
1606 1214 1762 1244 Genovefae
1779 1215 1812 1238 ad
1832 1214 1857 1246 vj
1877 1223 1937 1238 non.
1954 1214 2045 1238 octob.
2067 1214 2229 1246 assignatur.
2249 1214 2318 1238 Bibl.
2339 1214 2366 1238 S.

497 1262 651 1289 Genovesae,
668 1269 716 1284 ms.
733 1260 796 1284 BB1.
812 1261 868 1284 [¹22.
885 1274 915 1278 —
930 1261 952 1283 2.
969 1260 1034 1283 Dani
1049 1259 1135 1291 primo
1153 1259 1310 1282 habitabant
1324 1259 1431 1282 domum
1446 1259 1472 1282 in
1488 1259 1545 1282 vico
1561 1259 1587 1283 S.
1603 1259 1759 1283 Genovefae.

494 1437 607 1473 465.
632 1447 761 1471 Summus
773 1446 908 1481 pontifex
922 1445 1126 1471 cancellarium
1138 1445 1332 1471 Par-isiensem
1348 1445 1481 1471 hortatur
1497 1448 1527 1470 ut
1541 1447 1577 1479 fr.
1595 1444 1719 1471 Johanni
1730 1444 1765 1471 de
1776 1444 1906 1479 Liaeiaco,
1927 1444 2123 1470 Cluniacensis
2140 1444 2264 1479 Ordinis,
2278 1443 2367 1470 licen-

584 1495 653 1520 tiam
669 1495 697 1520 in
714 1494 856 1529 theologia
873 1494 990 1529 regendi
1005 1494 1121 1520 tribuat.

1786 1543 1828 1569 An.
1847 1543 2008 1569 1259-1275.

587 1618 725 1651 Dilecto
756 1618 830 1650 filio
861 1618 1075 1651 cancellario
1108 1618 1263 1651 ecclesie
1292 1618 1523 1651 Parisiensis.
1559 1617 1765 1651 Virtutum¹
1796 1618 1933 1650 intenta
1963 1617 2076 1650 cultui
2106 1628 2206 1650 sacra
2235 1617 2367 1663 religio

497 1685 750 1719 Cluniacensis
781 1685 943 1726 Ordinis,
974 1685 1032 1717 cui
1058 1697 1100 1717 ex
1126 1685 1361 1730 providencie
1388 1685 1510 1718 divine
1536 1685 1691 1718 consilio
1717 1684 1778 1717 ille
1805 1685 1996 1717 confessor
2024 1683 2224 1717 altissimus
2253 1683 2369 1729 gratia

498 1752 716 1784 Benedictus
747 1758 780 1784 et
812 1752 970 1792 nomine,
1003 1753 1107 1796 cujus
1138 1752 1229 1784 odor
1259 1752 1427 1784 sidereus
1462 1764 1527 1796 per
1556 1751 1682 1784 orbem
1712 1751 1823 1797 longe
1852 1751 1996 1796 lateque
2027 1751 2182 1784 diffusus
2212 1750 2369 1796 preemi-

496 1818 616 1850 nentia
647 1818 817 1850 claritatis
847 1818 1006 1857 irradiat,
1039 1818 1242 1863 preclarum
1274 1818 1375 1851 dedit
1408 1818 1550 1850 initium
1583 1825 1618 1851 et
1654 1817 1866 1851 admirabile
1900 1817 2054 1850 contulit
2088 1817 2366 1859 incrementum,

496 1891 617 1917 sancte
646 1884 836 1929 religionis
867 1884 997 1917 decore
1028 1884 1211 1930 prefulget
1240 1891 1275 1918 et
1300 1884 1577 1930 precellentium
1602 1884 1756 1918 rutilans
1782 1896 1932 1930 operum
1958 1884 2159 1925 sanctitate,
2190 1884 2267 1916 Deo
2296 1883 2367 1928 pla-

496 1951 615 1983 cidum
647 1963 686 1983 se
717 1950 862 1983 exhibet
891 1958 926 1983 et.
955 1951 1050 1996 apud
1079 1951 1170 1984 alios
1197 1951 1348 1997 gratiam
1378 1951 1541 1997 gloriose
1572 1951 1757 1996 opinionis
1788 1951 1952 1992 effundit,
1984 1950 2078 1983 circa
2107 1951 2212 1995 cujus
2241 1961 2367 1983 revera

497 2024 626 2050 statum
653 2030 695 2050 eo
726 2018 972 2062 perspicacius
1003 2018 1078 2051 acie
1108 2018 1307 2063 apostolice
1336 2018 1643 2051 considerationis
1674 2018 1916 2059 extendimus,
1943 2018 2097 2062 ejusque
2126 2016 2368 2062 prosperitate

497 2096 539 2116 eo
570 2084 850 2117 desiderabilius
880 2085 1101 2126 affectamus,
1133 2097 1204 2130 quo
1235 2097 1300 2130 per
1324 2097 1400 2117 eam
1431 2091 1500 2118 tam
1528 2085 1606 2118 sedi
1632 2084 1831 2129 apostolice
1857 2096 1962 2129 quam
1988 2083 2186 2117 universali
2211 2083 2367 2117 ecclesie

497 2150 691 2195 ampliores
721 2151 859 2184 fructus
894 2151 1045 2184 honoris
1081 2151 1258 2184 accedunt
1292 2158 1327 2184 et
1361 2151 1514 2197 potioris
1549 2151 1714 2184 utilitatis
1749 2151 1970 2196 proveniunt
2003 2151 2237 2183 incrementa.
2270 2151 2368 2183 Inter

498 2216 705 2261 hujusmodi
727 2217 821 2250 enim
844 2218 1035 2263 religionis
1061 2218 1226 2263 angelice
1252 2218 1497 2263 professores,
1520 2219 1624 2263 cujus
1650 2217 1775 2250 orbem
1797 2224 1892 2251 terre
1919 2217 2077 2263 spatiosa
2097 2216 2248 2250 latitudo
2269 2228 2368 2250 coln-

499 2284 678 2328 plectitur,
702 2296 876 2329 personas
898 2285 1003 2317 decet
1027 2284 1198 2317 omnibus
1225 2285 1382 2318 inveniri
1410 2284 1637 2330 temporibus
1667 2296 1737 2330 que
1768 2283 1939 2317 thesauro
1970 2284 2122 2317 scientie
2152 2283 2369 2329 splendeant

498 2350 592 2382 sicut,
617 2350 765 2383 rutilant
791 2351 991 2392 sanctitate,
1023 2358 1062 2384 ut
1091 2363 1134 2383 ex
1163 2351 1354 2396 utriusque
1382 2363 1564 2384 concursu
1591 2351 1740 2384 luminis
1770 2351 1858 2384 tanti
1887 2351 2045 2396 dignitas
2073 2350 2222 2384 Ordinis
2249 2341 2368 2383 taliter

498 2416 699 2449 illustretur
720 2417 817 2461 quod
842 2418 879 2449 in
905 2417 1118 2450 declaranda
1145 2418 1296 2451 scientia
1322 2418 1407 2450 fidei
1435 2424 1470 2450 et
1495 2417 1700 2451 roboranda
1721 2430 1872 2463 operum
1899 2417 2091 2463 disciplina
2116 2416 2173 2450 sui
2192 2415 2367 2449 desiderii

498 2483 683 2515 sanctitate
704 2483 879 2527 proficere
900 2484 1052 2525 valeant,
1083 2484 1181 2517 Ordo
1210 2485 1288 2529 ipse
1318 2485 1364 2517 sit
1392 2496 1537 2530 semper
1563 2485 1600 2517 in
1626 2485 1743 2517 lucem
1770 2485 1933 2530 gentium
1960 2490 1996 2517 et
2019 2483 2228 2529 perempnis
2249 2482 2367 2528 glorie

500 2555 678 2581 mereatur
705 2556 948 2593 augmentum.
980 2551 1071 2583 Sane
1099 2558 1263 2595 porrecta
1292 2551 1399 2584 nobis
1427 2564 1469 2584 ex
1497 2558 1596 2597 parte
1625 2551 1840 2584 dilectorum
1867 2550 2024 2584 filiorum
2052 2549 2192 2583 abbatis
2220 2556 2255 2582 et
2280 2561 2368 2582 con-

499 2621 628 2646 ventus
657 2615 863 2647 monasterii
892 2616 1144 2650 Cluniacensis
1174 2644 1194 2649 ..
1224 2618 1383 2650 diocesis
1411 2618 1536 2663 petitio
1564 2617 1774 2651 continebat
1800 2617 1897 2663 quod
1925 2628 1992 2650 nos
2019 2616 2104 2649 olim
2133 2616 2177 2648 ad
2203 2616 2364 2661 ipsorum

501 2680 775 2724 supplicationis
803 2682 1005 2714 instantiam
1036 2690 1069 2715 te
1099 2695 1162 2728 per
1188 2684 1275 2717 alias
1303 2691 1446 2718 nostras
1474 2684 1613 2718 litteras
1641 2684 1843 2730 rogandum
1874 2684 2043 2716 duximus
2074 2689 2109 2715 et
2134 2681 2364 2724 hortandum,

501 2758 564 2791 per
584 2747 780 2791 apostolica
803 2747 866 2779 tibi
887 2748 1144 2782 nichilominus
1173 2750 1305 2795 scripta
1331 2751 1543 2784 mandantes
1569 2758 1609 2784 ut
1629 2751 1762 2784 dilecto
1787 2750 1863 2784 filio
1883 2752 1914 2784 J.
1937 2750 1982 2783 de
2003 2749 2159 2790 Lixiaco,
2182 2748 2366 2794 supprior-i

501 2813 681 2857 prioratus
716 2813 759 2845 de
794 2814 948 2846 Caritate
984 2815 1068 2847 dicti
1103 2816 1266 2858 Ordinis,
1296 2817 1615 2851 Autisiodorensis
1646 2818 1817 2859 diocesis,
1848 2817 1909 2862 qui
1938 2815 2071 2849 librum
2100 2815 2366 2849 Sententiarum

500 2878 638 2924 legerat
665 2879 902 2924 solempniter
929 2881 1088 2914 Parisius
1116 2889 1253 2927 septem
1281 2884 1385 2916 annis
1406 2890 1491 2916 tunc
1520 2884 1666 2929 elapsis,
1697 2890 1731 2917 et
1754 2883 1989 2929 reputabatur
2014 2882 2180 2928 ydoneus
2207 2881 2251 2914 ad
2278 2880 2367 2914 obti-

502 2945 659 2977 nendum
681 2945 860 2978 licentiam
890 2946 925 2979 in
952 2946 1156 2992 theologica
1177 2949 1357 2991 facultate,
1387 2950 1417 2982 si
1445 2962 1525 2983 eum
1554 2951 1740 2984 invenires
1764 2950 1959 2996 ydoneum,
1986 2949 2114 2982 ordine
2139 2948 2201 2994 qui
2228 2947 2366 2981 servari
