2580 3528
273 431 371 472 1256]
613 440 661 462 Aa
694 435 801 463 Anno
834 439 913 470 uec
947 439 1079 469 USQUE
1113 440 1162 463 An
1197 440 1425 470 PnlLIPPvu
1461 441 1501 463 ιν
1536 442 1627 467 asc..
1662 443 1799 465 rnANc.
2078 436 2144 470 307

271 542 384 582 270.
406 551 576 579 Alexander
599 553 646 578 JV
661 551 767 578 laudat
788 552 983 579 Haimericum
1011 551 1218 579 cancellarium
1243 553 1438 579 Parisiensem
1462 552 1497 579 ob
1523 562 1688 579 concessam
1711 554 1801 588 fratri
1825 554 1947 581 Thomae
1973 555 2009 582 de
2030 557 2144 591 Aquino

359 600 514 628 licentiam·
527 600 659 636 docendi,
681 601 765 637 eique
785 601 908 627 mandat
926 605 957 628 ut
980 601 1124 637 quamcito
1144 610 1207 628 eum
1228 601 1257 627 in
1283 602 1472 628 Univereitate
1490 602 1655 628 Parisiensi
1675 603 1822 637 regiminis
1842 603 2017 640 principium
2039 604 2146 632 habere

358 650 472 685 faeiat,·
486 653 650 677 conventum
667 649 735 677 Ora.
751 649 858 677 Praed.
874 650 972 679 Paris.
988 649 1216 676 commendatum
1231 649 1349 678 habeat.

1505 700 1579 730 1256,
1594 700 1682 726 Heu-iii
1691 701 1717 730 3,
1733 701 1860 727 Letoi-em:

359 773 568 808 Alexander
593 773 791 820 episcopus
815 785 945 808 servus
970 785 1159 807 servorum
1187 774 1252 807 Dei
1279 773 1412 808 dilecto
1438 773 1513 808 filio
1540 800 1562 808 ..
1584 774 1801 808 cancellario
1826 775 2024 809 Parisiensi
2049 775 2145 809 salu-

274 846 347 874 tem
368 846 405 875 et
423 840 659 886 apostolicam
680 840 988 875 benedictionem.
1011 840 1234 874 Delectabile
1255 840 1364 874 nobis
1385 847 1441 874 est
1464 840 1588 875 auditu
1609 841 1811 887 percipere,
1833 841 1931 887 quod
1956 848 1991 875 te
2016 842 2053 875 in
2074 842 2146 876 hiis

272 913 480 953 promptum
501 906 627 941 reddis
652 913 689 941 et
711 906 874 953 vigilem,
899 919 970 952 que
995 907 1163 952 pietatem
1189 907 1378 941 continent
1395 907 1455 941 vel
1474 907 1620 953 sapiunt
1638 907 1878 950 honestatem,
1905 915 2014 954 prout
2038 920 2081 942 ex
2102 921 2144 942 eo

273 980 439 1020 patenter
457 974 682 1020 agnoscitur,
709 974 807 1020 quod
828 973 961 1007 dilecto
982 973 1058 1007 filio
1078 974 1179 1007 fratri
1199 973 1337 1007 Thome
1357 973 1403 1007 de
1422 974 1568 1020 Aquino
1589 974 1739 1008 Ordinis
1760 974 2046 1017 Predicatorum,
2066 975 2145 1009 viro

272 1040 400 1086 utique
428 1039 618 1074 nobilitate
644 1040 792 1086 generis
820 1046 856 1074 et
881 1052 1022 1074 morum
1050 1039 1240 1074 honestate
1266 1041 1466 1086 conspicuo
1492 1052 1532 1074 ac
1560 1040 1769 1074 thesaurum
1796 1041 1963 1075 litteralis
1993 1042 2145 1076 scientie

274 1118 340 1153 per
359 1107 427 1140 Dei
446 1107 599 1153 gratiam
620 1113 803 1148 assecuto,
824 1106 959 1140 dedisti
979 1106 1161 1140 licentiam
1184 1107 1220 1140 in
1240 1106 1425 1153 theologia
1449 1107 1616 1141 facultate
1638 1107 1806 1148 docendi,
1829 1108 2039 1153 priusquam
2061 1108 2147 1142 illuc

275 1180 400 1208 nostre
420 1173 541 1208 littere
562 1173 810 1219 pervenirent,
831 1185 921 1219 quas
946 1173 1012 1207 tibi
1037 1185 1148 1219 super
1172 1173 1240 1207 hoc
1267 1173 1475 1219 specialiter
1498 1173 1766 1208 mfflebamus‘.
1793 1174 1884 1217 Quia
1904 1186 1991 1208 vero
2011 1174 2146 1208 conde—

274 1251 362 1274 cens
389 1246 458 1282 est,
487 1246 527 1274 ut
551 1239 763 1285 hujusmodi
791 1239 978 1286 negotium
1005 1251 1024 1273 a
1052 1246 1086 1273 te
1110 1239 1341 1273 laudabiliter
1367 1239 1573 1273 inchoatum
1599 1241 1770 1274 festinum
1798 1240 1928 1274 habeat
1954 1241 2087 1274 exitum
2113 1247 2149 1274 et

274 1306 432 1349 felicem,
462 1306 695 1340 devotionem
725 1312 820 1339 tuam
851 1306 1048 1351 rogandam
1079 1306 1249 1339 duximus
1279 1312 1315 1339 et
1342 1306 1558 1339 monendam
1589 1318 1654 1352 per
1686 1307 1884 1352 apostolica
1918 1307 2051 1353 scripta
2082 1307 2147 1341 tibi

275 1373 502 1415 mandantes,
537 1372 707 1418 quatinus
741 1372 897 1406 eundem
927 1372 1073 1406 fratrem
1101 1372 1138 1405 in
1168 1372 1329 1418 predicta
1357 1372 1524 1406 facultate
1553 1373 1625 1406 cito
1655 1373 1763 1406 facias
1794 1374 1984 1419 regiminis
2013 1373 2147 1408 habere

275 1439 509 1486 principium,
530 1445 565 1472 et
585 1438 740 1472 dilectos
765 1438 861 1472 filios
884 1465 906 1472 ..
929 1439 1087 1484 priorem
1110 1445 1145 1472 et
1169 1445 1388 1472 conventum
1414 1439 1641 1472 Parisienses
1667 1439 1830 1484 ejusdem
1853 1440 1994 1474 ordinis
2014 1440 2148 1474 habeas

274 1517 342 1552 pro
370 1505 493 1540 divina
521 1511 558 1539 et
586 1511 711 1539 nostra
740 1505 944 1539 reverentia
973 1505 1246 1539 commendatos
1276 1516 1413 1550 eosque
1442 1505 1578 1538 favoris
1608 1506 1805 1551 opportuni
1833 1506 1995 1551 presidio
2022 1511 2149 1552 prose-

274 1572 417 1619 quaris3
449 1572 602 1606 maxime
628 1583 710 1605 cum
740 1571 812 1618 ipsi
841 1583 907 1618 pro
938 1571 1143 1605 turbatione
1174 1571 1299 1613 studii,
1330 1583 1395 1617 per
1424 1571 1600 1617 quosdam
1628 1572 1829 1617 iniquitatis
1858 1572 1954 1606 filios
1982 1573 2150 1618 nequiter

271 1645 479 1686 procurata,
518 1638 556 1672 in
589 1637 701 1672 multa
740 1638 930 1672 vexatione
967 1637 1143 1672 hactenus
1177 1638 1370 1672 extiterant
1407 1644 1443 1672 et
1475 1638 1642 1680 existant,
1679 1639 1876 1672 parisiensi
1915 1639 2070 1673 ecclesia
2103 1639 2148 1674 de

271 1706 438 1752 ipsorum
472 1704 674 1747 laboribus,
706 1705 801 1739 sicut
829 1705 939 1747 nosti,
974 1704 1165 1738 utilitatem
1194 1716 1268 1738 non
1303 1705 1480 1738 modicam
1511 1712 1772 1751 consequente.
1804 1707 1936 1739 Preces
1965 1712 2085 1740 autem
2115 1713 2150 1740 et

274 1772 482 1807 mandatum
512 1777 678 1806 nostrum
708 1771 762 1806 sic
791 1771 986 1817 adimpleat
1013 1777 1072 1805 tua
1101 1771 1306 1813 sinceritas,
1338 1771 1436 1817 quod
1465 1783 1533 1805 nos
1563 1772 1626 1817 qui
1652 1771 1801 1806 letitiam
1829 1772 1874 1805 de
1902 1772 2147 1818 predictorum

273 1839 423 1873 fratrum
465 1838 707 1885 prosperitate
749 1838 998 1884 concepimus,
1041 1838 1086 1871 de
1129 1844 1189 1872 tua
1231 1837 1478 1872 benivolentia
1518 1838 1678 1884 gratiosa
1717 1839 1812 1872 circa
1850 1839 1951 1884 ipsos
1991 1838 2148 1873 exhibita

275 1905 454 1952 speciales
484 1904 550 1939 tibi
583 1905 718 1951 gratias
752 1905 965 1939 referamus.
995 1905 1074 1938 Dat.
1105 1905 1272 1938 Laterani
1301 1917 1323 1939 v
1352 1916 1437 1938 non.
1470 1905 1601 1947 Martii,
1638 1905 1869 1951 pontificatus
1904 1906 2020 1939 nostri
2054 1917 2148 1939 anno

274 1971 451 2006 secundo.

366 2056 398 2081 ln
416 2055 583 2082 collectione
602 2055 696 2080 Marini
714 2056 747 2080 de
762 2056 854 2085 Eboto,
871 2056 948 2080 Arch.
964 2056 1022 2081 Vnt.
1039 2064 1104 2080 arm.
1121 2056 1160 2084 31,
1177 2059 1206 2080 n⁰
1221 2057 1259 2085 72,
1275 2064 1316 2088 ep.
1337 2057 1406 2085 2340,
1423 2056 1480 2080 eine
1499 2056 1604 2080 nomine
1623 2064 1709 2088 papae
1723 2059 1749 2080 et
1763 2056 1820 2080 sine
1838 2056 1965 2088 temporis
1980 2059 2051 2081 nota.
2071 2057 2147 2080 Arcb.

275 2100 303 2124 8.
318 2099 389 2125 Petri
403 2100 432 2125 C.
449 2100 503 2129 117,
519 2100 564 2125 fol.
583 2100 637 2125 227.
653 2100 717 2125 cod.
733 2100 850 2125 Colbert.
863 2101 909 2124 128
924 2100 1011 2131 (hodie
1026 2100 1095 2125 Bibl.
1112 2103 1165 2124 nat.
1182 2100 1266 2124 Par-is.
1284 2108 1333 2124 me.
1351 2101 1398 2125 lat.
1413 2100 1494 2131 4184),
1508 2109 1539 2124 ex
1554 2109 1606 2133 quo
1620 2100 1717 2124 Baluze
1732 2101 1758 2124 in
1776 2100 1855 2126 Vitae
1868 2107 2014 2132 paparum
2028 2101 2149 2126 Avenie-

274 2150 367 2174 m„
383 2145 416 2174 ΙΙ,
433 2146 456 2173 5.
471 2144 540 2168 hanc
558 2144 699 2176 epistolam
718 2144 810 2174 edidit,
827 2145 947 2169 eamdem
961 2145 1148 2169 Collectionem
1167 2145 1262 2169 Marini
1277 2145 1308 2169 de
1323 2145 1406 2169 Ebolo
1428 2145 1483 2175 (lib.
1504 2146 1558 2175 3-5)
1579 2148 1768 2177 repraesentat.
1786 2146 1953 2177 Spondanm,
1974 2147 2051 2170 Ann-
2073 2146 2148 2174 eccl„

276 2189 346 2218 12⁵5,
362 2192 392 2212 n⁰
406 2189 429 2218 7,
445 2189 527 2213 refert
540 2188 682 2221 epistolam
696 2192 726 2213 ut
744 2197 827 2222 supra
845 2189 879 2213 nd
894 2198 906 2213 ez
922 2197 938 2213 v
953 2197 1014 2214 non.
1030 2189 1106 2213 Mart.
1123 2197 1151 2218 »ς
1167 2189 1255 2221 Ripoll
1271 2192 1358 2213 tamen
1377 2189 1456 2215 Bull.
1474 2189 1537 2214 Ord.
1551 2190 1663 2217 Praed„
1683 2190 1702 2218 1,
1719 2191 1773 2218 298,
1790 2189 1835 2213 ubi
1852 2189 1978 2222 temporis
1994 2193 2055 2213 nota
2070 2198 2148 2221 saepe

276 2233 345 2258 idea
357 2232 476 2262 effertur,
491 2241 523 2257 ex
536 2232 692 2265 apographo
706 2233 740 2257 ad
754 2242 766 2258 ι
781 2242 798 2257 v
812 2233 848 2258 id.
862 2233 950 2258 Martii
965 2242 987 2263 n,
1004 2233 1030 2258 id
1045 2237 1086 2258 ent
1099 2234 1133 2257 nd
1149 2234 1177 2258 11
1193 2234 1270 2258 Mart.

368 2304 391 2328 1.
410 2304 466 2328 Bne
480 2303 583 2328 litterae
602 2303 636 2327 ad
655 2312 704 2328 noe
723 2311 775 2328 non
789 2307 975 2336 pervenerunt.
997 2304 1155 2329 Guillelmuu
1174 2305 1207 2328 de
1228 2304 1312 2328 Tocco
1335 2306 1405 2335 (ΑΛ.
1423 2305 1472 2329 SS.
1490 2305 1576 2333 Mart„
1593 2305 1612 2333 Ι,
1629 2305 1683 2332 684,
1700 2309 1730 2328 11⁰
1749 2304 1787 2334 17)
1809 2307 1835 2328 et
1854 2304 2004 2328 Bernnrdue
2019 2304 2147 2329 cuidonis

274 2347 415 2380 (Iaeaenda
435 2348 464 2373 8.
484 2347 605 2373 Thomcoe
623 2347 650 2372 in
670 2347 734 2372 cod.
749 2348 808 2373 Vnt.
829 2348 875 2372 lat.
898 2348 968 2377 1218,
984 2348 1028 2372 fol.
1046 2348 1117 2379 149⁵)
1133 2351 1243 2372 narrant
1261 2348 1448 2372 cancellarium
1467 2348 1556 2380 ipsum
1578 2351 1668 2372 notum
1689 2348 1782 2372 secisse
1800 2348 1884 2380 priori
1904 2349 1931 2372 S.
1946 2348 2048 2377 Jucobi,
2065 2352 2093 2373 ut
2114 2350 2145 2373 fr.

275 2392 404 2416 Thomnm
426 2395 616 2424 praesentaret.
633 2392 749 2416 'rhoma-
768 2391 838 2416 circa
857 2400 900 2416 an.
921 2392 982 2416 1248
1003 2392 1139 2416 Coloniam
1159 2392 1193 2416 ad
1212 2393 1372 2416 studendum
1391 2392 1489 2416 minus
1509 2395 1557 2420 est,
1580 2392 1625 2416 uhi
1645 2392 1736 2416 eodem
1755 2395 1873 2424 temporo
1895 2392 2015 2416 Albcrtun
2036 2393 2146 2425 Magnus

276 2436 394 2461 studium
409 2437 533 2468 generale
544 2435 652 2460 Ordinie
663 2444 712 2468 pro
727 2436 869 2461 Germania
883 2436 1006 2461 innituit.
1018 2436 1153 2469 CLJupra
1166 2441 1196 2460 n⁰
1208 2437 1261 2460 179.
1278 2436 1354 2460 Circa
1369 2444 1411 2460 an.
1428 2436 1567 2460 1251-1252
1582 2436 1654 2460 venit
1667 2436 1783 2460 Parisios
1797 2437 1829 2460 nd
1843 2437 2002 2462 Sententiae
2011 2437 2145 2469 legendus.

274 2481 323 2506 An.
344 2481 406 2505 12⁵⁶
425 2481 455 2505 fit
474 2481 602 2513 magister
621 2480 647 2504 in
666 2480 808 2513 theologia.
825 2481 930 2505 Vetere·
950 2480 1019 2505 vitae
1039 2481 1066 2505 S.
1086 2481 1202 2505 ‘rhomae
1221 2480 1398 2512 descriptore·
1417 2481 1510 2512 paucis
1529 2480 1644 2513 exceptis
1664 2480 1690 2504 in
1711 2481 1803 2504 ultimo
1823 2484 1925 2505 tuntum
1945 2482 2013 2506 sacto
2033 2481 2101 2506 inter
2119 2490 2147 2506 ee

275 2525 436 2550 concordant
450 2525 552 2556 (dicunt
567 2533 579 2549 α
592 2533 635 2549 an.
651 2525 713 2549 1255
730 2517 742 2548 ιΙ
757 2525 902 2550 seeundum
917 2524 1132 2558 supputationem
1146 2526 1278 2556 veterem),
1295 2524 1402 2548 minime
1416 2524 1442 2548 in
1454 2525 1683 2557 praecedentibus,
1700 2528 1728 2549 ut
1742 2525 1809 2549 alius
1824 2525 1994 2550 disseremus.

275 2677 390 2716 2¹71.
416 2686 587 2714 Ale-‘cander-
607 2687 652 2714 IV
666 2687 829 2722 maginem,
850 2686 998 2714 scholar-ee
1021 2686 1227 2723 auditoresque
1245 2687 1428 2714 Parieieneee
1452 2686 1587 2714 admonet
1613 2690 1644 2713 ut
1667 2695 1787 2713 erronea
1811 2687 1930 2723 vestigia
1956 2687 2144 2721 declinantes,

363 2735 500 2773 partibus
515 2735 706 2771 seductorum,
721 2736 879 2773 praecipue
899 2735 1031 2771 magistri
1052 2734 1196 2762 Guillelmi
1209 2735 1246 2762 de
1262 2737 1366 2762 Sancto
1377 2736 1480 2762 Amore
1494 2734 1649 2770 derelictis,
1667 2735 1781 2762 litteras
1796 2735 1974 2773 apostolicas
1990 2741 2147 2764 reverenter

365 2783 520 2812 abuerunt.

1499 2820 1574 2851 1266,
1588 2819 1682 2853 aprmo
1695 2821 1720 2851 ⁴.
1736 2820 1862 2847 Laterani.

365 2893 572 2929 Alexander
591 2895 788 2941 episcopus
807 2907 938 2930 servus
957 2906 1147 2929 servorum
1168 2895 1235 2928 Dei
1255 2894 1399 2929 dilectis
1419 2894 1505 2929 filiis
1525 2894 1708 2929 universis
1726 2895 1924 2941 magistris,
1945 2894 2147 2929 scolaribus

277 2966 316 2994 et
342 2960 572 2996 auditoribus
599 2961 869 2997 Parisiensibus
893 2961 1046 2996 salutem
1075 2967 1111 2996 et
1135 2961 1370 3008 apostolicam
1396 2960 1702 2995 benedictionem.
1732 2961 1768 2995 Si
1794 2961 1915 2995 filialis
1938 2961 2146 2995 obedientie
