2580 3528
261 409 358 450 1277]
598 419 646 442 ΑΒ
678 419 785 442 Anno
818 419 897 442 nec
931 419 1066 448 usouss
1100 419 1149 442 An
1184 419 1414 442 munerun
1449 420 1489 442 iv
1524 420 1612 442 nso.
1650 420 1787 442 ramo.
2065 411 2131 444 549

345 493 401 526 95.
427 492 534 536 Quod
560 492 628 526 tria
655 494 751 527 sunt'
767 493 945 539 principia
972 493 1009 526 in
1036 492 1262 526 celestibus:
1289 492 1493 538 subjectum
1521 500 1641 527 motus
1662 494 1797 532 eterni;
1823 494 1939 527 anima
1964 495 2130 539 corporis

256 558 405 593 celestis
414 559 460 598 “;
483 565 519 593 et
538 559 693 605 primum
714 571 867 593 movens
888 566 927 593 ut
946 559 1206 593 desideratum.
1226 580 1271 584 —
1291 561 1403 593 Error
1423 566 1479 592 est
1499 560 1618 604 quoad
1640 560 1712 594 duo
1735 560 1860 604 prima.

330 631 399 664 96.
425 630 532 673 Quod
554 631 653 664 Deus
673 641 746 663 non
767 637 888 676 potest
908 630 1150 676 multiplicare
1162 630 1188 648 ‘⁰
1209 630 1397 664 individua
1418 630 1487 664 suh
1509 636 1578 663 una
1600 630 1722 676 specie
1744 630 1823 663 sine
1844 631 2003 666 materia.

343 701 398 735 97.
425 701 532 744 Quod
561 701 750 735 individua
779 701 944 746 ejusdem
971 702 1107 747 speciei
1133 701 1307 735 differunt
1331 701 1408 735 sola
1434 702 1616 747 positione
1643 701 1804 742 materie,
1836 708 1873 734 ut
1904 702 2071 735 Socrates
2096 704 2131 735 et

255 767 355 802 Plato
367 767 406 806 ”,
431 771 474 801 *et
500 767 600 813 quod
630 768 743 801 sor-ma
772 767 927 802 humana
957 768 1135 802 existente
1165 768 1202 801 in
1232 775 1388 814 utroque
1418 768 1543 802 eadem
1570 773 1723 801 numero
1745 774 1821 801 ‘non
1847 774 1901 801 est
1928 768 2072 808 mirum,
2099 769 2128 801 si

254 834 349 868 idem
380 837 534 868 numero
563 838 622 868 est'
649 834 687 868 in
716 834 875 868 diversis
904 834 1009 868 locis.

341 906 398 939 98.
424 905 530 949 Quod
561 905 720 939 mundus
749 912 806 939 est
834 912 996 945 eternuS,
1028 906 1111 951 quia
1141 907 1239 951 quod
1270 906 1375 940 hahet
1405 913 1582 946 naturam,
1613 918 1678 951 per
1706 917 1811 951 quam
1839 905 1956 951 possit
1983 917 2067 939 esse
2092 906 2129 939 in

255 978 330 1006 toto
358 972 495 1013 futuro,
526 971 635 1006 habet
663 978 842 1014 natur-am,
870 984 934 1018 per
963 985 1070 1018 quain
1095 973 1213 1018 potuit
1241 985 1325 1006 esse
1355 973 1392 1006 in
1422 979 1496 1006 toto
1528 973 1751 1018 preterito⁸¹.

341 1044 397 1077 99.
424 1043 531 1087 Quod
562 1043 734 1084 mundus,
765 1043 849 1076 licet
880 1043 925 1077 sit
956 1044 1071 1077 sactus
1102 1044 1147 1077 de
1185 1044 1335 1082 nichilo,
1372 1056 1444 1077 non
1481 1051 1599 1077 tamen
1635 1051 1691 1078 est
1721 1045 1835 1078 sactus
1871 1044 1915 1077 de
1947 1055 2062 1083 novo3
2094 1050 2129 1077 et

252 1109 418 1155 quamvis
447 1109 493 1143 de
522 1121 596 1143 non
630 1121 714 1143 esse
750 1109 879 1143 exierit
912 1110 948 1143 in
984 1122 1079 1150 esse,
1119 1117 1236 1144 tamen
1270 1122 1342 1144 non
1376 1123 1459 1144 esse
1489 1122 1562 1144 non
1598 1111 1776 1156 precessit
1809 1122 1892 1144 esse
1923 1110 2126 1152 duratione,

252 1176 319 1210 sed
349 1183 473 1210 natura
504 1183 653 1210 tantum.

343 1248 417 1281 100.
444 1247 550 1290 Quod
596 1246 759 1293 theologi
802 1247 967 1281 dicentes
1003 1248 1100 1293 quod
1139 1248 1256 1281 celum
1297 1248 1516 1293 (plaudoque
1553 1249 1721 1293 quiescit,
1759 1255 1918 1294 arguunt
1956 1261 1999 1282 ex
2037 1248 2125 1282 falsa

251 1313 526 1360 suppositione;
561 1320 609 1355 et,
639 1313 739 1359 quod
769 1314 904 1352 dicere,
936 1314 1053 1348 celum
1089 1326 1186 1356 esse,
1223 1321 1258 1348 et
1292 1327 1364 1348 non
1401 1315 1551 1356 moveni,
1587 1322 1641 1348 est
1676 1315 1798 1348 dicere
1833 1315 2124 1349 contradictoria.

341 1385 416 1419 101.
442 1384 550 1428 Quod
578 1384 718 1418 infinite
750 1391 1010 1430 precesserunt
1039 1385 1290 1419 revolutiones
1320 1385 1403 1425 celi,
1439 1398 1528 1431 quas
1563 1398 1636 1419 non
1671 1386 1737 1419 suit
1771 1385 2000 1432 impossibile
2029 1399 2127 1420 com-

250 1450 428 1497 prehendi
457 1463 475 1485 a
506 1451 619 1497 prima
649 1462 770 1493 causa,
802 1451 867 1485 sed
897 1451 942 1485 ab
972 1451 1159 1485 intellectu
1189 1458 1322 1485 creato.

340 1522 415 1556 102.
441 1522 548 1566 Quod
584 1522 700 1556 anima
739 1522 809 1556 celi
846 1529 902 1556 est
938 1522 1194 1569 intelligentia,
1234 1529 1270 1556 et
1305 1522 1417 1557 orbes
1453 1523 1610 1557 celestes
1652 1535 1724 1556 non
1764 1531 1848 1557 sunt
1887 1513 2126 1558 instrumenta

249 1588 572 1636 intelligentiarum
603 1589 668 1622 sed
698 1601 848 1635 organa,
878 1589 974 1623 sicut
1001 1590 1100 1624 auris
1130 1596 1167 1623 et
1194 1589 1324 1623 oculus
1349 1597 1436 1623 sunt
1464 1602 1600 1636 organa
1625 1590 1771 1624 virtutis
1801 1591 1990 1624 sensitive.

339 1661 414 1695 103.
441 1660 548 1703 Quod
577 1661 705 1702 forma,
735 1672 841 1706 quam
873 1667 1017 1706 oportet
1045 1673 1129 1695 esse
1161 1668 1197 1694 et
1225 1661 1344 1694 fieri⁸¹
1375 1661 1412 1694 in
1442 1661 1602 1703 materia,
1635 1673 1708 1695 non
1739 1668 1860 1708 potest
1888 1662 1946 1707 agi
1973 1662 2018 1695 ab
2047 1662 2123 1705 illo,

248 1726 347 1773 quod
376 1738 450 1761 non
475 1727 552 1773 agit
579 1738 623 1760 ex
651 1727 796 1760 materia
808 1727 848 1760 ¹⁸.

339 1799 414 1832 104.
440 1797 548 1842 Quod
577 1797 781 1832 humanitas
803 1810 875 1832 non
907 1805 964 1832 est
991 1799 1106 1832 forma
1136 1799 1203 1839 rei',
1234 1799 1299 1832 sed
1330 1799 1495 1832 rationis.

338 1870 413 1904 105.
440 1869 547 1913 Quod
576 1870 690 1903 forma
719 1869 879 1903 hominis
907 1874 980 1903 non
1011 1877 1067 1903 est
1095 1869 1140 1903 ab
1165 1870 1391 1910 extrinseco,
1417 1870 1482 1903 sed
1509 1870 1677 1904 educitur
1701 1871 1746 1904 de
1776 1871 1935 1916 potentia
1961 1872 2122 1914 materie,

247 1936 331 1982 quia
364 1935 470 1970 aliter
498 1948 572 1970 non
602 1938 702 1970 eseet
729 1937 918 1982 generatio
947 1937 1117 1971 univoca.
1153 1938 1155 1942 ⁴

328 2004 545 2051 s106jQuod
575 2004 736 2041 omnium
767 2008 963 2041 formarum
994 2005 1109 2042 cziusa'
1132 2005 1295 2042 effectiva
1325 2008 1519 2041 inmediata
1550 2014 1606 2042 est
1635 2007 1748 2042 Orbis.
1787 2007 1790 2010 ⁴

339 2079 413 2112 107.
439 2078 546 2122 Quod
576 2078 755 2112 elementa
780 2085 866 2112 sunt
890 2086 1026 2112 eterna.
1055 2079 1145 2113 Sunt
1173 2086 1291 2113 tamen
1317 2080 1406 2113 sacta
1425 2073 1477 2112 'de
1503 2079 1634 2113 novo⁸‘
1664 2080 1700 2112 in
1731 2080 1988 2126 dispositione,
2015 2093 2119 2126 quam

249 2144 356 2178 modo
385 2143 532 2178 liabent.

339 2215 413 2249 108.
440 2215 546 2259 Quod
576 2215 692 2249 anima
722 2215 876 2251 humana
911 2216 1013 2250 nullo
1048 2217 1157 2250 modo
1192 2223 1247 2250 est
1283 2216 1430 2250 mobilis
1464 2217 1666 2250 secundum
1701 2217 1834 2258 locum,
1871 2230 1937 2250 nec
1973 2230 2037 2264 per
2066 2230 2119 2258 se,

246 2293 313 2315 nec
343 2293 408 2328 per
435 2281 625 2322 accidens;
657 2288 693 2316 et
721 2282 752 2316 si
783 2290 939 2328 ponatur
967 2283 1101 2317 alicubi
1132 2295 1197 2329 per
1223 2282 1461 2317 substantiam
1489 2295 1603 2320 suam,
1632 2295 1813 2329 nunquam
1842 2283 2046 2318 movebitur
2075 2285 2120 2318 de

247 2348 308 2382 ubi
337 2347 382 2382 ad
413 2347 489 2382 ubi.
527 2345 531 2348 ’

337 2420 412 2453 109.
438 2418 544 2462 Quod
575 2419 776 2454 substantia
801 2420 920 2454 anime
944 2427 999 2454 est
1025 2427 1167 2462 eterna3
1199 2427 1235 2454 et
1259 2420 1356 2466 quod
1383 2419 1591 2454 intellectus
1617 2432 1730 2466 agens
1755 2427 1791 2454 et
1816 2421 2005 2467 possibilis
2035 2429 2118 2457 sunt

245 2485 375 2520 eterni.
804 2478 808 2481 ’

336 2557 410 2590 110.
437 2543 543 2600 Quod
574 2543 693 2590 motus
718 2557 787 2590 celi
817 2559 905 2591 sunt
928 2564 1076 2603 propter
1100 2557 1253 2591 animam
1280 2556 1557 2598 intellectivam3
1589 2563 1625 2591 et
1653 2558 1770 2592 anima
1795 2558 2014 2593 intellectiva
2040 2548 2117 2594 sive

245 2620 454 2655 intellectus
483 2633 557 2655 non
588 2627 709 2667 potest
737 2614 857 2663 educi,
890 2622 961 2655 nisi
992 2621 1174 2656 mediante
1202 2633 1369 2667 corpore.

336 2689 410 2722 111.
437 2688 543 2731 Quod
580 2688 678 2722 nulla
714 2689 828 2722 forma
864 2682 909 2722 a'h
945 2683 1151 2723 extrinseco
1185 2688 1338 2722 veniens
1375 2694 1494 2734 potest
1530 2689 1648 2722 facere
1687 2701 1796 2723 tinum
1834 2702 1914 2724 cum
1955 2692 2113 2726 materia.

244 2751 350 2798 Q'uod
379 2755 475 2788 enim
506 2753 710 2801 separabile
739 2762 808 2795 est,
838 2767 920 2789 eum
951 2766 1008 2795 eo,
1039 2755 1137 2801 quod
1167 2762 1223 2789 est
1252 2753 1505 2801 corruptibile,
1537 2767 1647 2789 unum
1680 2767 1752 2789 non
1774 2756 1877 2790 facit.

336 2821 410 2854 112.
437 2821 543 2865 Quod
567 2818 811 2868 intelligentie
834 2820 1047 2868 superiores
1070 2821 1281 2867 imprimunt
1305 2821 1341 2855 in
1364 2820 1572 2863 inferiores,
1597 2821 1692 2856 sicut
1707 2822 1830 2856 fanium
1854 2823 1924 2857 unn’
1940 2822 2112 2870 imprimit

244 2886 281 2920 in
309 2886 428 2930 aliam,
459 2894 495 2922 et
523 2888 628 2922 etiam
659 2888 879 2923 inanimam
905 2888 1136 2930 sensitivam;
1167 2894 1203 2922 et
1228 2899 1292 2934 per
1317 2887 1423 2922 talem
1449 2888 1729 2934 impressionem
1756 2889 2112 2937 incentator'aliquis

245 2952 398 3000 prohicit
427 2953 603 2988 camelum
634 2955 670 2989 in
700 2955 838 2989 foveam
870 2955 951 2989 solo
981 2955 1075 2989 visu.
