2580 3528
270 420 368 461 1279]
606 429 654 452 ΑΒ
688 429 795 452 nuno
830 429 908 453 uec
942 430 1075 459 usqua
1109 430 1158 452 An
1194 431 1423 454 pmmrruu
1458 432 1499 454 iv
1533 433 1621 456 nse.
1658 434 1794 457 rame.
2081 427 2144 461 577

267 503 388 545 editi¹,
405 503 503 537 sicut
518 515 539 537 a
558 502 763 536 nonnulllis
783 502 889 537 annis
910 503 1070 537 extiterit
1088 503 1334 546 observatum,
1353 505 1525 550 quodque
1542 505 1742 552 eligeretur
1762 514 1881 541 rector
1901 508 1938 541 in
1959 516 2144 554 posterum

265 569 336 604 suh
360 569 427 604 hac
451 570 579 611 forma,
602 569 702 615 quod
727 576 883 615 quatuor
903 577 1160 616 procuratores
1185 577 1341 617 quatuor
1365 572 1550 605 nationum
1577 573 1820 618 predictarum
1840 575 1951 619 jurati
1977 576 2144 621 sollemp-

265 637 362 670 niter
388 647 501 682 super
531 643 760 670 sacrosancta
783 648 904 670 coram
932 637 1023 683 ipsis
1048 637 1258 672 nationibus
1284 638 1465 684 eligerent
1488 638 1583 672 bona
1608 639 1679 673 fide
1704 639 1813 673 alium
1837 653 1855 673 a
1881 641 2144 686 predecessore

266 703 369 737 illum
401 703 440 736 in
469 709 649 737 rectorem
680 703 938 737 Universitatis
968 704 1132 749 ejusdem
1162 716 1268 750 quem
1300 705 1502 738 secundum
1532 717 1632 739 suam
1663 707 1923 740 conscientiam
1953 708 2146 741 crederent

265 769 451 804 utiliorem
486 769 606 804 officio
637 770 806 812 rectorie,
837 782 911 804 non
940 771 1027 804 moti
1058 771 1197 805 ratione
1227 771 1412 805 discordie
1442 772 1688 817 precedentis,
1720 785 1786 806 nec
1817 774 1904 807 moti
1933 786 2055 807 amore
2087 774 2144 808 vel

266 836 412 879 timore,
433 836 519 870 odio
538 836 598 870 vel
617 836 758 870 honore
777 836 836 870 vel
856 837 997 883 pudore
1016 837 1171 883 alicujus
1191 849 1235 871 ex
1255 838 1464 872 nationibus
1485 839 1717 884 supradictis,
1740 851 1807 873 nec
1828 840 1916 873 moti
1940 852 2062 874 amore
2087 841 2143 874 vel

265 903 366 945 odio,
386 903 529 937 honore
548 903 607 937 vel
628 903 781 937 utilitate
801 903 956 949 alicujus
977 916 1148 950 persone,
1166 905 1231 938 sed
1253 905 1340 938 moti
1361 912 1510 951 propter
1528 905 1663 939 bonum
1685 918 1878 940 commune
1900 907 2011 941 totius
2031 907 2143 941 studii

267 970 470 1012 memorati,
498 977 535 1004 et
558 970 622 1004 ille
648 970 686 1004 in
713 982 820 1016 quem
849 971 1101 1005 consentirent
1129 978 1284 1017 quatuor
1310 972 1363 1005 sic
1383 972 1495 1017 jurati
1522 972 1579 1006 vel
1607 979 1682 1006 tres
1707 973 1866 1015 illorum,
1889 980 2001 1007 staret
2024 981 2145 1008 rector

267 1037 524 1071 Universitatis
549 1036 712 1082 predicte
738 1049 854 1083 usque
878 1037 922 1071 ad
947 1044 1091 1083 tempus
1112 1037 1301 1084 prefixum.
1325 1038 1361 1072 Si
1381 1050 1469 1072 vero
1490 1050 1556 1072 nec
1577 1039 1631 1072 illi
1651 1046 1806 1085 quatuor
1831 1052 1897 1073 nec
1924 1040 1977 1073 illi
2006 1047 2080 1075 tres
2107 1041 2143 1074 in

266 1103 423 1149 aliquem
452 1115 565 1137 unum
593 1104 802 1138 consentire
822 1103 998 1146 valerent,
1020 1111 1104 1138 tunc
1124 1111 1316 1138 vocaretur
1336 1112 1456 1139 rector
1476 1105 1719 1151 predecessor
1743 1106 1800 1140 vel
1826 1106 1898 1140 duo
1923 1114 2086 1141 rectores
2112 1107 2143 1140 si

266 1177 393 1204 essent
406 1170 518 1216 jurati
535 1182 648 1216 super
668 1177 897 1204 sacrosancta
918 1171 1119 1204 secundum
1141 1171 1292 1205 sormam
1314 1172 1511 1218 predictam
1532 1172 1576 1206 ad
1598 1172 1823 1218 eligendum,
1841 1180 1875 1206 et
1896 1173 1957 1206 ille
1978 1173 2015 1207 in
2035 1186 2142 1220 quem

266 1238 382 1282 major
407 1249 492 1283 pars
519 1237 758 1278 consentiret,
779 1243 891 1270 staret
918 1243 1037 1271 rector
1063 1249 1180 1283 usque
1205 1238 1248 1272 ad
1274 1245 1418 1284 tempus
1443 1239 1686 1272 terminatum.
1714 1240 1820 1283 Quod
1848 1240 1879 1273 si
1906 1240 1998 1273 forte
2026 1240 2142 1274 adhuc

265 1304 380 1349 major
395 1314 478 1349 pars
498 1303 536 1336 in
555 1303 712 1349 aliquem
734 1315 845 1337 unum
866 1315 940 1337 non
960 1304 1197 1346 consentiret,
1215 1311 1300 1338 tunc
1320 1311 1547 1347 mutarentur
1565 1305 1775 1350 hujusmodi
1797 1306 1975 1340 electores
1992 1313 2027 1340 et
2042 1319 2142 1340 voca-

264 1376 391 1404 rentur
417 1369 478 1403 alii
504 1376 660 1415 quatuor
683 1381 702 1403 a
726 1369 885 1415 singulis
905 1369 1115 1404 nationibus
1135 1370 1355 1416 supradictis
1369 1371 1482 1416 jurati
1502 1371 1571 1405 sub
1592 1372 1717 1405 eadem
1737 1373 1863 1414 forma,
1887 1373 2002 1406 donec
2030 1374 2144 1419 major

263 1447 348 1482 pars
376 1436 414 1470 in
440 1435 597 1482 aliquem
624 1436 863 1478 consentiret,
890 1443 926 1470 et
949 1436 1012 1470 ille
1037 1448 1154 1482 usque
1178 1437 1223 1470 ad
1248 1437 1477 1471 determinati
1502 1438 1677 1484 temporis
1706 1438 1840 1471 exitum
1873 1446 1984 1473 staret
2010 1446 2140 1473 rector.

263 1502 501 1536 Intendentes
532 1509 652 1536 autem
677 1502 722 1536 ad
746 1503 1004 1537 Universitatis
1033 1503 1196 1549 predicte
1222 1510 1354 1537 statum
1382 1503 1570 1549 pacificum
1598 1511 1634 1538 et
1663 1504 1897 1550 tranquillum
1923 1513 1958 1539 et
1991 1506 2035 1539 ad
2063 1508 2143 1551 ejus

264 1555 507 1603 turbationem
529 1569 775 1603 omnimodam
797 1568 1099 1611 submovendam,
1120 1569 1237 1604 adhuc
1258 1570 1500 1604 ordinandum
1522 1570 1692 1605 duximus
1717 1578 1754 1605 et
1777 1572 1884 1605 etiam
1910 1572 2140 1606 statuendum

264 1635 364 1682 quod
384 1636 416 1670 si
437 1635 634 1682 contigerit
654 1642 819 1682 tempore
839 1648 912 1682 quo
933 1636 1086 1670 rectoris
1107 1637 1243 1692 prefate
1265 1637 1521 1671 Universitatis
1542 1638 1652 1671 instat
1672 1637 1802 1672 electio
1823 1638 1987 1672 facienda
2012 1651 2143 1685 procu·-

264 1709 420 1736 ratorem
444 1702 482 1736 in
505 1702 625 1748 aliqua
648 1703 694 1736 de
717 1702 928 1737 nationibus
954 1703 1111 1737 deficere
1137 1703 1370 1749 supradictis,
1391 1704 1519 1749 junior
1543 1705 1718 1750 magister
1739 1705 1776 1738 in
1799 1705 2006 1751 theologica
2031 1706 2143 1740 sacul-

264 1775 336 1803 tate
365 1769 528 1803 Parisius
558 1775 638 1803 actu
670 1781 803 1815 regens
833 1769 878 1803 ad
907 1770 1064 1803 eundem
1094 1770 1304 1816 eligendum
1335 1777 1514 1804 rectorem
1544 1770 1626 1804 loco
1656 1772 1905 1817 procuratoris
1931 1772 2142 1818 hujusmodi

263 1835 485 1878 admittatur,
512 1842 548 1870 et
571 1836 602 1870 si
630 1842 887 1882 procuratores
915 1836 1067 1870 duarum
1095 1849 1139 1870 ex
1166 1837 1304 1871 eisdem
1332 1837 1542 1871 nationibus
1566 1844 1729 1884 tempore
1754 1838 1919 1884 predicto
1945 1839 2139 1881 defuerint,

263 1901 345 1936 loco
370 1902 535 1949 ipsorum
562 1902 634 1936 duo
654 1902 824 1948 juniores
849 1903 887 1936 in
911 1903 1037 1937 eadem
1063 1903 1269 1950 theologica
1294 1904 1461 1938 facultate
1486 1904 1651 1950 magistri
1676 1911 1848 1950 regentes
1873 1912 1954 1939 actu
1979 1905 2140 1940 Parisius

263 1968 400 2004 ibidem
425 1975 617 2015 presentes
641 1969 864 2015 recipiantur
887 1970 932 2004 ad
957 1970 1172 2004 electionem
1193 1970 1404 2016 hujusmodi
1422 1971 1636 2005 faciendam.
1659 1972 1788 2005 Datum
1813 1972 1909 2018 apud
1934 1973 2139 2018 Nogentum

263 2047 376 2082 super
395 2036 568 2070 Secanam
590 2036 659 2070 kal.
681 2036 867 2078 Octobris,
889 2036 1120 2082 pontificatus
1140 2037 1279 2070 domini
1299 2037 1463 2071 Nicholai
1484 2050 1575 2084 pape
1595 2038 1691 2072 tertii
1712 2050 1806 2071 anno
1827 2039 2004 2072 secundo.

356 2133 419 2158 eod.
436 2133 493 2158 vat,
510 2134 574 2166 neg.
589 2135 645 2163 400,
661 2134 706 2159 col.
723 2134 762 2159 ³1.
779 2134 848 2159 Bibl.
864 2134 996 2167 Phillipps
1008 2135 1034 2159 in
1045 2135 1227 2164 Cheltenhem‚
1243 2143 1292 2159 ms.
1311 2136 1366 2164 876,
1383 2135 1428 2161 fol.
1445 2135 1501 2160 39¹².
1517 2135 1620 2168 Ubique
1636 2135 1686 2159 sub
1701 2135 1825 2159 rubrica:
1843 2145 1855 2159 (ι
1871 2135 2018 2165 Ordinatio,
2034 2137 2139 2169 quando

262 2177 341 2202 debet
353 2177 419 2210 eligi
428 2181 516 2202 rector
530 2186 552 2202 r.
569 2191 601 2197 —
614 2178 738 2207 Balnea..
754 2179 800 2207 ΙΙΙ,
816 2180 871 2203 444.
886 2193 919 2198 -
933 2179 971 2203 Ad
986 2179 1035 2203 boc
1051 2182 1179 2203 statutum
1194 2179 1303 2212 respicit
1317 2179 1450 2203 decretum
1467 2180 1658 2212 magistrorum
1672 2180 1779 2209 artium,
1797 2181 1895 2204 ructum
1910 2189 1952 2204 un.
1972 2181 2033 2204 1288
2048 2181 2138 2213 (1289),

262 2229 352 2246 mense
373 2222 502 2246 Jemurio
516 2221 610 2254 (Codd.
628 2223 685 2247 Vnt.
705 2223 779 2255 neg„
795 2223 943 2252 Cheitenh„
958 2223 1027 2248 Bibl.
1044 2224 1162 2254 Cernat„
1181 2232 1230 2248 ms.
1246 2225 1302 2253 662,
1319 2224 1363 2248 rot.
1381 2224 1435 2254 114,
1455 2224 1531 2248 Arch.
1549 2224 1670 2248 Univers.
1687 2225 1782 2253 Paris.¹
1799 2233 1847 2248 ms.
1864 2225 1903 2254 94,
1920 2233 1980 2257 pag.
1998 2226 2052 2255 59),
2069 2225 2138 2257 quod

262 2265 335 2299 apud
353 2265 490 2295 Balneum,
511 2266 558 2295 nt,
580 2266 636 2296 451,
651 2269 678 2291 et
697 2267 836 2296 Jourdain,
852 2271 882 2291 n⁰
896 2268 950 2296 264,
970 2276 1111 2300 perperam
1131 2268 1165 2292 ad
1185 2276 1228 2292 an.
1244 2268 1315 2297 1280,
1336 2269 1350 2292 8
1369 2268 1468 2292 mensis
1487 2269 1557 2297 Jan.,
1573 2269 1694 2292 refertur.
1716 2269 1758 2292 Sic
1780 2271 1806 2292 et
1824 2269 1899 2300 juxta
1920 2269 2041 2293 laudatos
2061 2270 2139 2294 codd.

262 2310 424 2343 praeprimis
439 2310 496 2335 Vnt.
513 2311 577 2343 Reg.
592 2313 619 2335 et
634 2311 771 2336 Cheltenh.
788 2315 917 2336 statutum
929 2312 1085 2336 artistarum
1100 2321 1115 2336 a
1130 2312 1237 2341 Eulaeo,
1253 2313 1299 2341 ΙΙΙ,
1313 2313 1360 2336 449
1375 2313 1522 2343 (Jourdain,
1537 2317 1566 2336 n⁰
1577 2312 1640 2345 260),
1656 2313 1689 2336 ud
1705 2320 1747 2337 an.
1765 2313 1834 2341 1279,
1846 2313 1938 2338 Octob.
1958 2313 1996 2342 13,
2013 2314 2135 2342 relatum,

262 2355 344 2379 semel
358 2357 461 2379 tentum
475 2358 501 2380 et
514 2355 620 2388 quidem
635 2363 678 2380 an.
690 2355 759 2385 128⁹,
776 2355 868 2380 Octob.
886 2356 925 2386 14,
941 2357 1041 2380 editum
1056 2359 1105 2381 est.

356 2440 380 2466 1.
394 2439 499 2472 ubiqu-
512 2439 644 2464 omittitur
657 2448 670 2463 e
686 2447 738 2463 non
753 2448 776 2469 s,
793 2440 863 2472 qnod
877 2440 1026 2464 necessario
1041 2440 1104 2472 poni
1118 2440 1206 2465 debet.
1220 2440 1259 2464 Cf.
1276 2448 1359 2472 supra
1373 2444 1402 2464 n⁰
1415 2441 1471 2469 409,
1486 2449 1516 2472 p.
1526 2441 1581 2464 455.
1599 2454 1626 2458 —
1645 2442 1668 2465 2.
1685 2441 1749 2465 Vide
1764 2441 1829 2466 ibid.

261 2597 375 2636 493.
400 2607 495 2635 Simon
510 2607 672 2634 cardinalis
692 2607 805 2644 legatus
827 2607 940 2634 modum
954 2606 1148 2634 denuntiandi
1167 2607 1287 2634 decanis
1307 2606 1482 2642 facultatum
1498 2607 1528 2634 in
1546 2607 1671 2634 decretis
1692 2611 1720 2635 et
1734 2608 1878 2635 medicina
1903 2610 2137 2645 congregationes

347 2657 500 2693 generales
515 2656 626 2692 definit.

1359 2692 1436 2724 127⁹,
1453 2692 1571 2720 omorio
1586 2693 1624 2724 19,
1639 2694 1709 2728 apud
1719 2694 1851 2721 Πίνὶοηοηι.

350 2766 477 2801 Simon
506 2766 741 2801 miseratione
771 2766 894 2801 divina
921 2766 1014 2800 tituli
1042 2767 1170 2801 Sancte
1197 2765 1334 2801 Cecilie
1361 2766 1552 2813 presbyter
1578 2767 1773 2803 cardinalis
1803 2768 2002 2815 apostolice
2037 2769 2136 2803 sedis

261 2832 405 2880 legatus
443 2833 629 2868 universis
662 2840 854 2880 presentes
888 2833 1027 2867 litteras
1064 2833 1286 2879 inspecturis
1319 2832 1472 2867 salutem
1507 2834 1544 2867 in
1579 2834 1747 2869 Domino.
1783 2836 1941 2869 Mentem
1978 2841 2135 2869 nostram

263 2899 482 2946 propensior
506 2911 592 2934 cura
612 2899 785 2934 sollicitat
805 2906 844 2934 ut
863 2900 958 2934 circa
978 2906 1108 2934 statum
1130 2899 1378 2934 univcrsitatis
1402 2900 1659 2947 magistrorum
1681 2907 1717 2935 et
1736 2901 1930 2935 scolarium
1957 2901 2137 2935 Parisien·

262 2965 372 3008 sium,
392 2978 498 3012 quam
519 2966 710 3001 affectione
731 2966 873 3001 sincera
894 2966 1164 3013 prosequimur,
1186 2966 1323 3001 intente
1343 2966 1649 3001 considerationis
1669 2967 1781 3001 aciem
1804 2968 2006 3013 dirigentes
2029 2967 2073 3001 ad
2095 2980 2135 3001 ea

387 3023 484 3050 (ἔλον-ε.
507 3023 586 3049 Unio.
604 3024 700 3050 Paris.
717 3024 738 3049 Ι.
1982 3026 2011 3049 7³
