2580 3528
286 423 384 465 1227]
625 433 672 455 AB
706 433 812 455 Anno
846 432 924 455 mcc
957 432 1090 461 USQUE
1124 432 1173 454 An
1208 432 1437 455 PHILIPPUM
1474 433 1513 455 iv
1548 433 1637 456 REG.
1675 434 1813 456 nuuc.
2099 425 2159 457 111

284 563 364 601 55,
398 570 549 605 Gregorius
573 570 619 595 IX
634 568 770 605 Philippo
792 567 968 595 cancellario
990 569 1157 595 Parisiensi
1171 569 1295 604 injungit
1310 571 1341 594 ιιι·
1362 567 1494 594 doctores
1515 567 1677 602 theologiae
1699 577 1734 594 ac
1758 568 1945 603 decretorum,
1973 578 2043 604 quos
2068 569 2162 595 abbas

373 621 401 647 S.
421 620 579 654 Genovefae
600 617 718 644 idoneos
737 617 778 643 ad
796 616 955 644 docendum
974 618 1159 654 reputaverit,
1178 617 1268 644 liber-e
1291 625 1389 652 regere
1412 617 1487 643 sicut
1511 617 1665 652 magistros
1685 618 1791 643 artium
1813 618 1841 643 in
1863 618 2007 654 parochia
2032 622 2060 644 et
2085 622 2163 644 terra

372 669 500 706 ipsorum
523 667 603 703 infra
625 667 836 693 Parisiensium
860 675 1004 693 murorum
1033 666 1174 693 ambitum
1199 667 1356 693 constituta
1376 667 1537 702 permittat,
1563 666 1590 692 si
1614 666 1666 692 hoc
1690 666 1731 692 ad
1747 667 1800 702 jus
1820 667 1969 703 praedicti
1992 668 2164 694 monasterii

370 718 525 756 pertineat.

1435 761 1509 790 1227,
1526 760 1673 787 'IovemIm'e
1685 761 1730 791 22,
1747 761 1875 787 Laterum.

373 838 578 884 Gregorius
598 837 795 882 episcopus
815 847 945 870 servus
966 847 1157 869 servorum
1178 836 1245 869 Dei
1266 835 1400 869 dilecto
1417 835 1492 869 filio
1517 863 1538 868 ..
1556 835 1772 869 cancellario
1790 836 1987 869 Parisiensi
2007 836 2159 870 salutem

284 913 320 940 et
338 905 573 952 apostolicam
595 903 901 938 benedictionem.
919 902 1133 949 Dilectibfilii
1149 929 1170 936 ..
1184 902 1311 936 abbas¹
1325 909 1361 936 et
1375 909 1578 936 conventus
1591 904 1720 936 Sancte
1737 903 1925 937 Genovefe
1941 903 2160 937 Parisiensis

284 956 392 1007 nobis
411 972 599 1006 insinuare
623 977 809 1012 curarunt,
831 970 930 1016 quod
956 982 1037 1003 cum
1059 970 1103 1003 ad
1117 971 1181 1015 jus
1201 982 1328 1003 eorum
1355 970 1546 1015 pertineat,
1565 976 1605 1003 ut
1624 970 1795 1004 doctores
1816 970 2015 1016 theologie,
2037 970 2159 1004 decre-

284 1046 403 1073 torum
422 1051 462 1073 ac
482 1038 687 1072 liberalium
708 1038 837 1071 artium
858 1037 903 1071 de
923 1037 1087 1083 ipsorum
1114 1037 1259 1070 licentia
1280 1036 1396 1070 libere
1420 1049 1551 1083 regere
1571 1036 1714 1071 valeant
1738 1037 1775 1070 in
1797 1037 1985 1083 parrochia
2011 1044 2048 1071 et
2066 1044 2161 1071 terra

284 1118 410 1140 eorum
451 1106 544 1140 infra
578 1105 838 1139 Parisiensium
879 1116 1065 1138 murorum
1107 1103 1280 1138 ambitum
1314 1104 1528 1146 constituta,
1564 1111 1601 1137 tu
1637 1103 1822 1150 theologie
1857 1105 2162 1150 decretorumque

285 1178 455 1211 doctores
481 1177 525 1211 ad
551 1176 753 1222 regendum
780 1176 876 1209 inter
903 1176 996 1209 duos
1024 1182 1154 1221 pontes
1179 1175 1354 1221 astringis
1378 1175 1525 1209 vinculo
1545 1175 1755 1220 juramenti.
1783 1177 1936 1221 Propter
1956 1176 2055 1221 quod
2075 1182 2111 1209 et
2131 1177 2162 1210 si

284 1245 455 1278 doctores
473 1244 603 1278 artium
620 1243 666 1277 de
685 1243 830 1276 licentia
851 1243 1014 1288 ipsorum
1031 1249 1160 1288 regant
1183 1242 1220 1275 in
1241 1242 1402 1287 predicta
1417 1242 1620 1288 parrochia,
1638 1242 1824 1288 theologie
1842 1249 1961 1276 tamen
1981 1250 2017 1276 et
2036 1243 2164 1277 decre-

284 1318 402 1345 torum
429 1311 599 1359 doctores
625 1322 699 1343 non
726 1309 861 1343 audent
885 1321 1016 1355 regere
1036 1309 1074 1342 in
1095 1309 1235 1351 eadem,
1261 1309 1359 1342 unde
1384 1321 1458 1342 non
1483 1309 1602 1342 solum
1628 1309 1772 1351 honori,
1797 1310 1863 1343 sed
1889 1310 1994 1343 etiam
2016 1310 2161 1344 utilitati

283 1378 494 1412 monasterii
523 1377 580 1411 sui
607 1376 802 1423 plurimum
824 1376 1054 1422 derogatur².
1077 1375 1254 1410 Volentes
1278 1376 1391 1422 igitur
1412 1376 1576 1421 ejusdem
1602 1377 1814 1410 monasterii
1841 1376 2002 1410 honores
2023 1384 2059 1410 et
2077 1378 2160 1422 jura

281 1445 418 1479 illibata
447 1444 598 1486 servari,
629 1443 842 1477 discretioni
871 1449 932 1476 tue
963 1454 1028 1488 per
1056 1442 1255 1488 apostolica
1285 1443 1418 1488 scripta
1449 1443 1675 1485 mandamus,
1706 1444 1878 1488 quatinus
1907 1444 1938 1477 si
1968 1444 2160 1489 premissis

281 1513 414 1547 veritas
435 1511 667 1557 suffragatur,
687 1510 772 1544 illos
793 1509 855 1555 qui
876 1510 1058 1555 predictas
1079 1510 1251 1543 scientias
1271 1510 1308 1542 in
1329 1509 1518 1555 parrochia
1540 1517 1575 1543 et
1596 1516 1690 1543 terra
1711 1510 1789 1555 ipsa
1810 1510 1943 1543 docere
1962 1511 2160 1551 voluerint,

281 1585 318 1613 et
340 1579 412 1625 ipsi
437 1578 481 1612 ad
506 1578 543 1612 id
570 1577 818 1624 reputaverint
844 1588 927 1610 esse
954 1577 1123 1618 idoneos,
1144 1577 1182 1610 id
1207 1577 1326 1610 facere
1353 1577 1432 1610 sine
1458 1577 1745 1610 contradictione
1771 1578 1972 1622 permittas,
1998 1578 2161 1623 alioquin

281 1645 426 1680 dilectis
459 1645 545 1679 filiis
579 1671 600 1678 ..
637 1643 758 1678 abbati
791 1650 828 1678 et
858 1670 879 1677 ..
911 1644 1025 1690 priori
1053 1644 1173 1678 Sancti
1201 1644 1352 1677 Joannis
1389 1644 1426 1677 in
1453 1644 1582 1678 Vincis
1616 1651 1652 1677 et
1683 1644 1873 1690 Radulpho
1902 1645 1947 1678 de
1979 1645 2162 1679 Coudun³

280 1712 535 1747 archidiacono
563 1711 895 1746 Suessionensibus
924 1711 1062 1744 nostris
1091 1711 1219 1744 damus
1245 1710 1376 1744 litteris
1406 1711 1444 1744 in
1474 1711 1669 1753 mandatis,
1693 1718 1733 1744 ut
1759 1711 1923 1757 partibus
1952 1713 2162 1746 convocatis

280 1780 428 1814 audiant
446 1779 531 1813 hinc
550 1779 636 1812 inde
657 1778 856 1825 proposita,
878 1785 913 1811 et
931 1790 1075 1812 causam
1096 1778 1322 1823 hujusmodi,
1344 1778 1375 1811 si
1396 1785 1517 1824 partes
1537 1778 1808 1820 consenserint,
1826 1778 1950 1812 debito
1971 1779 2043 1812 fine
2064 1779 2158 1812 deei-

280 1847 378 1890 dant,
405 1847 580 1880 facientes
605 1846 703 1892 quod
730 1845 961 1879 decreverint
980 1857 1045 1891 per
1070 1857 1262 1879 censuram
1283 1845 1567 1879 ecelesiasticam
1593 1845 1745 1879 firmiter
1766 1845 1968 1888 observari,
1995 1846 2157 1891 alioquin

279 1914 430 1948 eandem
458 1913 503 1947 ad
531 1925 600 1947 nos
630 1913 812 1947 remittant
841 1912 1064 1946 sufficienter
1092 1913 1319 1955 instructam,
1348 1912 1572 1958 prefigentes
1600 1912 1765 1958 partibus
1791 1913 1986 1946 terminum
2012 1925 2158 1959 compe-

279 1987 428 2023 tentem,
450 1992 522 2026 quo
543 1992 608 2026 per
628 1986 884 2026 procuratores
904 1979 1059 2013 idoneos
1080 1986 1230 2025 propter
1250 1979 1318 2013 hoc
1338 1986 1465 2013 nostro
1487 1991 1526 2013 se
1547 1980 1761 2025 conspectui
1782 1987 2048 2025 representem.
2076 1982 2156 2014 Dat.

279 2047 446 2082 Laterani
466 2059 487 2081 x
507 2046 576 2081 kal.
598 2046 826 2089 Decembris,
848 2046 1079 2092 pontificatus
1101 2047 1217 2080 nostri
1237 2058 1332 2080 anno
1354 2047 1484 2092 primo.

372 2145 498 2170 Biblioth.
514 2146 540 2169 S.
557 2145 704 2170 Genovet'ee
718 2145 802 2169 Paris.
819 2145 882 2169 Cod.
900 2145 930 2173 Q.
947 2145 964 2168 l.
983 2146 1006 2173 2,
1022 2145 1102 2174 in-8⁰‚
1119 2145 1163 2168 fol.
1180 2144 1236 2168 14⁵.
1252 2158 1284 2163 --
1298 2145 1422 2173 Bulaeus,
1439 2145 1459 2174 1,
1476 2145 1537 2173 274;
1554 2145 1599 2173 111,
1616 2145 1670 2168 124.

374 2230 396 2254 1.
420 2229 572 2254 florbertus.
587 2243 619 2248 —
633 2230 656 2254 2.
670 2229 731 2255 Vide
746 2229 779 2253 ad
794 2229 843 2253 hoc
855 2229 932 2262 epist.
950 2229 1059 2253 Honorii
1074 2229 1110 2253 111
1126 2237 1208 2261 supi-u
1224 2233 1253 2253 n⁰
1269 2230 1308 2253 45.
1324 2243 1355 2248 —
1369 2230 1392 2253 3.
1408 2229 1438 2253 In
1454 2237 1503 2253 ms.
1519 2229 1617 2261 legitur
1633 2237 1639 2252 ι
1656 2229 1778 2258 Condun;
1795 2229 1909 2254 Bulaeus
1926 2237 1932 2253 z
1949 2230 2067 2254 Coudun.
2084 2231 2156 2254 Idem

277 2274 323 2299 ille
341 2276 368 2299 in
387 2275 451 2307 Reg.
471 2274 529 2298 Vnt.
550 2273 659 2298 Bonorii
678 2274 715 2298 111
730 2282 772 2298 nu.
793 2275 815 2303 ³,
832 2282 873 2306 ep.
890 2274 944 2303 107,
961 2273 1113 2298 nominatur
1129 2282 1134 2298 z
1151 2274 1180 2298 R.
1197 2274 1229 2298 de
1244 2273 1344 2298 Codun.
1361 2273 1436 2298 Certe
1452 2273 1509 2306 ipse
1524 2277 1572 2302 est,
1588 2273 1632 2306 qui
1651 2282 1719 2297 anno
1735 2274 1796 2298 1244
1815 2274 1849 2298 ed
1869 2275 1958 2298 sedem
1978 2274 2157 2307 episcopalem

278 2318 495 2343 Suenionennem
509 2321 550 2342 eet
564 2321 678 2347 evectae,
689 2321 715 2342 et.
728 2318 774 2350 qui
788 2318 944 2350 liudulphus
959 2318 992 2342 de
1007 2318 1116 2342 Coudun
1132 2321 1250 2342 vocatur.
1266 2318 1305 2342 Gt.
1324 2318 1421 2343 Gallia
1435 2318 1606 2347 christiana,
1618 2318 1660 2347 lx,
1677 2319 1732 2342 ³69.

278 2485 358 2524 56.
389 2495 539 2531 Gregorius
563 2496 609 2522 IX
626 2494 811 2532 Radulphum
835 2494 969 2522 abbatem
989 2498 1017 2522 et
1036 2495 1164 2532 priorem
1184 2496 1211 2522 S.
1233 2494 1374 2521 Iohannis
1393 2494 1422 2520 in
1453 2494 1547 2521 Vincis
1573 2502 1609 2520 ac
1629 2493 1815 2530 Radulphum
1840 2493 1876 2520 de
1903 2493 2029 2529 Coudun,
2056 2494 2154 2520 archi-

365 2543 519 2571 diaconum
535 2543 754 2571 Sueseionenees
762 2543 879 2580 judices
898 2543 927 2570 in
947 2552 1038 2570 cauea
1058 2543 1132 2570 inter
1150 2543 1318 2580 Philippum
1341 2541 1547 2569 cancellarium
1563 2546 1591 2569 et
1611 2546 1774 2569 conventum
1791 2544 1818 2569 S.
1840 2543 1998 2578 Genovefae
2010 2542 2155 2579 pendente

365 2593 523 2620 constituit.

1445 2637 1522 2667 1227,
1537 2636 1684 2664 Decembris
1697 2638 1723 2668 3,
1739 2637 1866 2664 Laterani.

365 2712 571 2759 Gregorius
601 2713 797 2759 episcopus
825 2725 955 2747 servus
982 2724 1171 2746 servorum
1200 2712 1266 2746 Dei
1293 2711 1439 2746 dilectis
1466 2711 1552 2745 filiis
1581 2738 1602 2745 ..
1629 2711 1748 2745 abbati
1780 2718 1816 2745 et
1839 2737 1859 2745 ..
1889 2712 2001 2758 priori
2031 2712 2151 2746 Sancti

274 2779 425 2813 Joannis
451 2779 489 2813 in
513 2779 642 2814 Vineis
661 2786 698 2814 et
718 2781 757 2814 R.
780 2780 825 2814 de
846 2779 1003 2814 Coudun
1029 2779 1285 2813 archidiacono
1316 2777 1648 2813 Suessionensibus
1677 2778 1829 2812 salutem
1857 2785 1891 2812 et
1916 2779 2151 2825 apostolicam

275 2844 582 2880 benedictionem.
611 2846 741 2880 Dilecti
771 2846 836 2880 filii
865 2873 887 2880 ..
917 2846 1030 2880 abbas
1059 2853 1095 2880 et
1118 2852 1322 2880 conventus
1348 2846 1476 2880 Sancte
1497 2846 1685 2880 Genovese
1707 2846 1926 2879 Parisiensis
1955 2858 2018 2879 sua
2045 2845 2152 2879 nobis

275 2912 521 2947 insinuatione
540 2920 744 2948 monstrare
764 2921 950 2957 curarunt,
979 2914 1077 2960 quod
1098 2925 1179 2948 cum
1201 2914 1245 2947 ad
1266 2914 1329 2959 jus
1350 2925 1475 2947 eorum
1498 2913 1689 2959 pertineat,
1712 2919 1749 2946 ut
1770 2912 1940 2946 doctores
1966 2912 2150 2958 theologie

275 2985 311 3013 et
330 2979 559 3014 decretorum
585 2992 625 3015 ac
645 2980 850 3015 liberalium
871 2981 1000 3015 artium
1022 2981 1067 3014 de
1088 2981 1252 3027 ipsorum
1274 2980 1426 3014 licencia
1447 2979 1562 3013 libere
1584 2991 1712 3025 regere
1734 2979 1875 3013 valeant
1901 2979 1937 3012 in
1964 2978 2150 3024 parrochia
