2580 3528
267 417 364 461 1255]
606 430 654 453 ΑΒ
687 430 793 453 auno
827 429 904 452 uec
938 426 1071 458 stus
1106 430 1154 452 Al)
1188 429 1416 452 Pmmrruu
1452 430 1492 452 iv
1527 431 1614 453 aas.
1652 431 1789 454 rame.
2071 424 2136 458 279

263 502 421 550 legibili,
449 511 516 537 nec
544 514 690 537 cursum
720 503 877 549 aliquem
908 503 1083 549 incipere,
1115 503 1232 537 donec
1263 503 1422 548 priorem
1456 515 1602 537 cursum
1639 505 1898 546 terminaverit,
1931 506 2000 539 nisi
2033 508 2134 551 gravi

263 569 471 604 infirmitate
490 569 584 604 ultra
603 581 650 604 xv-
668 570 748 604 dies
769 570 940 604 detentus
959 570 1081 612 suerit,
1101 569 1159 603 vel
1180 576 1330 615 propter
1345 581 1488 604 causam
1507 570 1755 604 rationabilem
1775 571 1856 616 plus
1873 584 1978 616 quam
1996 585 2039 606 xv
2056 573 2136 606 dies

261 635 383 670 villam
413 636 554 678 exierit,
584 636 642 670 vel
671 637 702 670 si
731 636 892 670 scolares
922 648 1003 670 eum
1035 636 1191 682 amplius
1220 636 1346 670 audire
1376 636 1574 670 noluerint.
1607 638 1694 670 Item
1726 637 1857 670 (liebus
1887 638 2133 683 apostolorum

261 708 298 736 et
315 703 621 749 evangelistarum
649 703 740 737 nulli
770 703 876 737 liceat
902 703 1027 750 legere
1055 703 1194 749 aliquas
1224 703 1415 745 lectiones,
1445 715 1512 737 nec
1542 703 1660 737 tribus
1689 703 1821 737 diebus
1852 705 2027 750 proximis
2054 712 2137 750 post

259 769 396 811 Natale,
417 775 501 815 post
524 769 673 812 Pascha,
694 777 778 816 post
797 771 1053 811 Pentecosten,
1075 781 1142 803 nec
1173 770 1211 802 in
1240 769 1365 816 vigilia
1390 770 1543 803 istorum
1570 770 1677 803 trium
1708 770 1800 804 ultra
1828 770 1952 804 horam
1979 771 2132 804 tertiam.

262 836 336 870 Hec
369 841 486 870 autem
522 837 714 870 statuimus
744 843 777 870 et
809 837 1059 871 ordinavimus
1093 836 1353 871 inviolabiliter
1386 836 1625 870 observanda.
1662 836 1758 870 Nulli
1791 849 1881 883 ergo
1907 837 2014 871 liceat
2043 838 2133 871 hanc

261 902 427 948 paginam
457 909 581 936 nostre
615 903 856 937 ordinationis
886 903 1087 949 infringere
1116 902 1173 937 vel
1203 903 1236 936 ei
1266 915 1356 937 ausu
1386 904 1579 937 temerario
1607 904 1800 937 contraire.
1837 902 1873 937 Si
1901 905 1984 950 quis
2013 911 2132 938 autem

259 967 328 1003 hoc
349 975 559 1015 attemptare
584 970 862 1016 presumpserit,
891 970 1179 1016 indignationem
1208 970 1320 1004 totius
1345 970 1602 1004 Universitatis
1623 982 1765 1004 necnon
1790 977 1826 1004 et
1850 971 2131 1017 suspensionem

259 1035 457 1070 lectionum
482 1043 802 1082 quantumcunque
827 1048 892 1082 per
916 1049 1048 1070 annum
1071 1047 1110 1070 se
1131 1037 1273 1071 noverit
1293 1037 1539 1070 incursurum.
1570 1038 1609 1070 ln
1630 1038 1734 1082 cujus
1756 1037 1807 1070 rei
1829 1038 2076 1071 testimonium
2098 1045 2133 1072 et

259 1102 446 1136 munimen
474 1109 680 1148 presentem
711 1103 866 1136 litteram
897 1103 1031 1149 sigillis
1058 1103 1141 1148 iiijor
1169 1103 1354 1137 nationum
1385 1115 1569 1137 consensu
1599 1103 1795 1137 earundem
1826 1104 1996 1137 (luximus
2028 1104 2132 1150 sigil-

257 1168 413 1202 landam.
436 1170 564 1202 Datum
585 1181 680 1203 anno
701 1170 828 1204 MCCL
848 1176 991 1215 quarto,
1014 1170 1073 1203 die
1095 1170 1241 1204 veneris
1261 1177 1343 1203 ante
1365 1171 1496 1203 Ramos
1518 1170 1728 1216 palmarum.

350 1267 415 1291 Cod.
430 1267 488 1291 Vat-
503 1267 567 1299 neg.
580 1268 636 1295 406,
653 1267 698 1291 rol.
715 1267 771 1291 56¹².
785 1267 854 1291 Bibl.
870 1267 1005 1300 phillipps
1022 1268 1048 1291 in
1064 1268 1245 1296 Cbeltenham,
1262 1277 1312 1292 ms.
1330 1269 1384 1296 876,
1402 1269 1447 1292 fol.
1462 1270 1502 1296 60,
1518 1268 1568 1291 sub
1585 1268 1692 1292 rubrica
1707 1277 1714 1293 ;
1730 1278 1741 1291 ει
1758 1268 1897 1292 Ordinatio
1915 1270 1984 1293 sacta
1999 1277 2014 1292 a
2030 1269 2130 1300 magis-

256 1311 304 1335 tris
319 1311 416 1335 artium
431 1311 464 1335 de
476 1311 554 1335 modo
567 1311 673 1343 legendi
687 1312 813 1335 lectiones
828 1312 962 1335 curaorias
975 1315 1000 1336 et
1017 1311 1166 1336 ordinarias
1181 1320 1203 1336 ›³-
1219 1326 1250 1330 —
1262 1313 1386 1342 Bulaeus,
1403 1313 1449 1340 ΙΙΙ,
1465 1313 1519 1336 280.

348 1396 372 1419 1.
390 1404 402 1418 a
418 1395 571 1420 Absolvere.
582 1413 606 1420 ..
623 1399 762 1420 teneantur
777 1404 789 1419 »
804 1405 857 1420 om.
872 1396 935 1420 cod.
952 1397 1016 1429 Reg.
1030 1410 1062 1414 —
1076 1397 1098 1420 2.
1115 1396 1179 1428 Ejus
1194 1396 1295 1420 scilicet
1309 1394 1532 1420 introductionem
1549 1397 1700 1428 (εἰσαγωγήν)
1716 1397 1742 1420 in
1758 1397 1913 1429 Categorias
1929 1405 1975 1422 seu
1988 1398 2129 1422 Praedica-

254 1442 341 1464 mantn
355 1439 513 1464 Ati-notetis.
531 1453 563 1458 -—-
576 1441 600 1464 ³.
618 1440 693 1464 Certe
707 1440 735 1464 hi
753 1443 808 1464 tres
823 1441 886 1464 libri
899 1441 1069 1473 pertinebant
1081 1441 1114 1464 ad
1135 1441 1258 1465 Veterem
1278 1441 1408 1472 logicam,
1429 1441 1491 1464 lieet
1512 1441 1668 1465 Lambertus
1683 1442 1906 1466 Autissiodorens.
1929 1442 1952 1466 ei
1975 1445 2130 1466 annumeret

253 1487 355 1509 tantum
372 1492 385 1508 ι
397 1484 497 1509 librum
518 1484 795 1509 Praedicamentorum
812 1488 838 1509 et
858 1485 957 1509 librum
978 1485 1169 1509 Periermenias
1186 1493 1208 1509 υ.
1224 1485 1347 1510 Summa
1362 1485 1468 1516 loyicae
1483 1485 1509 1509 in
1525 1485 1595 1509 Bibl.
1610 1489 1664 1509 nat.
1680 1485 1775 1514 Paris..
1792 1494 1842 1510 ms.
1858 1486 1905 1510 lat.
1926 1487 2011 1515 16617,
2029 1487 2073 1511 fol.
2087 1488 2126 1512 ⁶5.

252 1528 403 1554 Generatim
414 1529 484 1553 enim
498 1532 552 1553 tres
562 1529 626 1553 libri
640 1537 722 1561 snpra
736 1529 864 1554 nominati
879 1530 979 1554 vocabu
985 1533 1046 1553 ntur
1066 1530 1149 1555 Vetus
1162 1530 1260 1562 logica.
1275 1530 1340 1553 Vide
1351 1530 1506 1554 ,iuramenta
1521 1538 1564 1554 an.
1580 1530 1640 1554 1287
1656 1530 1726 1562 apud
1743 1530 1879 1559 Bulaeum,
1897 1531 1943 1559 111,
1954 1531 2009 1560 1185,
2024 1531 2127 1555 Statuta

251 1573 410 1598 Ani-tarum
425 1573 536 1598 'roto-ae
550 1581 593 1598 an.
610 1573 672 1598 1³⁰⁹
685 1574 712 1598 in
726 1574 800 1599 Hist.
812 1574 876 1606 qen.
891 1575 931 1599 du
944 1574 1124 1606 Lanyueaoa
1138 1575 1179 1600 ed.
1195 1574 1295 1604 Privat,
1310 1575 1366 1603 vn,
1383 1575 1439 1598 ¹142.
1456 1575 1507 1598 Sed
1522 1575 1679 1607 quandoque
1691 1578 1717 1598 ot
1733 1575 1798 1599 libri
1812 1574 1989 1600 Divisionum
2002 1579 2028 1599 et
2046 1576 2127 1607 Topi-

250 1624 350 1644 corum
370 1617 460 1644 Boetit'
480 1618 623 1651 praedictis
641 1619 728 1642 trihus
747 1618 824 1642 libris
843 1619 1065 1651 adjungebantur,
1086 1619 1155 1651 quod
1177 1622 1203 1643 et
1224 1627 1306 1651 supro
1325 1619 1416 1645 fiebat.
1431 1619 1471 1644 Cf.
1490 1622 1628 1651 practerea
1642 1623 1672 1643 n⁰
1688 1620 1745 1643 201.
1761 1633 1792 1637 —
1808 1621 1832 1643 ln.
1849 1619 1913 1643 Vide
1926 1627 2007 1651 supra
2026 1624 2057 1643 n⁰
2071 1620 2126 1644 201.

249 1675 281 1681 -
304 1664 328 1688 5.
348 1662 396 1687 isti
421 1665 535 1695 quatuor
560 1663 624 1687 libri
647 1663 795 1687 Aristotelis
820 1663 983 1688 vocabantur
1007 1663 1085 1688 Nova
1108 1663 1208 1695 loqt‘ca.
1231 1663 1270 1688 Cf.
1300 1667 1420 1688 auctores
1445 1663 1471 1687 in
1491 1672 1516 1687 n.
1540 1665 1555 1687 3
1575 1664 1679 1688 citatos.
1704 1677 1732 1682 —-
1760 1665 1784 1687 6.
1805 1664 1842 1687 Ad
1869 1664 2071 1688 Nicomachum.
2095 1677 2127 1682 --

250 1708 273 1732 7.
288 1707 353 1732 Vide
367 1713 450 1740 supra
463 1711 494 1731 1ιο
507 1707 562 1732 201.
575 1721 607 1726 —
621 1708 644 1732 8.
660 1708 748 1740 Supra
759 1711 789 1732 n⁰
803 1708 857 1732 201.
870 1722 903 1726 —
916 1709 941 1732 9.
953 1708 1037 1737 Quem
1057 1708 1108 1732 isto
1127 1711 1246 1740 tempore
1263 1709 1317 1732 fore
1336 1715 1427 1732 omnes
1441 1708 1577 1732 Aristoteli
1596 1708 1789 1740 ascripserunt.
1810 1709 1849 1732 Cf.
1872 1708 1905 1732 de
1928 1708 1987 1740 ipso
2006 1708 2125 1732 Bai-den-

248 1751 346 1782 bever,
356 1751 408 1777 Dt'e
419 1751 740 1784 pseudo-aristotelische
754 1753 865 1783 Schrift
879 1752 952 1777 iiber
966 1754 1017 1779 das
1030 1754 1111 1778 reine
1126 1753 1198 1778 (ἤιξε
1215 1753 1358 1785 (Friburgi,
1373 1753 1454 1783 1882).
1463 1767 1495 1770 —
1505 1753 1544 1777 10.
1560 1753 1644 1785 Hujus
1660 1753 1725 1776 libri
1740 1756 1832 1776 auctor
1843 1756 1884 1776 ost.
1896 1753 1974 1777 Costa
1989 1753 2039 1777 ben
2054 1753 2125 1777 Luca

248 1803 318 1821 saec.
332 1796 402 1820 lit-x
422 1797 467 1827 (cl'.
485 1796 517 1820 de
536 1804 567 1820 eo
586 1797 758 1826 thstenfeld,
780 1797 877 1822 Gesch.
896 1798 948 1822 det·
961 1797 1130 1823 arabischen
1148 1798 1250 1822 Aerzte
1265 1798 1328 1822 und
1341 1797 1574 1828 Naturforscher,
1595 1806 1622 1829 p.
1638 1798 1688 1828 49),
1706 1806 1820 1829 eumque
1838 1797 1972 1821 Johannes
1989 1797 2123 1830 Hispanus

246 1848 297 1873 pro
313 1840 460 1865 naim-mdo
474 1841 674 1873 archiepiscopo
689 1842 815 1866 Toletano
833 1842 992 1872 (1126-1151)
1007 1850 1039 1866 ex
1053 1842 1160 1866 arabico
1171 1841 1198 1866 in
1212 1842 1325 1866 latinum
1340 1842 1486 1866 transtulit.
1502 1842 1542 1866 Cf.
1553 1842 1690 1870 Jourdain,
1702 1842 1873 1867 Recherehes
1886 1849 1941 1867 sur
1954 1842 1993 1867 les
2008 1843 2123 1867 traduc-

246 1884 320 1911 dom
331 1885 490 1914 durium,
506 1886 521 1909 Ξ
539 1885 590 1915 od..
609 1894 637 1918 p.
654 1886 700 1910 116
718 1894 758 1918 sq.
773 1886 945 1915 Wustent'eld,
968 1886 1022 1912 Die
1041 1887 1283 1918 Uebersetmnqen
1298 1887 1379 1912 arab.
1398 1887 1496 1912 Werke
1507 1893 1562 1911 aus
1574 1887 1636 1911 dem
1650 1887 1759 1911 Latein.
1771 1886 1822 1912 seit
1835 1887 1898 1911 dem
1910 1885 1959 1911 XI
1967 1887 2022 1915 Jh„
2037 1895 2064 1918 p.
2080 1887 2120 1910 33.

247 1929 333 1959 Liber,
344 1929 390 1962 qui
403 1929 431 1954 in
445 1937 510 1954 mas.
522 1937 601 1962 saepe
610 1930 733 1958 occurrit,
746 1930 796 1955 sub
810 1930 916 1954 nomine
929 1931 1095 1955 Constantini
1109 1930 1234 1959 Africani,
1249 1931 1382 1954 invenitur
1392 1930 1419 1954 in
1433 1931 1598 1955 Constantini
1608 1937 1680 1962 opp..
1696 1930 1789 1960 Basil.,
1806 1931 1876 1959 1536,
1892 1939 1918 1962 p.
1932 1931 1987 1954 308.
2003 1930 2039 1954 Dc
2052 1938 2120 1954 novo

246 1980 278 1998 σι
292 1981 356 1999 ma.
372 1972 459 1999 editu·
474 1975 515 1999 ed
529 1982 545 1999 a
556 1975 668 2004 Baracb,
683 1975 855 2000 Bibliotheca
868 1975 1104 2006 philosophorum
1118 1976 1188 2001 med.
1204 1975 1314 2003 aetatis,
1331 1975 1487 2004 lnnsbruck,
1503 1975 1573 2004 1878,
1590 1975 1623 2004 Π,
1641 1975 1685 1999 117
1700 1983 1758 2007 sqq.
1773 1989 1803 1992 —
1822 1975 1860 1999 11.
1882 1975 1987 1998 Festum
2007 1975 2119 2006 Remigii

246 2018 259 2042 ¹
274 2018 406 2049 Octobris,
421 2019 539 2052 Dionysii
552 2021 568 2043 9
581 2019 675 2044 Octob-

245 2140 357 2178 247.
379 2149 547 2178 Alexander
561 2152 606 2179 JV
614 2151 655 2178 ad
674 2153 827 2187 magistros
848 2155 876 2179 et
893 2152 1042 2179 scholares
1063 2152 1159 2179 Paria.
1182 2151 1296 2179 litteras
1316 2152 1403 2178 mittit
1422 2151 1458 2178 de
1478 2151 1674 2186 licentiandis,
1692 2151 1729 2177 de
1742 2151 1859 2187 juribus
1879 2151 2058 2185 cancellarii,
2081 2151 2118 2178 de

334 2198 523 2235 haecomnia,
544 2199 581 2227 de
599 2201 761 2227 cessatione
778 2201 951 2236 scholarum,
969 2200 1006 2228 de
1026 2201 1077 2228 tite
1096 2201 1171 2227 iuter
1195 2201 1411 2228 Universitatem
1431 2204 1458 2227 et
1477 2202 1586 2235 fratres
1606 2200 1837 2234 Praedicator-es,
1857 2209 1927 2236 quoa
1947 2199 1988 2226 ad
2007 2201 2115 2235 magie—

332 2251 439 2275 ενοι-ειη
453 2249 626 2275 consortium
640 2249 755 2276 restitui
769 2249 904 2276 decernit.

603 2287 606 2290 ’
1467 2286 1545 2315 1256,
1561 2284 1652 2318 Aprilis
1666 2285 1703 2315 u,
1718 2285 1828 2317 Neapoli.

329 2357 536 2392 Alexander
559 2359 755 2405 episcopus
781 2371 911 2394 servus
935 2372 1125 2394 servorum
1154 2360 1220 2393 Dei
1245 2359 1389 2393 dilectis
1414 2359 1500 2393 filiis
1528 2359 1710 2392 universis
1737 2358 1921 2404 magistris
1941 2364 1975 2391 et
1997 2356 2113 2391 scola-

243 2423 344 2459 ribus
364 2424 634 2459 Parisiensibus
659 2425 810 2460 salutem
839 2433 875 2460 et
892 2426 1126 2472 apostolicam
1155 2422 1870 2479 benedictionem.Q1Q—nge
1885 2425 1921 2457 in
1943 2424 2111 2470 paradiso

241 2490 307 2524 Dei
337 2497 372 2525 et
399 2491 503 2538 quasi
535 2491 682 2526 lucerna
712 2492 868 2539 fulgoris
897 2493 934 2526 in
963 2493 1072 2527 donno
1101 2492 1246 2526 Domini
1275 2499 1332 2526 est
1358 2492 1394 2525 in
1422 2498 1543 2525 sancta
1571 2491 1725 2525 ecclesia
1753 2491 1971 2525 parisiensis
1998 2491 2110 2525 studii

239 2556 444 2604 disciplina.
465 2559 537 2593 Hec
558 2559 692 2605 quippe
708 2559 808 2593 velut
823 2559 976 2593 secunda
993 2559 1211 2593 eruditionis
1232 2570 1364 2604 parens
1379 2558 1423 2592 ad
1440 2558 1664 2604 irrigandum
1685 2557 1846 2591 sterilem
1864 2557 1965 2591 orbis
1980 2558 2107 2591 faciem

239 2622 370 2658 fluvios
401 2624 446 2658 de
473 2625 636 2659 sontibus
665 2626 842 2671 sapientie
872 2625 1040 2659 salutaris
1070 2637 1151 2659 cum
1186 2625 1322 2671 impetu
1355 2625 1452 2658 foras
1487 2624 1633 2658 mittens
1664 2623 1799 2670 ubique
1831 2631 2005 2658 terrarum
2042 2624 2107 2657 Dei

237 2686 382 2725 letificat
415 2691 610 2733 civitatem,
645 2699 678 2726 et
713 2692 749 2726 in
784 2692 1012 2738 refrigerium
1046 2692 1244 2726 animarum
1281 2691 1507 2737 flagrantium
1543 2691 1602 2724 siti
1630 2691 1772 2736 justitie
1802 2702 1914 2736 aquas
1943 2690 2108 2724 doctrine

237 2755 371 2791 dividit
386 2757 531 2803 publice
551 2759 587 2792 in
616 2758 756 2804 plateis.
786 2758 838 2792 lbi
865 2759 1033 2792 nimirum
1059 2758 1247 2792 ordinatus
1273 2765 1330 2792 est
1350 2770 1414 2804 per
1439 2757 1702 2803 providentiam
1724 2757 1926 2791 conditoris
1949 2757 1994 2791 ad
2014 2769 2107 2803 opus

235 2829 343 2868 atque
362 2824 563 2858 custodiam
585 2825 773 2859 doctorum
796 2825 887 2859 ordo
909 2826 1119 2872 precipuus,
1135 2832 1175 2859 ut
1189 2825 1233 2859 ad
1255 2825 1326 2859 vite
1344 2825 1499 2858 fructum
1521 2823 1746 2858 rationabilis
1767 2830 1931 2857 creature
1952 2823 2107 2857 deducat

235 2888 415 2932 affectum,
450 2901 496 2924 ne
529 2891 565 2924 in
598 2898 745 2937 gustum
787 2892 912 2926 mortis
951 2891 1057 2926 vetita
1097 2891 1231 2926 veteris
1266 2890 1563 2937 prevaricationis
1597 2889 1767 2924 illecebra
1803 2890 2008 2923 seducatur.
2051 2889 2102 2922 lbi

235 2953 429 2989 humanum
459 2965 578 3003 genus
607 2958 798 3004 originalis
832 2958 1036 3005 ignorantie
1070 2958 1221 2992 cecitate
1254 2958 1416 2991 deforme
1451 2969 1514 3003 per
1547 2957 1792 3003 cognitionem
1831 2957 1906 2990 veri
1941 2956 2102 2996 luminis,
