2580 3528
458 374 523 408 312
1042 386 1363 409 ann‘rULAnlUM
1397 387 1588 412 UNIVERS.
1624 387 1753 410 PARIS.
2237 377 2336 418 [1256

460 458 884 504 Christo'conspuimur,
914 460 1078 493 cedimur
1103 459 1280 506 colaphis,
1309 460 1561 506 impingimur,
1587 461 1776 503 trahimur,
1804 446 2012 503 tendimur,
2028 460 2333 506 blasphemamur.

460 526 501 558 In
528 530 708 571 pauperes
734 525 871 560 Christi
895 526 997 571 palee
1022 527 1207 572 jaciuntur
1235 534 1271 561 et
1300 527 1485 567 stramina,
1512 533 1547 560 et
1571 534 1641 560 tam
1666 528 1704 560 in
1730 528 1837 561 domo
1864 540 1969 573 quam
1991 534 2089 561 extra
2110 527 2272 567 domum,
2300 533 2337 561 et

460 598 567 625 nocte
595 599 631 625 et
657 592 730 634 die,
757 593 870 626 Israel
897 592 962 625 filii
987 593 1024 625 in
1044 593 1121 626 luto
1149 600 1185 626 et
1212 593 1324 626 latere
1349 593 1598 638 lapidantur¹⁴.
1629 595 1670 626 In
1701 594 1848 627 domum
1879 594 1983 627 etiam
2012 600 2173 628 nostram
2204 594 2335 640 sagitte
2358 581 2361 583 “

461 670 567 691 manu
602 658 778 692 balistarii
807 660 1005 704 jaciuntur.
1037 661 1117 692 Non
1151 666 1207 692 est
1240 659 1349 692 nobis
1383 659 1517 692 alicubi
1547 660 1724 693 securitas
1753 660 1827 693 ulla
1855 660 1956 694 hora.
1991 662 2144 706 Propter
2172 661 2270 706 quod
2300 667 2337 694 et

460 725 630 758 dominus
661 737 725 758 rex
754 725 900 758 domum
931 732 1091 759 nostram
1124 726 1182 758 die
1212 732 1395 771 noctuque
1425 733 1558 759 armata
1586 738 1694 759 manu
1721 738 1787 771 per
1810 726 2017 761 balistarios
2045 727 2148 772 quasi
2176 734 2334 761 castrum

460 791 652 825 obsessum
683 792 767 825 facit
793 792 964 825 continue
992 792 1182 825 custodiri.
1210 793 1255 824 Et
1282 792 1380 836 quod
1410 792 1529 825 altiori
1557 792 1764 825 turbatione
1792 804 1860 826 nos
1889 793 2016 838 tangit,
2047 793 2119 838 ipsi
2148 793 2334 840 theologie

459 858 624 903 magistri
654 870 851 903 pauperum
884 858 1005 899 fidem,
1041 858 1149 891 vitam
1185 864 1220 890 et
1253 858 1380 891 samam
1411 870 1533 891 coram
1563 858 1662 891 omni
1692 858 1841 904 populo,
1877 858 2077 893 baronibus
2108 866 2143 893 et
2171 860 2333 905 prelatis,

458 925 565 957 etiam
596 936 715 957 coram
747 936 834 969 rege
864 931 1047 966 accusant,
1079 924 1278 957 dilacerant
1307 931 1343 957 et
1371 924 1593 965 corrodunt;
1624 925 1711 958 fidei
1741 925 2014 965 defensoribus,
2044 916 2334 971 predicatoribus

458 991 620 1024 veritatis
647 997 680 1023 et
715 990 800 1023 fidei
831 990 1010 1035 agonistis
1038 991 1085 1034 (et
1110 990 1298 1024 nonnullis
1325 991 1464 1036 proprii
1495 991 1686 1036 sanguinis
1713 991 1892 1024 effusione
1918 992 2152 1036 consecratis)
2177 992 2336 1026 infideli-

458 1057 540 1090 tatis
568 1057 704 1090 crimen
732 1057 952 1102 impingunt,
982 1057 1019 1089 in
1045 1057 1137 1102 ipsis
1168 1057 1369 1090 doctrinam
1399 1064 1577 1091 conantur
1605 1057 1781 1103 exemplis
1810 1058 2040 1103 [monstrare]
2069 1070 2272 1101 erroneam,
2300 1065 2337 1092 et

458 1123 577 1156 animo
604 1123 758 1156 irruenti
786 1129 821 1156 et
847 1123 937 1156 facie
965 1123 1151 1156 obfirmata
1178 1124 1453 1169 generationem
1481 1124 1613 1157 claram
1644 1124 1756 1157 multe
1786 1124 1916 1157 merito
1947 1125 2114 1170 puritatis
2141 1124 2335 1170 flagitiosis

458 1189 748 1234 turpitudinibus
778 1202 899 1223 coram
929 1189 1100 1222 omnibus
1131 1197 1166 1223 et
1196 1189 1332 1235 ubique
1363 1190 1510 1235 publice
1539 1191 1796 1232 criminantur,
1833 1191 1914 1224 salsi
1948 1191 2091 1232 fratres,
2127 1191 2171 1224 de
2202 1191 2336 1236 quibus

459 1256 546 1289 dicit
579 1256 781 1301 apostolus,
816 1256 1040 1301 predicimur
1074 1263 1109 1289 et
1142 1257 1327 1302 prenuntii
1361 1257 1565 1290 antichristi
1593 1257 1706 1290 futuri
1741 1264 1777 1290 et
1805 1252 1929 1291 ultima
1959 1258 2215 1303 persecutione
2249 1257 2336 1291 fidei

460 1323 746 1356 subversores¹⁵.
774 1323 865 1357 Cum
892 1323 1103 1356 auctoritate
1130 1323 1287 1356 docendi
1313 1323 1404 1356 nihil
1430 1336 1512 1357 esse
1538 1336 1730 1357 commune
1751 1324 2023 1357 Predicatorum
2045 1324 2185 1357 ordinis
2206 1324 2335 1358 minis-

457 1390 549 1422 terio
582 1389 769 1435 religiosis
805 1389 1032 1434 quibuslibet
1061 1390 1315 1435 dogmatizant.
1353 1390 1449 1433 Quin
1479 1390 1588 1423 immo
1618 1391 1689 1436 ipsi
1723 1390 1909 1436 theologie
1944 1391 2114 1424 doctores
2148 1391 2337 1436 predicant

458 1456 593 1501 populo
615 1468 680 1501 per
699 1456 869 1501 capellas,
893 1456 991 1501 quod
1011 1456 1119 1489 nobis
1140 1456 1400 1501 predicationis
1422 1457 1580 1490 officium
1601 1469 1835 1502 usurpamus,
1857 1457 2034 1491 adversus
2057 1469 2125 1490 nos
2147 1470 2165 1490 a
2186 1457 2335 1491 domino

458 1535 545 1568 rege
573 1529 701 1567 petunt
729 1522 952 1568 provinciale
979 1523 1176 1568 capitulum
1204 1523 1410 1565 convocari,
1441 1535 1480 1556 se
1511 1524 1673 1568 predicta
1701 1524 1745 1557 de
1774 1523 1881 1557 nobis
1912 1523 2067 1569 probare
2097 1531 2241 1569 paratos
2271 1536 2335 1558 ore

459 1589 638 1634 sacrilego
667 1589 885 1622 mentientes
897 1591 929 1621 ¹⁶.
960 1591 1005 1622 Et
1033 1589 1119 1622 licet
1146 1601 1258 1634 super
1287 1602 1414 1623 omnes
1445 1590 1643 1635 religiosos
1669 1590 1736 1623 hec
1764 1591 1901 1623 cantica
1927 1597 2184 1636 congerantur,
2215 1597 2335 1624 tamen

459 1667 526 1688 nos
558 1655 628 1688 soli
658 1667 724 1700 pro
754 1656 904 1689 veritate
935 1662 1060 1688 contra
1093 1656 1256 1689 veritatis
1286 1655 1412 1689 hostes
1440 1657 1667 1702 perstitimus
1680 1658 1712 1695 ¹⁷,
1743 1656 1891 1702 quibus,
1923 1663 1962 1689 ut
1990 1657 2171 1702 evangelii
2201 1657 2334 1691 veritas

458 1722 553 1767 apud
579 1734 647 1755 nos
673 1728 804 1763 teneat,
834 1722 878 1754 ad
905 1722 1030 1755 horam
1057 1734 1129 1755 non
1155 1723 1335 1756 cessimus
1362 1735 1428 1756 nec
1450 1723 1634 1764 cedimus,
1659 1730 1694 1756 et
1714 1723 1744 1757 si
1767 1723 1854 1768 quid
1881 1723 2049 1768 amplius,
2076 1735 2144 1757 nos
2169 1724 2336 1758 fecerunt

459 1788 557 1824 illate
583 1788 716 1833 injurie
742 1788 926 1830 fortiores,
954 1801 1025 1833 quo
1052 1789 1280 1822 manifestius
1305 1789 1474 1823 novimus
1500 1790 1537 1822 in
1564 1790 1629 1822 Dei
1656 1790 1742 1822 fidei
1767 1790 1930 1823 veritatis
1960 1796 1996 1823 et
2022 1790 2163 1823 ordinis
2190 1790 2334 1835 iniquas

457 1855 610 1899 injurias
630 1861 868 1900 attemptatas.
891 1856 960 1887 Pro
982 1862 1080 1888 certo
1103 1855 1237 1900 quippe
1258 1855 1442 1889 discamus
1463 1868 1506 1889 ex
1526 1857 1703 1901 majorum
1725 1856 1887 1901 ipsorum
1906 1855 1993 1897 [ore]
2014 1856 2072 1890 vel
2093 1857 2278 1902 expressis
2299 1863 2335 1890 et

459 1922 529 1966 [ex]
556 1921 744 1966 operibus,
774 1921 985 1954 eorumdem
1016 1922 1053 1954 in
1083 1928 1206 1955 nostra
1234 1923 1490 1967 persecutione
1517 1922 1757 1956 intentionem
1788 1929 1824 1956 et
1852 1921 2079 1968 propositum
2105 1935 2332 1968 perversum.

457 1987 679 2020 Ambitionis
709 1988 804 2020 enim
836 1987 967 2032 spiritu
998 1987 1110 2032 pleni,
1142 1987 1271 2021 alienis
1301 1988 1505 2022 honoribus
1535 1989 1756 2031 invidentes,
1779 1989 1986 2031 intendunt,
2017 1995 2057 2022 ut
2086 1988 2210 2022 nullus
2245 1989 2333 2022 reli—

457 2054 586 2099 giosus
620 2054 738 2098 possit
771 2054 903 2087 docere
934 2053 1080 2099 publice
1113 2054 1172 2087 vel
1202 2054 1307 2088 ctiam
1339 2055 1539 2100 predicare.
1572 2057 1677 2101 Ipsos
1707 2055 1904 2101 religiosos
1938 2062 2007 2088 tam
2038 2054 2334 2101 contemptibiles

458 2120 741 2162 reddideruntffl,
769 2127 807 2153 ut
832 2121 923 2165 ipsis
949 2120 1082 2153 alicubi
1109 2133 1182 2153 non
1208 2122 1389 2164 credatur,
1418 2122 1515 2167 quod
1540 2123 1614 2167 jam
1641 2122 1684 2155 ad
1714 2122 1861 2167 plenum
1896 2122 2045 2155 Parisiis
2076 2121 2262 2163 obtinent3
2297 2109 2335 2155 et

456 2186 528 2219 nisi
559 2187 657 2219 Deus
687 2193 844 2231 apponat
873 2187 1088 2228 remedium,
1120 2187 1256 2232 ubique
1286 2194 1326 2221 ut
1354 2188 1499 2221 videtur
1527 2189 1565 2221 in
1595 2189 1744 2221 Francia
1771 2187 2000 2221 obtinebunt.
2033 2189 2077 2221 Et
2106 2188 2137 2221 si
2167 2187 2333 2233 plerique

457 2264 583 2286 eorum
605 2252 648 2285 ab
670 2253 815 2297 injuriis
837 2253 1090 2298 corporalibus
1117 2266 1261 2286 manum
1283 2254 1467 2296 cohibent,
1496 2267 1599 2288 rarus
1620 2261 1739 2288 tamen
1759 2255 1817 2288 vel
1838 2254 1962 2287 nullus
1983 2267 2002 2288 a
2023 2254 2254 2288 contumeliis
2274 2253 2334 2288 vel

456 2319 665 2365 opprobriis
701 2319 865 2352 continet
893 2319 1055 2365 linguam
1088 2332 1201 2353 suam.
1235 2321 1292 2354 Sic
1322 2321 1360 2353 in
1390 2321 1609 2354 beneficos¹⁹
1636 2321 1877 2363 recalcitrant,
1909 2321 2097 2354 furibundi
2126 2321 2266 2371 furiunt
2294 2321 2332 2354 in

455 2386 574 2428 mites,
609 2392 845 2419 contemnunt
880 2398 1059 2431 pauperes
1094 2387 1272 2432 opulenti,
1308 2394 1343 2420 et
1372 2399 1551 2433 pauperes
1581 2387 1784 2421 imbecilles
1819 2394 1986 2433 potentes
2017 2387 2228 2433 opprimunt
2253 2387 2334 2421 vio·-

454 2452 584 2485 lenter.
614 2453 671 2485 Sic
696 2453 733 2485 in
757 2452 851 2485 Abel
878 2453 967 2486 Ca'1‘n
994 2453 1163 2486 funestus
1189 2453 1361 2499 insurgit,
1387 2455 1425 2487 in
1449 2454 1586 2500 Joseph
1611 2455 1761 2488 fraterni
1786 2454 1913 2488 livoris
1937 2454 2038 2488 virus
2064 2453 2275 2495 effunditur,
2293 2451 2333 2486 'et

456 2518 493 2551 in
514 2519 732 2563 peculiarem
758 2519 933 2564 populum
960 2520 1106 2553 Domini
1131 2520 1247 2552 Aman
1273 2521 1403 2554 insiliit
1427 2520 1661 2554 furibundus.
1690 2520 1748 2555 Sic
1773 2521 1810 2554 in
1831 2519 1946 2555 David
1965 2518 2162 2554 Absal‘onis
2182 2516 2332 2553 ambitio
2367 2521 2370 2522 ⁷

456 2585 603 2618 molitur
628 2585 794 2627 insidias,
821 2586 939 2619 Semei
967 2586 1212 2631 blasphemias
1238 2588 1406 2633 congerit
1430 2594 1466 2620 et
1491 2587 1574 2621 Saul
1600 2587 1728 2621 mortis
1755 2587 1988 2633 dispendium
2009 2583 2244 2619 machinatur.
2272 2585 2332 2619 Sic

457 2652 585 2684 Petrus
616 2652 652 2684 in
683 2664 827 2685 carcere
858 2652 1051 2694 clauditur,
1083 2653 1300 2687 verberibus
1331 2654 1463 2687 Paulus
1495 2654 1660 2695 afficitur,
1696 2654 1881 2699 relegatur
1911 2651 2070 2687 Joannes
2101 2650 2226 2694 exilio,
2261 2652 2332 2698 pri-

456 2717 555 2749 mitie
576 2724 769 2762 martyrum
793 2718 996 2763 Stephanus
1016 2718 1207 2764 lapidatur.
1230 2720 1388 2753 Proinde
1409 2720 1643 2765 gaudendum
1661 2726 1717 2753 est
1736 2719 1843 2752 nohis
1862 2726 1898 2752 et
1914 2718 2147 2764 gaudendum
2166 2717 2328 2760 Omnino,

457 2795 537 2816 eum
564 2783 601 2817 in
629 2784 774 2816 Domini
800 2785 918 2826 vinea,
945 2797 1051 2829 quam
1076 2785 1250 2830 plantavit
1273 2787 1499 2828 Dominicus,
1526 2785 1686 2832 refulget
1711 2786 1830 2831 imago
1856 2783 2011 2819 ecclesie
2033 2785 2226 2831 primitive.
2250 2784 2329 2818 Illic

457 2849 494 2882 in
522 2850 768 2895 apostolorum
798 2851 944 2883 exitium
970 2851 1130 2896 pharisei
1155 2864 1349 2886 successor
1374 2853 1520 2894 insanit,
1552 2853 1704 2886 insanus
1734 2850 1923 2897 protervit,
1952 2850 2167 2885 temerarius
2198 2850 2331 2884 debac-

459 2915 596 2949 chatur.
619 2917 734 2957 Nunc,
754 2918 853 2949 'nunc
875 2917 987 2962 igitur
1008 2917 1167 2951 imitatur
1184 2919 1313 2952 'militia
1335 2919 1551 2964 principem,
1574 2919 1754 2964 sequntur
1771 2917 1938 2964 agoniste
1959 2918 2090 2951 summi
2111 2917 2272 2963 signum,
2294 2923 2331 2957 et
