2618 3640
710 429 757 451 AB
791 429 1036 457 ALEXANDRO
1072 429 1121 451 ιιι
1157 429 1290 458 usqua
1325 430 1375 451 An
1409 430 1550 453 ANNUM
1586 431 1676 454 MCC.
2093 426 2137 459 49

253 503 333 548 ejus
366 502 539 537 videlicet
569 502 628 536 vel
661 509 776 536 status
810 498 880 536 vel‘
903 502 1059 536 eversio.
1100 503 1274 537 Continet
1307 509 1427 536 autem
1462 504 1612 538 mixtum
1648 505 1856 550 dupliciter,
1891 507 1950 540 vel
1989 509 2137 542 materie

253 569 406 612 scilicet,
432 569 492 604 vel
515 569 659 603 artificii
684 569 870 611 varietate,
900 569 1083 615 siquidem
1109 576 1145 603 et
1169 569 1214 603 de
1241 570 1400 604 diversis
1427 570 1635 616 liquoribus
1661 578 1697 605 et
1721 572 1868 606 diverso
1895 574 2003 607 modo
2025 575 2139 608 confi-

252 636 359 670 citur.
387 636 506 670 Prima
532 648 689 682 namque
718 648 802 682 pars
830 637 910 682 ejus
936 648 1064 682 aquam
1093 636 1202 670 simul
1228 643 1264 670 et
1289 637 1414 670 vinum
1439 638 1606 683 guttatim
1636 638 1726 671 ssuit.
1755 639 1923 673 Secunda
1942 652 2030 674 vero
2055 653 2140 686 pars

253 703 471 749 sanguinem
491 715 561 737 uve
581 703 870 737 meracissimum
896 703 973 749 pari
995 703 1103 737 modo
1129 703 1249 737 fluens
1271 703 1531 738 delicatissime
1553 705 1662 738 simul
1687 706 1808 740 carnis
1829 706 1992 740 edulium
2013 708 2141 742 minis-

254 776 335 804 trat.
371 771 485 804 Porro
515 776 590 804 tres
619 769 762 816 relique
790 776 913 816 partes
942 770 1118 816 <quinque
1149 770 1245 804 enim
1276 771 1413 805 divisas
1447 771 1557 805 habet
1584 771 1642 805 hic
1677 772 1770 806 calix
1804 772 1968 818 cellulas)-
2003 774 2141 820 duplici

254 849 440 880 mensura,
462 838 600 883 majore
625 836 799 871 videlicet
818 843 855 871 et
874 837 1030 879 minore,
1055 849 1121 883 per
1141 843 1256 871 totum
1278 837 1486 881 distribute,
1509 838 1595 872 licet
1614 846 1685 872 tam
1706 851 1750 873 ex
1770 840 2008 874 inferioribus
2034 854 2139 886 quam

255 916 300 938 ex
318 903 574 950 superioribus
597 911 768 938 constent
791 903 997 946 elementis,
1020 904 1237 938 tenuissimo
1258 911 1379 938 tamen
1402 905 1560 951 liquore,
1582 913 1618 939 et
1638 907 1699 952 qui
1721 907 1872 952 spiritus
1893 908 2009 954 magis
2035 920 2141 954 quam

254 983 389 1017 corpus
415 971 594 1013 videatur,
625 971 828 1017 perlucent.
860 971 968 1015 Quod
998 971 1094 1014 dico,
1125 983 1222 1004 nunc
1253 971 1449 1006 obscurius
1479 979 1548 1015 est,
1579 972 1665 1006 licet
1693 980 1777 1019 post
1803 986 1847 1007 ex
1873 974 1991 1020 ipsius
2017 975 2143 1009 calicis

255 1038 388 1072 haustu
428 1038 664 1084 diligentiore
698 1038 833 1072 clarius
872 1038 952 1072 erit.
993 1039 1093 1071 Inter
1133 1037 1334 1072 bibendum
1372 1039 1526 1073 forsitan
1564 1039 1703 1085 aliquid
1741 1041 1941 1086 insipidum
1977 1041 2143 1076 delicatis

255 1105 436 1148 faucibus,
462 1104 600 1150 aliquid
625 1111 794 1139 occurret
819 1117 994 1147 amarum,
1017 1117 1092 1138 non
1117 1105 1265 1150 quidem
1287 1117 1351 1139 sua
1377 1106 1582 1152 specierum
1605 1113 1744 1149 natura,
1767 1107 1833 1141 sed
1854 1108 2003 1142 artificis
2029 1108 2145 1154 impe-

256 1172 351 1206 ritia.
373 1173 426 1206 Ne
447 1183 562 1218 queso
582 1171 736 1206 desistat
755 1171 802 1206 ob
822 1171 903 1214 hec,
921 1171 987 1206 sed
1007 1171 1108 1205 bibat
1128 1178 1164 1205 et
1184 1171 1318 1214 ebibat,
1337 1173 1513 1218 quicquid
1533 1173 1620 1207 illuc
1642 1180 1709 1215 est,
1732 1181 1853 1208 vestra
1874 1174 2050 1221 dignatio,
2069 1188 2144 1209 non

258 1245 298 1273 ut
326 1251 392 1274 sue
424 1239 505 1273 sitis
534 1238 774 1285 indigentiam
804 1238 955 1281 reficiat,
983 1238 1049 1272 sed
1076 1245 1116 1272 ut
1144 1239 1262 1284 ipsius
1290 1239 1414 1273 calicis
1445 1240 1722 1274 amaritudinem
1751 1241 1864 1283 tollat,
1895 1242 2143 1287 insipientiam

257 1305 417 1347 condiat,
439 1305 517 1340 sive
542 1317 608 1351 per
629 1305 708 1339 loca
734 1305 963 1339 dulcioribus
988 1305 1121 1339 infusis
1148 1317 1267 1339 amara
1288 1305 1453 1351 quelibet
1473 1313 1508 1340 et
1527 1307 1686 1352 insipida
1711 1307 1888 1350 tollendo,
1911 1308 1988 1342 sive
2014 1315 2144 1352 totum,

259 1373 291 1407 si
315 1372 369 1407 sic
393 1372 516 1418 potius
542 1372 662 1406 visum
688 1372 812 1414 fuerit,
838 1372 1050 1406 evertendo.
1074 1372 1182 1416 Quod
1205 1373 1236 1406 si
1262 1379 1378 1406 totum
1403 1373 1543 1407 salvum
1565 1374 1643 1407 sore
1664 1374 1781 1419 magis
1807 1374 2010 1421 elegeritis,
2031 1388 2145 1409 unum

258 1439 369 1473 michi
393 1445 491 1473 tante
516 1438 741 1485 dignationis
765 1438 835 1472 hoc
862 1438 932 1472 erit
957 1445 1227 1485 argumentum,
1255 1439 1287 1472 si
1308 1439 1408 1484 quod
1434 1440 1471 1473 in
1492 1452 1536 1473 eo
1556 1447 1677 1474 vestre
1702 1441 1943 1475 correctionis
1964 1442 2147 1477 invenerit

258 1506 546 1541 condimentum.

353 1599 480 1624 Biblioth.
496 1603 550 1624 nat.
566 1600 651 1624 Paris.
667 1608 717 1624 ms.
733 1600 780 1624 lat.
797 1599 875 1624 15154
890 1601 969 1630 (saec.
986 1600 1046 1624 XIII
1061 1599 1182 1630 ineunt.)‚
1198 1600 1243 1624 fol.
1266 1599 1306 1629 1²³,
1323 1608 1335 1624 «
1353 1600 1443 1624 fratris
1460 1599 1597 1624 Godesridi
1612 1601 1732 1625 canonici
1748 1602 1838 1625 Sancti
1853 1602 1966 1626 Victoris
1983 1611 1994 1625 »2
2010 1603 2147 1627 continens

260 1644 391 1678 seriptum
406 1653 418 1669 (x
434 1645 503 1669 Fons
517 1644 687 1677 philosophie
703 1653 725 1669 n.
741 1645 790 1668 Ms.
806 1645 852 1668 lat.
874 1644 952 1668 14769
970 1644 1026 1676 (sol.
1048 1645 1104 1676 256)
1124 1647 1165 1668 est.
1183 1652 1252 1668 saec.
1269 1645 1334 1669 XVI.
1349 1658 1381 1685 .—
1395 1645 1561 1676 opusculum
1576 1645 1676 1677 absque
1697 1646 1745 1669 illa
1759 1646 1873 1678 epistola
1887 1646 1989 1678 publici
2002 1647 2070 1679 juris
2087 1648 2150 1672 fecit.

260 1690 290 1715 A.
306 1689 421 1715 Chat-ma
434 1688 462 1714 in
477 1689 628 1715 Mdmoires
641 1690 675 1715 de
686 1689 715 1714 la
730 1689 839 1714 δὀοἰέιέ
850 1690 896 1715 des
912 1689 1097 1721 Antiqmaires
1111 1690 1144 1714 de
1158 1689 1344 1719 NormamIie,
1358 1689 1437 1718 xxn,
1455 1690 1467 1713 1
1483 1697 1553 1722 sqq„
1570 1693 1596 1714 οι
1610 1690 1756 1722 separatim
1771 1691 1841 1715 Caen
1857 1691 1927 1715 1868.

264 1857 343 1897 50.
366 1866 511 1895 Fundano
529 1867 649 1903 collegii
661 1867 839 1895 scholarium
854 1867 951 1894 decem
966 1871 994 1894 et
1008 1871 1070 1894 octo
1085 1876 1138 1894 seu
1155 1878 1168 1892 α
1186 1867 1237 1894 des
1252 1868 1397 1894 Dix-Huit
1413 1879 1436 1894 n.

1619 1911 1694 1941 1180,
1709 1911 1824 1938 Parisiis.

353 1986 432 2032 Ego
460 1985 732 2028 Barbedaurus,
761 1985 981 2019 Parisiensis
1002 1984 1159 2019 ecclesie
1186 1985 1362 2028 decanus,
1389 1992 1425 2019 et
1444 1986 1656 2019 universum
1684 1986 1849 2031 ejusdem
1877 1986 2033 2020 ecclesie
2054 1987 2153 2033 capi-

264 2051 392 2087 tulum.
414 2053 547 2086 Notum
574 2052 654 2086 fieri
678 2051 849 2087 volumus
874 2051 1059 2095 omnibus,
1086 2058 1156 2086 tam
1182 2051 1419 2098 presentibus
1445 2065 1550 2098 quam
1577 2053 1723 2095 futuris,
1747 2053 1846 2099 quod
1871 2066 1953 2086 cum
1980 2053 2152 2087 dominus

263 2119 388 2154 socius
418 2119 463 2153 de
492 2119 696 2154 Londoniis
730 2131 902 2153 reversus
936 2119 1068 2153 suisset
1102 2118 1368 2161 IherosolimiS,
1401 2119 1567 2165 inspecto
1603 2131 1745 2153 summo
1779 2120 1988 2154 devotionis
2021 2121 2152 2154 affectu

264 2186 460 2230 beneficio,
491 2186 591 2232 quod
618 2186 656 2220 in
684 2185 852 2232 hospicio
883 2187 992 2220 Beate
1022 2186 1136 2220 Marie
1167 2186 1387 2220 Parisicnsis
1417 2185 1641 2232 pauperibus
1672 2193 1707 2220 et
1735 2187 1835 2233 egris
1865 2187 2152 2229 administratur,

267 2252 404 2287 ibidem
424 2264 601 2287 cameram
623 2252 816 2299 quandam,
839 2252 877 2286 in
897 2264 967 2298 qua
988 2264 1169 2299 pauperes
1189 2252 1314 2286 clerici
1335 2264 1379 2286 ex
1399 2253 1546 2299 antiqua
1566 2253 1835 2287 consuetudine
1860 2253 2152 2299 hospitabantur,

268 2319 440 2366 inspexit,
461 2325 498 2353 et
516 2319 613 2353 illam
631 2331 649 2353 a
666 2318 965 2365 procuratoribus
986 2319 1150 2365 ejusdem
1174 2319 1305 2353 domus
1325 2319 1370 2353 ad
1390 2332 1496 2353 usum
1519 2320 1767 2366 predictorum
1789 2319 2006 2354 clericorum
2029 2320 2153 2366 precio

269 2385 533 2432 quinquaginta
553 2386 706 2420 duarum
733 2385 908 2419 librarum
929 2386 975 2419 de
995 2385 1152 2420 consilio
1173 2393 1300 2420 nostro
1322 2393 1358 2420 et
1378 2386 1543 2432 magistri
1566 2386 1745 2428 Hilduini,
1767 2386 1986 2420 parisiensis
2011 2386 2155 2420 cancel-

269 2453 382 2494 larii¹,
409 2452 575 2499 ejusdem
599 2452 671 2487 loci
696 2459 781 2487 tunc
808 2452 1070 2499 procuratoris,
1095 2453 1352 2498 inperpetuum
1379 2453 1588 2498 adquisivit,
1613 2452 1673 2486 tali
1694 2453 1784 2486 sacta
1809 2452 2033 2495 conditione,
2057 2453 2155 2499 quod

269 2519 435 2566 ejusdem
456 2519 586 2554 domus
616 2525 872 2566 procuratores
899 2519 1026 2553 decem
1054 2526 1091 2553 et
1119 2526 1201 2553 octo
1229 2518 1434 2553 scolaribus
1461 2519 1607 2553 clericis
1633 2518 1749 2553 lectos
1776 2519 2001 2554 sufficientes
2022 2526 2058 2553 et
2078 2520 2156 2553 sin-

269 2586 369 2634 gulis
398 2586 588 2621 mensibus
616 2586 809 2621 duodecim
838 2598 1007 2620 nummos
1035 2586 1080 2619 de
1107 2586 1286 2620 confraria
1313 2598 1385 2631 que
1414 2585 1602 2632 colligitur
1627 2586 1664 2619 in
1690 2585 1809 2628 archa,
1838 2593 2016 2632 perpetuo
2043 2586 2158 2620 admi-

270 2653 489 2688 nistrabunt.
511 2653 701 2687 Predictos
720 2665 808 2687 vero
828 2653 984 2687 clericos
1004 2659 1086 2687 ante
1107 2665 1262 2699 corpora
1282 2653 1320 2686 in
1341 2653 1467 2686 eadem
1489 2652 1598 2686 domo
1619 2652 1790 2687 defuncta
1806 2665 1951 2687 crucem
1973 2660 2009 2687 et
2028 2666 2156 2700 aquam

270 2720 499 2755 benedictam
525 2720 728 2754 secundum
755 2720 856 2754 vices
881 2732 966 2754 suas
991 2719 1149 2762 deferre,
1176 2726 1212 2753 et
1238 2719 1398 2766 singulis
1430 2718 1600 2753 noctibus
1632 2726 1774 2765 septem
1802 2719 1963 2766 psalmos
1990 2720 2159 2766 peniten-

271 2786 377 2822 tiales
410 2794 448 2821 et
479 2787 664 2822 orationes
697 2786 840 2821 debitas
873 2793 910 2821 et
943 2799 987 2821 ex
1020 2787 1169 2832 antiquo
1197 2786 1383 2820 institutas
1412 2785 1600 2820 celebrare
1633 2786 1829 2832 oportebit.
1865 2788 1912 2821 Ut
1941 2793 2059 2821 autem
2090 2786 2159 2820 hoc

272 2853 416 2888 firmum
437 2865 478 2888 ac
498 2853 629 2888 stabile
649 2860 825 2896 maneret,
846 2854 1008 2900 prefatus
1027 2853 1153 2888 Jocius
1178 2853 1271 2887 hanc
1297 2860 1430 2887 cartam
1458 2859 1583 2887 nostre
1609 2853 1885 2887 constitutionis
1911 2854 2060 2899 prefatis
2085 2853 2159 2886 cle-

274 2919 361 2955 ricis
386 2919 467 2954 fieri
490 2920 698 2966 impetravit
721 2926 758 2955 et
781 2920 895 2967 sigilli
921 2920 1038 2955 nostri
1063 2926 1246 2954 caractere
1268 2919 1522 2954 subternotato
1543 2919 1775 2954 corroborari
1797 2919 2005 2966 postulavit.
2029 2920 2158 2953 Actum

275 2986 423 3033 publice
457 2987 618 3021 Parisius
653 2987 691 3021 in
724 2987 884 3034 capitulo
918 2994 1059 3031 nostro,
1095 2999 1190 3021 anno
1224 2987 1268 3021 ab
1304 2987 1556 3022 Incarnatione
1591 2987 1737 3020 Domini
1767 2988 1817 3020 Μο
1845 2987 1888 3021 C⁰
1918 2987 2158 3032 octogesimo.

401 3044 500 3071 Chare.
523 3045 602 3071 Um'v.
619 3045 714 3071 Pari's.
732 3045 754 3070 1.
2021 3045 2033 3067 7
