2580 3528
244 418 341 459 1251]
583 429 630 451 AB
663 429 770 451 Auno
803 429 881 452 mcc
915 429 1049 458 USQUE
1084 430 1133 451 An
1169 429 1398 452 rnimrrtm
1433 430 1473 452 iv
1507 431 1595 453 nso.
1634 432 1769 454 rnAxc.
2049 424 2114 456 225

241 508 387 548 gerunt.
410 503 499 535 Item
519 502 751 536 Aurelianis*
771 502 949 548 plurimos
969 502 1123 536 clericos
1144 503 1419 545 interficientes,
1448 505 1770 550 congregationem
1792 505 2022 547 clericorum,
2044 519 2114 551 que

242 568 293 602 ihi
312 569 386 614 jam
407 568 470 602 diu
490 569 690 610 resederat,
716 575 754 603 ut
779 569 968 603 recederet
990 576 1203 615 coegerunt.
1233 570 1392 604 Turonis
1417 571 1512 604 inter
1536 570 1603 604 alia
1625 571 1759 604 scolam
1781 571 1926 605 domum
1948 573 2116 606 Predica-

242 641 360 669 torum
388 635 556 681 aggressi
583 647 690 669 manu
717 636 868 682 potenti,
897 636 989 670 alios
1016 637 1234 678 sauciantes,
1263 637 1355 670 alios
1385 637 1464 670 sine
1494 637 1618 671 habitu
1648 637 1850 672 honestatis
1880 651 2005 672 eorum
2034 646 2115 684 post

242 714 283 736 se
304 708 483 748 tamquam
510 702 672 748 captivos
698 702 896 745 trahentes,
925 703 1074 737 eosdem
1101 715 1165 749 per
1192 704 1372 737 civitatem
1397 704 1616 738 victualibus
1642 711 1678 738 et
1701 704 1795 746 aliis,
1823 717 1893 751 quc
1914 706 1968 738 eis
1989 713 2116 739 contu-

242 768 334 802 lerat
352 769 467 814 pietas
487 768 695 811 christiana,
717 769 916 815 privarunt.
940 770 1010 803 Sed
1032 770 1129 815 quod
1150 770 1275 804 auditu
1301 778 1335 804 et
1361 770 1476 804 relatu
1501 770 1678 804 horribile
1703 778 1772 814 est,
1801 772 1867 805 sed
1892 772 1971 805 visu
2002 773 2117 817 magis

242 834 480 878 horrendum,
515 847 596 869 cum
630 836 829 870 intrassent
862 836 1068 879 ecclesiam,
1102 836 1165 870 ubi
1199 837 1290 870 illud
1325 837 1578 871 intemeratum
1611 845 1647 872 et
1680 839 1962 872 sacratissimum
2000 851 2118 873 sacra-

243 908 403 936 mentum
437 903 604 948 corporis
637 903 774 937 Christi
807 903 1067 938 venerabiliter
1100 904 1216 937 fuerat
1254 904 1482 938 reconditum
1517 917 1629 951 super
1665 905 1789 947 altare,
1828 905 2118 952 vituperabiliter

243 970 490 1015 projecerunt,
523 976 559 1003 et
587 982 714 1004 nasum
749 970 919 1016 imaginis
949 970 1112 1016 gloriose
1139 971 1304 1016 Virginis
1332 971 1607 1014 abscinderunt,
1638 978 1674 1005 et
1702 972 1830 1006 oculos
1860 980 2048 1014 eruerunt,
2084 979 2120 1006 et

243 1036 411 1070 nefandis
433 1036 600 1070 manibus
620 1048 661 1070 ea
682 1049 752 1082 que
777 1037 987 1083 placuerant
1011 1037 1252 1071 abstulerunt.
1280 1039 1457 1071 Demum⁰
1484 1039 1588 1072 etiam
1617 1039 1767 1072 fratrum
1795 1046 2019 1082 nostrorum,
2048 1052 2118 1085 que

244 1103 344 1136 Deus
364 1102 526 1144 dederat,
548 1115 630 1137 cum
651 1115 776 1137 eorum
798 1103 930 1149 injuria
950 1111 1240 1150 asportaverunt.
1266 1106 1413 1138 Parvam
1435 1105 1540 1139 etiam
1562 1105 1708 1139 domum
1734 1106 1883 1140 fratrum
1909 1113 2119 1140 nostrorum

243 1169 277 1203 vi
295 1169 584 1215 confringentes,
606 1176 726 1216 patres
743 1170 888 1216 injuriis
904 1170 1095 1204 lacessitos
1116 1171 1153 1204 in
1174 1171 1366 1205 doloribus
1386 1178 1422 1205 et
1442 1171 1645 1206 terroribus
1666 1173 1886 1206 remiserunt
1892 1200 1957 1206 .....
1979 1175 2118 1207 Verun-

245 1242 365 1270 tamen
397 1237 474 1270 Deo
503 1236 736 1283 disponente,
767 1249 811 1270 ex
840 1249 952 1283 super
981 1237 1178 1272 abundanti
1209 1238 1383 1279 bonitate,
1417 1251 1490 1272 non
1517 1251 1561 1272 ex
1589 1239 1728 1273 meritis
1755 1240 1905 1282 nostris,
1936 1240 1993 1273 hic
2022 1240 2119 1274 filius

245 1302 463 1349 perditionis
494 1303 599 1340 talem
630 1304 782 1338 sortitus
816 1310 872 1338 est
905 1304 1026 1338 finem.
1060 1305 1151 1339 Cum
1182 1305 1412 1351 pervenisset
1445 1306 1596 1347 Bituris,
1631 1307 1727 1352 cepit
1755 1306 1910 1352 amplius
1944 1314 2119 1353 concepta

244 1381 384 1403 venena
411 1369 631 1411 diffundere,
660 1376 695 1403 et
719 1370 817 1416 cepit
842 1370 993 1415 [dicere]
1022 1371 1205 1405 universis
1230 1372 1502 1414 assistentibus,
1529 1385 1602 1405 non
1629 1372 1765 1406 debere
1792 1374 1891 1406 credi
1917 1373 1974 1406 his
2001 1386 2071 1419 que
2101 1386 2119 1407 a

245 1435 390 1470 clericis
411 1435 637 1478 dicebantur,
659 1448 741 1470 cum
763 1436 927 1471 doctrina
948 1449 1075 1471 eorum
1097 1437 1318 1472 exorbitaret
1336 1451 1354 1471 a
1375 1439 1467 1479 vita;
1491 1451 1602 1484 quare
1623 1446 1751 1473 cuncta
1772 1440 1900 1473 frivola
1921 1440 2117 1474 astruebat.

243 1502 301 1536 Ad
330 1502 397 1536 hec
426 1502 536 1537 verba
566 1503 711 1549 quidam
742 1510 778 1537 et
807 1503 1006 1550 singularis
1035 1504 1182 1550 phenix,
1214 1504 1292 1538 zelo
1322 1517 1524 1539 succensus
1553 1505 1747 1548 Altissimi,
1775 1507 1872 1552 cepit
1899 1506 2023 1540 verbis
2052 1507 2120 1543 viri

245 1570 405 1616 potentis
430 1576 465 1603 et
489 1570 665 1615 sapientis
690 1570 878 1612 resistere,
905 1571 1032 1605 dicens
1058 1583 1099 1604 ea
1125 1583 1195 1617 que
1221 1571 1392 1605 dicuntur
1411 1585 1429 1605 a
1450 1572 1595 1606 clericis
1616 1579 1651 1606 et
1671 1573 1870 1618 religiosis,
1899 1574 2063 1618 quamvis
2084 1574 2120 1607 in

244 1636 428 1682 aliquibus
458 1636 623 1670 doctrine
653 1649 726 1670 non
755 1637 975 1683 respondeat
1002 1637 1086 1680 vita,
1118 1637 1336 1671 soliditatem
1369 1645 1404 1672 et
1433 1639 1636 1672 firmitatem
1667 1639 1801 1672 habere
1829 1652 1894 1685 per
1920 1640 2120 1685 scripturas

246 1703 331 1738 novi
351 1710 387 1738 et
409 1703 545 1738 veteris
570 1704 792 1737 Testamenti
815 1716 822 1737 :
845 1704 962 1750 ipsius
987 1711 1106 1738 autem
1131 1703 1242 1739 verba
1267 1705 1407 1738 nullum
1429 1706 1575 1751 penitus
1595 1705 1730 1751 habere
1750 1706 2013 1740 fulcimentum.
2040 1708 2121 1751 Quo

245 1770 368 1804 audito
393 1769 491 1804 filius
518 1770 736 1816 perditionis
761 1770 919 1817 superba
946 1778 1065 1805 mente
1091 1783 1131 1806 se
1157 1783 1230 1806 non
1255 1772 1381 1806 valens
1406 1773 1608 1815 continere,
1638 1773 1675 1806 in
1700 1773 1838 1807 Christi
1862 1774 1980 1807 virum
2002 1768 2119 1816 irruit,

246 1843 282 1871 et
301 1848 383 1870 eum
404 1836 527 1883 gladio
548 1837 732 1883 percussit
750 1837 958 1883 pariterque
978 1838 1143 1884 peremit.
1170 1839 1251 1883 Quo
1271 1839 1351 1873 viso
1372 1839 1542 1873 concives
1568 1840 1700 1873 mortui
1725 1840 1769 1874 ad
1796 1852 1892 1874 arma
1917 1848 2119 1882 currentes,

245 1915 326 1938 cum
355 1915 429 1937 non
457 1903 599 1938 modica
631 1910 752 1950 strage
779 1916 943 1947 suorum,
973 1904 1087 1938 filium
1116 1905 1333 1951 perditionis
1361 1906 1618 1940 defendentem
1646 1919 1685 1940 se
1714 1913 1749 1940 et
1776 1907 2055 1949 Machomctum,
2084 1914 2121 1941 ut

245 1970 392 2012 dicitur,
419 1970 662 2013 invocantem,
690 1983 771 2004 cum
801 1971 985 2017 aliquibus
1015 1972 1256 2018 complicibus
1287 1973 1364 2006 suis
1392 1981 1638 2019 peremerunt,
1668 1974 1787 2019 ipsum
1817 1974 2054 2008 concidentes
2085 1975 2121 2007 in

245 2037 373 2080 frusta,
393 2037 485 2071 alios
505 2037 543 2071 in
562 2038 686 2084 sugam
706 2037 967 2084 propellentes.
991 2039 1132 2072 Dicitur
1152 2046 1272 2073 autem
1292 2039 1362 2073 hoc
1383 2052 1508 2073 eorum
1529 2040 1643 2074 fuisse
1664 2047 1923 2083 commentum,
1946 2048 1985 2074 ut
2005 2042 2121 2087 primo

246 2103 640 2150 clerum—extirparent
673 2117 692 2138 a
726 2111 834 2147 terra,
869 2105 1032 2139 secundo
1068 2105 1265 2152 religiosos
1305 2105 1534 2147 abraderent,
1576 2107 1808 2152 postmodum
1844 2108 1880 2141 in
1919 2107 2054 2141 milites
2087 2115 2123 2142 ct

247 2170 392 2204 nobiles
412 2171 607 2213 irruerent,
634 2177 673 2204 ut
696 2171 748 2205 sic
774 2178 869 2205 terra
895 2172 1055 2206 desolata
1082 2173 1180 2206 omni
1207 2173 1369 2218 presidio
1394 2173 1536 2207 facilius
1563 2180 1701 2219 pateret
1725 2173 1913 2208 erroribus
1939 2181 1974 2207 ct
2001 2175 2122 2208 incur-

247 2237 351 2271 sibus
385 2249 621 2283 paganorum.
653 2237 759 2281 Quod
786 2238 986 2272 verisimile
1012 2239 1175 2281 videtum
1212 2239 1405 2285 presertim
1436 2252 1516 2273 cum
1551 2240 1704 2285 quedam
1740 2240 1933 2274 multitudo
1968 2241 2119 2274 militum

248 2304 470 2350 ignotorum,
499 2303 562 2349 qui
588 2303 681 2337 albis
709 2304 825 2338 induti
853 2311 951 2346 sunt,
980 2305 1017 2338 in
1045 2304 1207 2351 partibus
1235 2305 1448 2339 Alemannie
1475 2307 1614 2352 ccpcrit
1642 2306 1874 2339 manifestari.
1906 2308 1977 2340 llec
2004 2319 2120 2352 usque

247 2370 357 2404 hodie
378 2377 417 2404 ut
435 2383 454 2404 a
475 2370 547 2404 fide
568 2370 691 2417 dignis
711 2370 871 2404 auditum
899 2378 967 2414 est,
994 2372 1040 2405 ita
1066 2371 1276 2405 sc'habent.
1305 2373 1433 2405 Datum
1459 2373 1633 2414 Paris-ius,
1659 2385 1754 2406 anno
1781 2373 1924 2406 Domini
1948 2375 1981 2406 M
1992 2374 2050 2407 CC
2062 2375 2118 2407 LI.

339 2477 469 2503 Annales
492 2479 525 2502 de
546 2478 667 2506 Burwn,
689 2477 730 2501 ed.
749 2477 845 2505 Luat-d,
866 2486 892 2509 p.
914 2478 967 2502 2⁰0.
984 2491 1013 2496 —
1033 2478 1115 2502 Adam
1137 2478 1169 2502 do
1188 2478 1300 2502 Man-iseo
1324 2478 1403 2510 hujus
1422 2478 1550 2510 epistolae
1573 2479 1729 2503 mentionem
1756 2480 1818 2503 rncit
1839 2480 1864 2503 in
1887 2479 1942 2503 auis
1968 2480 2062 2504 littoris
2087 2481 2120 2504 ad

246 2521 390 2547 Robertum
405 2522 560 2554 episcopum
580 2521 696 2546 Lincoln.
713 2521 820 2546 directis
841 2521 908 2546 inter
927 2522 1003 2547 Mon.
1024 2522 1177 2551 francisc„
1193 2523 1233 2546 ed.
1251 2522 1366 2551 Brewer,
1387 2531 1412 2554 p.
1431 2523 1484 2547 109.
1502 2523 1645 2547 Historiam
1665 2524 1770 2556 copiose
1790 2527 1896 2548 enarrat
1912 2525 2002 2548 Matth.
2026 2525 2120 2553 Paris..

248 2567 352 2592 Chron.
365 2567 445 2598 maj„
460 2567 500 2590 ed.
521 2567 617 2595 Luard,
634 2567 662 2595 V,
677 2568 723 2591 24⁰
740 2575 797 2599 sqq.
812 2566 850 2590 Cf.
868 2566 977 2598 insuper
996 2566 1059 2591 Vita
1075 2566 1235 2592 Innocentis·
1251 2566 1295 2591 IV
1306 2567 1442 2599 (Bcrnardi
1458 2567 1595 2598 Gnidoniu)
1614 2569 1683 2600 apud
1701 2569 1836 2597 Murutori,
1853 2569 1902 2593 SS.
1918 2575 1973 2593 rer.
1988 2569 2059 2598 ital.,
2074 2569 2120 2598 lll,

245 2611 269 2640 1,
284 2619 310 2644 p.
325 2611 379 2635 ⁶91.

340 2704 362 2728 1.
382 2704 412 2728 16
427 2703 534 2736 Aprilis.
550 2718 581 2723 —
593 2706 616 2729 2.
635 2704 727 2729 Mutth.
743 2705 827 2730 Paris.
844 2714 903 2729 eum
916 2705 1035 2729 nominat
1050 2705 1209 2737 hungarum,
1223 2708 1372 2737 apostatam
1385 2705 1523 2729 christiani
1539 2706 1662 2735 nominis,
1679 2706 1722 2738 qui
1738 2706 1857 2738 linguam
1872 2707 2005 2739 gallicam,
2020 2716 2121 2739 gornia-

246 2747 332 2772 nicam
347 2751 373 2772 et.
387 2748 498 2772 latinam
512 2748 629 2773 neverat.
640 2763 671 2767 —
681 2751 703 2773 3.
724 2750 810 2774 Luard
826 2760 835 2772 ι
853 2753 999 2782 sequuntur
1013 2758 1033 2774 υ.
1050 2763 1081 2768 -
1095 2750 1118 2773 la.
1138 2749 1228 2774 nauh.
1246 2749 1346 2774 Pan-iss.
1365 2759 1377 2773 a
1393 2750 1425 2774 ad
1441 2753 1545 2774 centum
1561 2750 1644 2774 millia
1659 2754 1684 2774 et.
1698 2751 1789 2783 plures
1804 2759 1824 2775 u.
1843 2752 1903 2784 Ipsa
1920 2752 2010 2783 regina
2024 2752 2120 2776 Bluncu

247 2801 260 2817 α
281 2801 392 2825 operans
412 2793 485 2825 ipnou
504 2796 603 2818 terrum
624 2797 743 2818 nanctum
759 2795 901 2827 adepturos
924 2798 950 2819 et
969 2794 1038 2819 filiun
1060 2803 1122 2818 ouon
1143 2794 1332 2823 vindicaturos,
1348 2795 1414 2827 ipsis
1429 2795 1544 2827 gratiam
1564 2795 1733 2827 impendebat
1747 2799 1773 2819 et
1791 2798 1907 2821 favorem
1923 2806 1942 2820 υ.
1959 2810 1990 2815 -
2005 2799 2026 2820 5.
2048 2806 2059 2820 a
2076 2797 2121 2820 Dic

247 2837 274 2861 S.
297 2837 417 2861 Bernaba
437 2837 508 2870 [Jun.
532 2838 572 2871 11]
597 2838 758 2863 Aurelianim
783 2839 965 2871 pervenit-ntes
982 2848 1004 2864 u.
1024 2839 1115 2863 unuh.
1137 2839 1207 2868 Pur„
1226 2839 1351 2871 additque
1367 2847 1372 2863 z
1391 2848 1402 2862 (ι
1419 2848 1516 2863 novum
1536 2839 1634 2872 quipp(⁴
1649 2843 1675 2863 ot
1694 2840 1838 2864 absurdum
1860 2841 1916 2869 fuit,
1935 2844 1962 2864 nt
1982 2841 2073 2865 laicus.
2091 2860 2095 2864 .
2114 2860 2119 2865 .

246 2881 272 2905 in
288 2881 395 2914 publico
413 2885 440 2906 et.
456 2882 483 2906 in
500 2882 547 2907 tali
561 2882 676 2912 civitate,
700 2883 745 2907 ubi
771 2883 856 2915 viguit
871 2884 1013 2908 scolarium
1035 2883 1203 2911 univer-nitas,
1227 2883 1376 2916 predicaret
1391 2892 1412 2907 υ.
1431 2893 1442 2907 α
1462 2884 1554 2908 Libros
1569 2884 1722 2908 carissimos
1740 2889 1884 2917 rapuerunt
1900 2894 1920 2909 υ.
1944 2885 1978 2909 De
1999 2885 2120 2909 inter-frc-

246 2925 316 2950 tiono
337 2926 500 2951 scholarium
519 2927 650 2952 Aurelian.
671 2928 789 2960 loquitur
808 2928 887 2953 etiam
904 2929 1070 2953 innocentiu-
1086 2928 1119 2953 lV
1138 2937 1180 2952 nn.
1203 2928 1272 2957 1252,
1290 2928 1409 2952 Decemb.
1428 2929 1465 2957 ¹7,
1487 2929 1512 2952 in
1530 2929 1591 2961 Rog.
1610 2929 1666 2953 vat.
1683 2938 1724 2953 nn.
1742 2930 1779 2958 10,
1796 2939 1836 2961 «Ἰ».
1854 2931 1909 2955 305.
1924 2944 1954 2947 -
1968 2932 1991 2954 6.
2012 2930 2096 2954 Lunrd
2113 2938 2118 2953 ·.

247 2978 260 2993 α
276 2969 391 2994 domum.
410 2989 415 2995 .
429 2989 435 2995 .
452 2979 531 3003 qnam
547 2971 615 2996 Dru·
632 2981 654 2997 n.

373 3016 468 3041 Chare.
489 3016 567 3042 vnto.
586 3017 679 3042 Parin.
697 3016 717 3041 1.
1965 3018 1997 3042 29
