2580 3528
226 391 324 433 1263]
571 402 619 424 AB
651 402 758 425 auno
792 403 871 426 uec
905 403 1037 432 usqua
1072 405 1120 426 An
1156 405 1386 427 PnlLtPPUM
1421 406 1461 427 iv
1495 406 1584 428 asc..
1621 407 1758 429 ruitae.
2037 399 2104 431 429

222 475 331 517 tueri,
347 482 409 509 aut
427 475 459 509 si
479 474 535 509 eis
553 474 598 509 ab
618 476 744 509 eadem
761 476 849 510 sede
868 476 1048 511 indultum
1070 478 1199 512 existat
1215 479 1312 524 quod
1334 479 1503 512 interdici
1521 486 1579 512 aut
1599 481 1902 513 excommunicari
1922 489 2101 526 nequeant

221 541 281 576 vel
311 541 490 588 suspendi
523 553 590 590 seu
623 541 853 588 quibuslibet
885 543 1127 590 indulgentiis
1157 545 1257 578 sedis
1287 545 1467 590 ejusdem,
1499 546 1544 578 de
1575 545 1708 590 quibus
1738 546 1775 579 in
1806 547 1941 580 nostris
1970 547 2102 581 litteris

222 607 366 654 plenam
387 615 425 642 et
442 610 651 654 expressam
671 616 707 643 et
726 609 773 642 de
791 609 904 643 verbo
925 610 969 644 ad
989 611 1141 644 verbum
1163 618 1329 657 oporteat
1349 611 1427 645 fieri
1448 612 1682 654 mentionem,
1702 619 1736 645 et
1757 625 1822 658 per
1842 625 1931 658 quas
1952 614 2103 647 effectus

222 674 448 720 presentium
477 675 648 721 impediri
675 675 793 710 valeat
824 676 884 710 vel
917 677 1069 711 differri.
1106 679 1184 711 Dat.
1220 678 1316 724 apud
1351 678 1487 712 Urbem
1521 680 1689 712 Veterem
1725 680 1757 724 vj
1794 679 1863 712 kal.
1900 679 2101 721 Februarii,

221 741 455 787 pontificatus
475 742 592 776 nostri
612 754 707 775 anno
733 743 910 776 secundo.

316 838 453 871 Originale
471 839 499 863 in
518 840 596 864 Arch.
611 843 666 864 nat.
682 841 768 865 Puris.
784 841 812 865 1..
829 842 884 870 25¹¹,
899 845 930 865 1ιο
939 842 978 866 62.
994 842 1072 866 Bulla
1086 842 1212 874 plumbea
1227 842 1280 866 filis
1295 843 1407 867 cannah.
1424 843 1593 875 appenditur.
1611 844 1639 867 ln
1655 843 1775 875 margine
1790 852 1796 867 ε
1814 853 1826 867 (ι
1843 845 1970 877 mag-ister
1983 845 2102 869 Lauren-

221 882 275 907 tius
289 891 339 916 pro
354 883 476 908 Univen.
493 884 577 908 Paris.
595 893 618 909 »-
632 898 664 903 -
678 886 754 918 Apud
773 886 912 915 Jourduin,
933 890 963 910 n⁰
977 887 1032 916 197,
1052 890 1155 911 tantum
1170 890 1305 919 regestum
1316 896 1347 911 ex
1361 888 1530 913 Inventario
1549 887 1676 913 Univers.
1691 887 1717 912 in
1732 889 1809 912 Arch.
1827 889 1958 918 Univers..
1974 894 2003 913 η’)
2017 891 2056 918 98,
2073 891 2103 914 Α.

221 927 261 951 16.
276 935 323 957 m.,
339 931 368 952 ut
382 931 490 952 notatur
503 928 643 961 originale.

220 1053 335 1092 386.
363 1063 494 1091 Urbanus
507 1065 552 1091 IV
560 1064 723 1100 Beginaldo
739 1066 873 1102 episcopo
885 1066 1049 1093 Parisiensi
1063 1067 1185 1093 mandat
1201 1071 1231 1093 nt
1243 1068 1583 1094 praemonstratensibus
1599 1069 1627 1094 in
1642 1068 1802 1104 theologica
1816 1069 1960 1104 facultate
1975 1070 2101 1096 Parisiis

309 1112 493 1140 studentibus
505 1122 592 1150 super·
610 1113 706 1141 altare
718 1114 861 1151 portatile
876 1115 1043 1142 celebrandi
1057 1115 1154 1142 divina
1164 1116 1303 1142 concedat
1316 1116 1497 1151 facultatem.

1225 1206 1302 1236 1263,
1317 1206 1437 1232 danum-ii
1447 1207 1487 1236 31,
1503 1207 1572 1239 apud
1585 1206 1673 1233 (le-bom
1689 1208 1813 1234 retorem.

309 1275 481 1310 Urbanus
510 1277 707 1323 episcopus
734 1289 864 1312 servus
890 1290 1079 1312 servorum
1103 1279 1169 1312 Dei
1189 1280 1390 1314 venerabili
1410 1281 1510 1314 fratri
1531 1282 1705 1327 episcopo
1726 1282 1923 1316 Parisiensi
1945 1283 2096 1317 salutem

219 1349 256 1376 et
274 1342 510 1388 apostolicam
536 1343 845 1378 benedictionem.
868 1346 944 1379 Hoc
969 1345 1015 1379 de
1046 1352 1105 1379 tue
1131 1346 1352 1380 sinceritatis
1377 1347 1573 1381 devotione
1598 1354 1779 1391 tenemuS,
1801 1349 1898 1394 quod
1919 1349 1979 1383 illa
2001 1363 2101 1384 man-

219 1408 301 1443 data
325 1416 492 1456 prompta
515 1410 686 1444 facilitate
710 1410 755 1444 ad
781 1411 949 1445 effectum
976 1411 1188 1454 demandes,
1210 1425 1280 1458 que
1301 1414 1377 1458 juri
1398 1425 1472 1447 non
1497 1413 1646 1447 obviant
1665 1421 1700 1448 et
1721 1415 1918 1449 animarum
1945 1417 2096 1451 salutem

218 1487 260 1509 ac
293 1475 499 1522 regularem
538 1477 743 1523 respiciunt
778 1477 1019 1511 honestatem.
1055 1479 1147 1512 Cum
1186 1479 1300 1525 igitur
1338 1479 1461 1513 dilecti
1500 1480 1565 1513 filii
1603 1480 1714 1514 abbas
1749 1483 2111 1518 premonstratensis.

218 1541 371 1576 Ordinis
395 1543 549 1589 ejusque
575 1543 771 1578 coabbates
791 1551 827 1578 et
846 1552 1050 1579 conventus
1074 1546 1426 1580 Premonstratensis
1451 1547 1602 1580 Ordinis
1629 1548 1808 1593 quendam
1837 1549 2032 1595 prioratum
2063 1551 2098 1583 in

219 1607 418 1643 parisiensi
437 1609 581 1644 civitate
601 1609 769 1653 habeant,
791 1611 829 1645 in
850 1623 922 1657 quo
947 1611 1065 1658 ipsius
1086 1612 1237 1646 Ordinis
1258 1619 1446 1647 morantur
1469 1614 1599 1647 fratres
1625 1614 1816 1648 studentes
1837 1616 1874 1648 in
1895 1615 2099 1662 theologica

216 1675 404 1710 facultate¹
429 1677 543 1723 :quia
572 1677 736 1723 ipsorum
761 1678 911 1712 fratrum
941 1677 1122 1713 honestati
1152 1679 1325 1726 expedire
1355 1692 1429 1713 non
1458 1680 1621 1714 creditur
1650 1692 1716 1715 nec
1751 1681 1872 1724 saluti,
1903 1684 2001 1728 quod
2036 1696 2102 1730 per

218 1742 394 1777 ecclesias
423 1755 488 1789 pro
518 1743 654 1778 divinis
685 1744 815 1778 officiis
842 1745 1036 1779 audiendis
1061 1745 1281 1788 discurrant,
1307 1758 1376 1780 nos
1403 1747 1567 1793 ipsorum
1598 1747 1766 1781 abbatum
1793 1755 1826 1782 et
1853 1757 2098 1784 conventuum

218 1806 391 1853 precibus
429 1807 593 1842 inclinati
629 1809 844 1843 fraternitati
882 1816 943 1843 tue
981 1822 1047 1856 per
1083 1810 1283 1856 apostolica
1322 1811 1455 1857 scripta
1498 1812 1711 1846 mandamus
1750 1814 1920 1859 quatinus
1959 1815 2097 1849 eisdem

216 1873 391 1908 fratribus
417 1873 628 1908 celebrandi
662 1875 784 1909 divina
813 1876 851 1909 in
881 1876 1010 1910 eodem
1045 1877 1207 1922 prioratu
1242 1889 1354 1924 super
1383 1877 1494 1912 altare
1528 1879 1696 1924 portatile
1730 1881 1942 1915 auctoritate
1977 1889 2099 1916 nostra

217 1940 400 1975 concedas
428 1940 624 1984 licentiam,
660 1942 692 1976 si
724 1942 898 1989 expedire
926 1943 1078 1986 videris,
1110 1943 1190 1978 sine
1215 1944 1312 1989 juris
1341 1945 1546 1990 prejudicio
1576 1945 1698 1979 alieni.
1728 1947 1806 1980 Dat.
1837 1948 1933 1993 apud
1964 1948 2098 1982 Urbem

217 2007 389 2043 Veterem
410 2008 434 2054 ij
455 2007 525 2042 kal.
548 2008 751 2051 Februarii,
771 2009 1005 2055 pontificatus
1025 2011 1143 2044 nostri
1163 2023 1259 2044 anno
1280 2011 1456 2045 secundo.

313 2104 348 2129 ιο
361 2105 452 2137 raige.
466 2105 540 2131 Bam.
553 2106 780 2132 Praemmmrae.
799 2107 875 2137 ora..
890 2116 918 2140 p.
934 2109 990 2133 585.
1004 2121 1036 2127 -
1050 2108 1178 2138 Felibien,
1193 2094 1268 2134 msc.
1282 2111 1316 2134 ae
1334 2109 1363 2134 ια
1378 2109 1445 2135 ome
1456 2111 1492 2135 de
1503 2110 1599 2139 Paris,
1616 2111 1662 2140 ιιι,
1678 2111 1732 2135 210.

314 2188 336 2213 1.
354 2188 420 2213 Vide
434 2197 516 2222 supra
530 2194 561 2214 1¹⁰
575 2190 630 2215 2111.

217 2300 329 2340 387.
360 2312 403 2339 De
417 2311 591 2348 quibusdam
605 2312 713 2340 scholis
726 2314 755 2340 in
772 2313 877 2341 Clauso
890 2314 1029 2350 Brunelli,
1046 2324 1122 2352 quae
1137 2316 1276 2351 magistro
1290 2316 1412 2343 Roberto
1425 2316 1461 2343 de
1477 2316 1606 2344 Serbona
1622 2318 1754 2345 venditae
1767 2321 1893 2353 suerunt.

1346 2412 1424 2442 1263,
1439 2419 1528 2439 menae
1542 2413 1641 2444 Martio,
1656 2412 1676 2448 [
1676 2414 1783 2441 Pari-iic
1782 2414 1809 2450 J.

308 2481 501 2516 Uuiversis
525 2489 717 2528 presentes
741 2482 881 2518 litteras
906 2483 1128 2530 inspecturis
1149 2484 1314 2519 officialis
1335 2486 1436 2519 curie
1456 2487 1674 2521 parisiensis
1695 2488 1847 2523 salutem
1869 2490 1905 2524 in
1927 2492 2093 2526 Domino.

218 2548 351 2583 Notum
370 2548 523 2583 facimus
539 2549 638 2595 quod
657 2561 778 2583 coram
800 2549 908 2584 nobis
928 2550 1150 2585 constitutus
1171 2551 1398 2586 Guillermus
1419 2552 1463 2586 de
1485 2554 1707 2600 Bretegnen,
1729 2556 1909 2601 quondam
1930 2559 2097 2593 serviens

215 2614 438 2650 venerabilis
476 2615 544 2650 viri
586 2615 794 2650 cancellarii
828 2617 957 2659 Paris.,
993 2617 1152 2651 asseruit
1189 2618 1288 2663 quod
1322 2619 1401 2665 ipse
1434 2619 1603 2663 habebat,
1638 2620 1784 2656 tenebat
1816 2629 1852 2657 et
1885 2625 2096 2670 possidebat

216 2681 395 2728 quandam
422 2681 568 2716 domum
595 2683 673 2717 sive
698 2683 871 2729 quasdam
898 2683 1018 2718 scolas
1045 2684 1134 2718 sitas
1160 2685 1322 2720 Parisius
1347 2685 1384 2719 in
1407 2685 1532 2721 clauso
1559 2687 1723 2722 Brunelli
1748 2690 1940 2736 contiguas
1961 2704 2004 2726 ex
2025 2705 2094 2727 una

216 2754 318 2794 parte
346 2748 460 2783 scolis
486 2749 652 2796 magistri
676 2749 852 2797 Nicholay
876 2750 921 2784 de
947 2750 1123 2794 Parisius,
1145 2758 1181 2785 et
1205 2751 1330 2786 domui
1359 2753 1509 2787 fratrum
1540 2754 1660 2788 Sancti
1686 2755 1881 2791 Mathurini
1911 2759 2023 2793 Paris.
2051 2772 2094 2794 cx

215 2813 342 2857 altera,
371 2821 411 2849 ut
439 2815 595 2859 dicebat,
625 2812 662 2850 in
691 2817 838 2851 censiva
867 2817 1006 2851 domini
1036 2817 1255 2852 Parisiensis
1289 2819 1454 2866 episcopi
1482 2820 1526 2854 ad
1556 2827 1630 2855 tres
1659 2821 1800 2856 solidos
1834 2830 1869 2857 et
1902 2825 2090 2860 dimidium

215 2882 480 2925 tantummodo,
508 2889 547 2916 ut
571 2880 717 2926 dicitur,
744 2883 937 2918 censuales
962 2883 1162 2919 solvendos
1189 2884 1227 2919 in
1247 2885 1340 2919 sesto
1362 2885 1456 2920 beati
1479 2887 1647 2933 Remigii,
1670 2895 1709 2922 ut
1728 2889 1873 2932 dicitur,
1894 2893 2091 2935 annuatim,

217 2957 323 2993 quam
345 2945 492 2983 domum
513 2961 579 2984 seu
600 2949 720 2984 scolas
740 2949 839 2993 emit,
861 2957 901 2985 ut
920 2950 1076 2994 dicebat,
1098 2950 1142 2985 ab
1163 2951 1317 2986 odelina
1338 2953 1520 2998 quondam
1542 2953 1614 2988 filia
1635 2954 1795 2989 defuncti
1818 2956 1985 2991 Richardi
2006 2960 2092 2992 Nor—
