2580 3528
495 398 560 431 586
1075 403 1394 427 anR'rnLAnmn
1429 401 1618 424 umvsns.
1655 400 1785 422 ranis.
1942 404 1946 408 -
2265 389 2365 431 [1280

495 484 546 511 (nn.
564 481 641 513 1704).
658 480 734 504 Arch.
750 479 827 504 Univ.
844 480 906 511 Reg.
924 480 962 507 96,
980 479 1024 504 fol.
1041 478 1096 502 43¹³.
1112 492 1143 496 —
1157 477 1283 506 Felibien,
1299 476 1371 502 Hist.
1387 478 1420 500 de
1434 476 1463 500 Ia
1478 475 1543 500 ville
1558 476 1591 499 de
1606 475 1702 502 Paris,
1719 474 1764 502 111,
1781 474 1836 498 287.
1851 486 1882 492 -—
1896 473 2054 498 Guillelmus
2069 473 2101 497 de
2117 473 2203 498 Suana
2214 481 2267 497 non
2281 473 2365 498 multo

493 529 554 558 post
575 525 648 549 obiit.
665 525 719 549 Hoc
735 523 821 548 evenit
835 525 864 547 25
883 523 1054 555 Septembris,
1072 523 1113 546 vel
1128 531 1170 546 an.
1193 522 1262 549 1280,
1279 522 1319 545 vel
1335 521 1404 548 1281,
1423 520 1464 543 vcl
1486 520 1554 542 1282.
1575 519 1640 542 Vide
1655 518 1691 542 De
1713 517 1900 550 Beaurepaire,
1916 517 2087 544 Becherches
2104 524 2158 543 sur
2176 517 2366 543 [instruction

491 570 630 601 publique
639 570 713 594 dans
725 569 749 593 le
763 569 868 593 diocese
880 569 912 592 de
925 567 1033 595 Rauen,
1048 568 1067 596 l,
1082 567 1127 590 184
1143 575 1181 598 sq.
1196 567 1224 589 In
1240 566 1315 589 Arch.
1333 568 1386 588 nat.
1401 564 1485 589 Paris.
1502 564 1555 586 alia
1569 563 1649 586 etiam
1664 563 1821 586 documenta
1835 565 1963 594 quantum
1978 563 2012 586 ad
2026 562 2083 594 ejus
2095 562 2238 594 collegium
2252 565 2363 586 exstant.

495 615 541 638 Hic
556 615 602 638 fiat
617 613 713 637 mentio
727 616 829 637 tantum
844 613 950 636 chartae
965 620 1006 635 an.
1024 612 1092 639 1284,
1110 611 1207 634 mensis
1225 609 1355 637 Octobris,
1372 609 1398 633 in
1414 616 1465 640 qua
1481 608 1543 639 Alyz
1558 608 1593 631 du
1612 607 1679 630 Bosc
1695 607 1807 630 Bernart
1823 615 1835 630 ι(
1850 615 1879 630 aa
1894 607 2019 631 escoliers
2034 615 2084 639 que
2103 610 2200 631 mestre
2215 606 2365 632 Guiuaume

494 660 525 683 de
541 659 625 682 Saane
636 658 707 690 judis
721 657 846 681 tresorier
861 657 892 680 de
906 656 982 680 Roan
1000 656 1071 679 avoit
1085 655 1180 678 establi
1195 663 1210 677 a
1225 654 1299 678 Paris
1317 662 1327 677 »
1344 653 1512 676 donationem
1526 660 1576 683 pro
1592 651 1770 683 quadraginta
1787 651 1848 675 libr.
1864 654 1952 675 turon.
1968 651 2088 675 contulit.
2109 651 2187 675 Arch.
2207 654 2261 675 nat.
2278 651 2363 675 Paris.

495 705 527 727 M.
545 704 597 732 194,
614 707 644 726 n0
658 704 680 726 2.

587 788 609 811 1.
626 788 722 818 Apogr.
740 786 816 809 ambo
832 789 856 809 et
869 786 931 816 Reg.
947 786 997 808 96:
1015 792 1026 806 «
1043 792 1093 806 non
1109 791 1130 806 ».
1146 797 1177 800 -
1192 783 1214 805 2.
1231 783 1327 813 Apogr.
1343 782 1438 805 ambo:
1456 790 1467 804 «
1483 780 1602 804 ecclesiis
1618 789 1640 804 ι).
1657 794 1685 798 -
1701 781 1723 804 3.
1741 780 1839 812 Apogr.
1855 780 1933 804 ambo
1945 788 1996 804 om.
2014 789 2026 804 α
2041 780 2068 804 in
2082 780 2216 812 theologia
2231 788 2253 804 ιο.

494 975 604 1013 500.
628 983 769 1020 Epistola,
788 991 846 1018 qua
861 981 998 1008 Nicolaus
1013 983 1058 1007 III
1074 981 1294 1007 Constitutiones
1309 989 1380 1006 suas
1396 979 1580 1006 Universitati
1593 979 1757 1006 Parisiensi
1772 979 1950 1006 transmittit.

1671 1075 1746 1105 1280,
1762 1076 1851 1102 Martii
1861 1075 2022 1108 23-Au9um'
2031 1076 2076 1102 22.

578 1153 747 1186 Nicolaus
777 1152 972 1197 episcopus
1003 1162 1132 1184 servus
1165 1162 1356 1184 servorum
1386 1150 1452 1183 Dei
1483 1150 1627 1183 dilectis
1657 1149 1743 1183 filiis
1777 1150 2005 1184 universitati
2039 1150 2298 1196 magistrorum
2327 1156 2364 1184 et

491 1220 682 1253 scolarium
713 1218 971 1252 Parisiensium
1003 1217 1155 1251 salutem
1186 1224 1222 1250 et
1250 1217 1484 1262 apostolicam
1513 1205 1820 1250 benedictionem.
1853 1217 1943 1251 Cum
1979 1217 2152 1262 quasdam
2185 1216 2364 1250 constitu-

490 1287 607 1320 tiones
635 1298 745 1331 super
774 1285 884 1318 certis
910 1284 1073 1318 articulis
1101 1284 1312 1317 duxerimus
1340 1283 1640 1329 promulgandas,
1669 1283 1898 1317 universitati
1925 1290 2047 1317 vestre
2074 1295 2140 1329 per
2164 1282 2363 1328 apostolica

490 1354 621 1398 scripta
647 1352 858 1385 mandamus
884 1351 1054 1396 quatinus
1075 1351 1142 1392 eis,
1164 1362 1254 1395 quas
1273 1350 1379 1384 vobis
1401 1350 1469 1384 sub
1489 1350 1589 1383 bulla
1610 1357 1734 1383 nostra
1754 1350 2046 1392 transmittimus,
2069 1350 2121 1384 uti
2145 1349 2267 1383 velitis
2291 1356 2362 1383 tam

489 1421 525 1453 in
554 1419 704 1465 judiciis
739 1431 843 1464 quam
875 1419 912 1451 in
942 1418 1066 1460 scolis,
1098 1418 1197 1463 ipsas
1232 1417 1301 1450 sub
1336 1418 1413 1450 suis
1448 1417 1577 1458 titulis,
1614 1423 1722 1462 prout
1755 1429 1867 1462 super
1901 1417 1955 1450 eis
1990 1417 2217 1462 exprimitur,
2247 1416 2362 1450 inseri

488 1487 674 1520 facientes.

581 1584 649 1607 Bibl.
666 1583 786 1607 Univers.
808 1583 973 1614 Erlangens.,
990 1591 1038 1605 ms.
1064 1583 1119 1610 464,
1135 1581 1181 1605 ubi
1201 1581 1313 1613 epistola
1337 1581 1577 1605 Constitutionibus
1597 1581 1698 1605 Nicolai
1718 1581 1764 1610 111,
1785 1590 1851 1613 quae
1869 1581 1967 1605 ibidem
1992 1581 2107 1614 quinque
2126 1582 2214 1613 capita
2233 1582 2363 1614 complec-

487 1632 578 1652 tuntur
606 1631 631 1652 et
650 1629 683 1651 ad
707 1631 760 1651 tres
783 1636 865 1651 annos
889 1627 1057 1658 pontificatus
1082 1626 1222 1658 pertinent,
1246 1627 1365 1658 praefixa
1387 1629 1428 1650 est
1451 1626 1520 1656 (vide
1545 1626 1661 1654 Schulte,
1684 1626 1737 1650 Die
1762 1626 1927 1651 Deeretalen
1954 1627 2099 1651 xwischen
2127 1627 2182 1651 den
2204 1626 2363 1652 Decretum

490 1673 616 1703 Greyorii
631 1672 675 1697 IX
689 1674 751 1697 und
763 1672 845 1696 Liber
863 1671 908 1700 VI,
924 1681 950 1703 p.
968 1671 1030 1701 718).
1047 1672 1076 1695 In
1091 1671 1159 1695 Bibl.
1176 1671 1255 1703 capit.
1273 1672 1366 1695 Poson.
1383 1679 1432 1694 ms.
1450 1671 1487 1700 13,
1505 1671 1549 1695 fol.
1571 1672 1625 1700 233,
1642 1670 1748 1694 omnino
1763 1671 1870 1694 eaedem
1885 1670 2092 1695 Constitutiones
2113 1671 2224 1703 (absque
2238 1670 2361 1703 epistola)

487 1720 636 1745 occurrunt,
656 1717 712 1740 loco
736 1717 842 1748 quintae
865 1719 967 1739 tantum
990 1716 1122 1739 invenitur
1143 1715 1255 1739 celebris
1271 1715 1429 1739 constitutio
1446 1723 1450 1739 :
1474 1724 1486 1739 «
1507 1715 1577 1739 Exiit
1598 1715 1643 1747 qui
1663 1715 1813 1739 seminat».
1836 1715 1960 1739 Nicolnus
1981 1715 2019 1739 111
2038 1723 2079 1739 an.
2103 1715 2173 1744 1280,
2194 1714 2307 1748 Augusti
2321 1715 2360 1744 22,

488 1762 566 1790 obiit;
582 1761 675 1785 ultima
690 1761 828 1784 decretalis
845 1761 1067 1785 Constitutionum
1081 1764 1121 1784 est
1135 1760 1223 1784 Martii
1239 1761 1268 1784 23
1283 1760 1401 1792 ejusdem
1417 1759 1488 1783 anni.

487 1941 599 1979 501.
622 1951 789 1977 Juramenta
805 1950 1002 1986 incipientium
1021 1950 1050 1976 in
1066 1950 1188 1976 artibus.

1678 2005 1750 2032 circa
1765 2013 1803 2031 am.
1820 2005 1896 2035 1280.
1912 2004 1932 2040 [
1932 2005 2039 2031 Parisiis
2040 2004 2067 2039 J.

578 2080 641 2113 Isti
662 2087 747 2113 sunt
765 2080 907 2113 articuli
927 2092 1019 2125 quos
1041 2086 1210 2113 tenentur
1225 2081 1350 2124 jurare
1371 2079 1581 2112 bachellarii
1601 2079 1639 2112 in
1659 2078 1798 2112 artibus
1823 2079 2016 2124 incepturi,
2039 2079 2184 2124 quando
2209 2078 2361 2112 veniunt

488 2147 532 2179 ad
557 2153 748 2182 rectorem,
771 2146 841 2179 fide
867 2146 1015 2191 prestita
1041 2145 1233 2191 corporali.
1257 2146 1377 2178 Primo
1399 2145 1508 2179 debet
1528 2146 1581 2178 eis
1602 2145 1694 2178 dici¹
1718 2157 1725 2178 :
1752 2146 1828 2179 Vos
1853 2145 1986 2190 legetis
2011 2145 2189 2179 lectiones
2214 2144 2360 2178 ordina-

488 2213 559 2246 rias
586 2213 622 2245 in
650 2225 735 2258 capa
763 2213 929 2254 rotunda,
957 2212 1015 2246 vel
1043 2213 1079 2245 in
1108 2212 1228 2258 pallio.
1257 2212 1497 2257 Disputabitis
1524 2212 1612 2245 hora
1638 2212 1887 2253 determinata,
1917 2219 1951 2245 et
1978 2212 2192 2257 questiones
2218 2219 2359 2246 vestras

488 2279 776 2312 determinabitis
808 2279 979 2312 continue
1005 2291 1070 2324 per
1094 2278 1129 2312 xl
1150 2279 1229 2312 dies
1251 2285 1441 2324 postquam
1467 2279 1691 2324 inceperitis.
1717 2278 1928 2312 procedetis
1954 2290 2019 2324 per
2043 2279 2108 2312 xv'
2134 2278 2213 2312 dies
2233 2277 2358 2312 habitu

489 2346 662 2390 predicto.
694 2348 774 2379 Non
803 2345 984 2379 habebitis
1013 2345 1192 2379 sotulares
1222 2352 1398 2379 rostratos
1428 2357 1494 2378 nec
1524 2345 1711 2390 laqueatus
1741 2357 1808 2378 nec
1838 2345 2070 2386 senestratos,
2101 2357 2168 2378 nec
2197 2345 2359 2379 induetis

489 2413 756 2457 supertunicale
787 2413 940 2446 scissum
970 2413 1007 2445 in
1036 2412 1211 2446 lateribus
1240 2424 1306 2445 nec
1336 2412 1518 2445 habebitis
1548 2412 1688 2445 mitram
1719 2412 1757 2445 in
1786 2412 1902 2457 capite
1930 2412 2102 2457 quamdiu
2129 2412 2261 2457 legetis
2288 2411 2358 2445 sub

489 2491 573 2523 capa
598 2480 763 2520 rotunda,
784 2479 841 2512 vel
863 2479 1106 2524 disputabitis.
1130 2479 1333 2512 Intereritis
1353 2478 1715 2525 congregationibus,
1739 2478 1914 2524 parebitis
1935 2478 2114 2512 mandatis
2139 2478 2294 2512 rectoris
2318 2490 2358 2512 ae

490 2546 733 2589 procuratoris
761 2546 797 2578 iu
824 2546 933 2580 licitis
961 2553 996 2579 et
1022 2546 1200 2579 honestis.
1232 2547 1311 2579 Non
1340 2546 1570 2579 sustinebitis
1595 2545 1747 2579 choreas
1776 2545 1859 2579 duci
1886 2552 1985 2579 extra
2012 2545 2159 2578 domum
2185 2551 2357 2587 vestram,

490 2623 556 2644 nec
581 2611 843 2645 inhonestatem
871 2613 948 2645 fieri
973 2613 1009 2645 in
1036 2613 1214 2658 principio
1240 2619 1362 2647 vestro
1384 2612 1452 2646 sub
1474 2625 1565 2658 pena
1586 2612 1858 2658 degradationis
1879 2612 2092 2658 magisterii.
2115 2613 2195 2645 Non
2220 2611 2359 2645 revela-

490 2677 575 2710 bitis
601 2685 739 2710 secreta
760 2679 1026 2712 Universitatis.
1055 2680 1257 2713 Inter-eritis
1283 2679 1470 2724 sepulture
1497 2679 1690 2713 scolarium
1716 2678 1847 2712 diebus
1873 2679 2014 2712 festivis
2040 2678 2185 2724 quando
2211 2678 2356 2720 scietis3

488 2743 568 2777 aliis
604 2744 733 2777 diebus
767 2745 910 2789 quando
944 2753 1092 2779 vocatus
1130 2746 1272 2779 fueritis
1307 2747 1343 2779 in
1378 2746 1502 2780 habitu
1541 2746 1704 2791 predicto
1744 2745 1876 2791 legetis
1915 2745 2127 2791 psalterium
2165 2745 2203 2777 in
2242 2751 2358 2778 morte

491 2810 653 2855 magistri
687 2817 766 2843 actu
802 2812 962 2856 regentis
996 2812 1053 2845 vel
1087 2812 1160 2857 legi
1194 2813 1345 2846 facietis.
1380 2812 1632 2847 Ohservabitis
1662 2819 1698 2846 et
1726 2812 1943 2845 deffendetis
1977 2811 2180 2845 libertatem
2215 2811 2357 2844 solitam

490 2877 764 2910 examinationis
785 2878 892 2910 Beate
914 2878 1112 2911 Genovese.
1132 2879 1271 2912 Dabitis
1292 2879 1400 2913 fidem
1422 2879 1520 2925 quod
1541 2879 1610 2912 sub
1631 2879 1806 2924 magistro
1827 2878 1896 2912 sub
1917 2890 1988 2924 quo
2009 2878 2217 2912 licentiatus
2237 2878 2358 2911 fuistis

490 2943 703 2988 incipietis²‘,
720 2943 778 2977 vel
799 2956 863 2988 per
884 2956 1102 2977 consensum
1125 2957 1228 2978 suum
1252 2946 1319 2979 sub
1340 2946 1423 2988 alio,
1442 2947 1489 2979 ita
1510 2946 1608 2991 quod
1628 2957 1847 2979 consensum
1871 2957 1976 2978 suum
1994 2944 2216 2978 sufficienter
2236 2944 2358 2990 requi-

615 3003 653 3025 74.
