2580 3528
489 375 553 407 600
1069 383 1389 405 cflAnTULAmUM
1424 382 1614 405 UN1vEns.
1652 381 1782 403 rmus,
2265 373 2364 415 [1283

579 460 731 491 Domum
754 458 954 504 pitanciarii
977 457 1096 491 Sancti
1114 457 1271 491 Jermani
1295 457 1338 490 de
1360 457 1475 490 Pratis
1494 468 1501 489 ε
1525 467 1567 489 Lx
1588 455 1651 488 lib.
1674 466 1722 487 x11
1745 455 1813 488 sol.
1836 455 1873 488 in
1894 456 2026 490 medio.

578 526 729 558 Domum
772 524 971 570 pitanciarii
1016 524 1135 557 Sancti
1178 524 1335 557 Jermani
1371 523 1415 556 de
1449 523 1578 564 Pratis⁷
1614 522 1651 554 in
1685 521 1809 555 fundis
1843 534 1955 568 super
1988 534 2137 568 parvum
2171 530 2318 569 pontem
2353 535 2362 558 ε

489 602 552 624 viti
574 590 656 624 libr.
681 597 715 624 et
736 591 942 636 quindecim
964 590 1104 623 solidos
1125 590 1318 635 parisiens.

578 659 730 691 Domum
753 657 790 690 in
810 658 890 691 vico
912 669 1006 690 novo
1027 657 1164 689 domini
1184 656 1361 689 Johannis
1384 656 1428 688 de
1449 657 1571 689 Duaco
1596 667 1602 688 :
1626 666 1648 687 x
1667 655 1780 689 libras
1802 655 1996 701 parisiens.

578 726 729 757 Domum
753 724 916 769 magistri
937 723 1120 764 Gandulfi,
1143 723 1180 755 in
1201 723 1343 756 civitate
1367 734 1373 755 :
1401 729 1544 755 centum
1568 722 1676 755 solid.

578 791 731 824 Domum
754 790 899 823 Roberti
923 790 955 822 le
977 789 1139 831 Seeleur⁷
1163 789 1199 821 in
1220 789 1300 823 vico
1322 788 1525 822 Erambour
1546 789 1591 822 de
1612 789 1696 822 Brie
1720 800 1727 822 ε
1750 800 1814 822 vul
1836 788 1949 822 libras
1971 796 2006 822 et
2025 801 2046 822 x
2067 789 2175 823 solid.

577 859 729 890 Domum
753 857 979 901 superiorem
1000 856 1106 889 Alani
1122 856 1283 900 juvenis,
1307 856 1344 888 in
1365 868 1497 901 magno
1518 856 1598 890 vico
1623 868 1629 889 ι
1652 867 1687 890 Vl
1708 855 1821 889 libras
1842 863 1878 890 et
1897 868 1919 889 x
1939 856 2047 889 solid.

577 925 730 956 Domum
753 923 900 968 Rogerii
922 923 965 955 de
987 922 1116 964 Pratis,
1138 922 1175 955 in
1196 934 1327 968 magno
1350 923 1453 964 [vico]
1473 934 1479 955 :
1503 934 1569 968 pro
1590 934 1639 956 vn
1661 922 1766 956 libris
1787 923 1897 968 paris.

575 991 728 1022 Domum
757 989 945 1022 Michaelis
967 989 1168 1034 Flemengi,
1192 989 1333 1022 scilicet
1353 989 1578 1031 inferiorem,
1600 989 1637 1022 in
1658 990 1738 1023 vico
1761 990 1882 1023 Sancti
1901 990 2015 1023 Ylarii
2038 1002 2045 1024 ;
2069 1001 2113 1023 Lx
2132 997 2168 1024 et
2186 1001 2231 1024 xv
2252 990 2361 1024 solid.

575 1057 727 1089 Domum
763 1056 972 1089 inferiorem
1009 1055 1189 1089 Lamberti
1226 1056 1270 1089 de
1305 1057 1431 1098 Barro,
1463 1056 1499 1089 in
1535 1056 1704 1102 opposito
1740 1057 1871 1090 domus
1903 1057 2068 1103 magistri
2101 1057 2277 1096 Johannis
2315 1042 2370 1092 de‘

485 1125 616 1168 Magno
639 1124 764 1164 Ponte,
786 1123 823 1155 in
843 1123 923 1156 vico
945 1123 1073 1156 Sancte
1095 1123 1282 1156 Genovese
1304 1135 1311 1156 ε
1334 1134 1379 1156 xv
1400 1123 1524 1157 libras.

574 1191 726 1222 Domum
744 1189 907 1234 magistri
925 1189 1084 1222 Bertaldi
1102 1189 1146 1223 de
1164 1190 1294 1223 Sancto
1311 1190 1536 1235 Dyonisio¹'‚
1555 1190 1591 1223 in
1607 1191 1688 1224 vico
1705 1190 1861 1224 Plaustri
1880 1203 1887 1224 ε
1906 1202 1955 1224 xn
1971 1191 2085 1225 libras
2105 1198 2141 1225 et
2161 1191 2361 1227 dimidiam.

574 1258 727 1289 Domum
753 1256 969 1289 clericorum
992 1256 1037 1289 de
1058 1257 1212 1290 Domina
1231 1258 1374 1298 Nostra,
1398 1257 1435 1290 in
1460 1257 1540 1291 vico
1562 1258 1607 1291 de
1630 1257 1804 1300 Hucheta‚
1827 1270 1908 1291 cum
1936 1259 2090 1292 cameris
2115 1258 2361 1293 anterioribus

479 1325 579 1368 juxta
600 1330 738 1368 portam
763 1335 769 1355 2
794 1334 857 1355 x111
879 1322 991 1356 libras
1012 1323 1192 1368 parisens.
1216 1331 1250 1357 et
1271 1324 1432 1369 quinque
1454 1324 1607 1358 solidos.

573 1392 725 1423 Domum
753 1389 1063 1431 sorbonistarum,
1085 1391 1129 1423 ad
1154 1390 1306 1436 longum
1332 1391 1534 1433 introitum,
1557 1398 1639 1425 ante
1668 1391 1837 1437 palatium
1860 1392 2117 1426 Terminorum
2141 1404 2148 1426 :
2171 1403 2274 1426 xxnn
2295 1392 2359 1427 lib.

572 1458 725 1490 Domum
755 1456 1051 1490 Sorbonistarum
1082 1457 1118 1490 in
1148 1470 1281 1503 magno
1309 1458 1389 1491 vico
1423 1458 1666 1503 superiorem,
1699 1471 1769 1504 que
1805 1459 1938 1493 dicitur
1967 1460 2011 1492 ad
2038 1460 2318 1494 Mormecetos¹³
2351 1472 2359 1494 ε

484 1531 565 1557 octo
586 1523 669 1556 libr.

572 1591 724 1623 Domum
756 1591 920 1635 magistri
949 1590 1086 1624 Galteri
1117 1591 1161 1624 de
1189 1591 1401 1633 Chandelis,
1432 1592 1469 1625 in
1496 1592 1576 1626 vico
1608 1593 1728 1626 Sancti
1759 1592 1932 1638 Stephani
1962 1593 2007 1626 de
2037 1593 2251 1636 Gressibus,
2278 1605 2359 1627 cum

484 1657 636 1690 stabulis
660 1669 666 1690 :
689 1658 962 1702 quatuordecim
984 1657 1097 1691 libras
1119 1665 1153 1691 et
1174 1658 1335 1703 quinque
1358 1658 1510 1692 solidos.

575 1756 710 1787 Originale
733 1755 758 1779 in
780 1756 856 1779 Arch.
874 1756 996 1780 Univers.
1012 1756 1097 1780 Paris.
1113 1756 1189 1780 theca
1205 1757 1246 1785 lv,
1263 1757 1291 1780 Α,
1310 1758 1348 1781 18.
1362 1765 1383 1786 e,
1401 1757 1514 1781 diversis
1530 1757 1653 1781 manibus
1670 1758 1808 1789 scriptum.
1825 1772 1857 1776 -—
1870 1758 2009 1787 Jourdain,
2026 1762 2055 1781 n⁰
2070 1759 2124 1787 293,
2141 1761 2166 1782 et
2180 1759 2223 1783 La
2237 1762 2301 1783 taxe
2313 1759 2361 1784 deo·

481 1801 632 1832 loqemencs
646 1802 718 1825 dans
734 1801 915 1826 l‘Uniuersite‘
927 1802 960 1825 de
974 1802 1069 1829 Paris,
1091 1801 1117 1824 in
1132 1801 1309 1826 Excursions
1325 1802 1496 1833 historiques
1511 1806 1537 1827 et
1553 1802 1789 1834 philosophiques
1802 1804 1820 1827 ὰ
1841 1807 1951 1828 travers
1965 1804 1990 1827 le
2004 1810 2106 1834 moyen
2121 1804 2180 1834 aye,
2196 1812 2223 1835 p.
2240 1804 2286 1827 256
2301 1811 2359 1836 sqq.

575 1886 597 1908 1.
615 1885 745 1908 Sci-ibitur
761 1894 772 1908 a
788 1885 851 1916 goli,
868 1886 949 1917 gouly
963 1894 984 1908 υ.
1002 1886 1040 1909 Cf.
1058 1889 1086 1908 ιιο
1101 1886 1155 1914 510,
1170 1894 1196 1910 n.
1213 1887 1250 1909 12.
1266 1900 1297 1904 —
1312 1888 1334 1910 ⁶2.
1352 1887 1382 1910 20
1398 1887 1544 1910 Februarii.
1561 1901 1589 1905 —
1606 1889 1628 1911 3.
1647 1887 1694 1911 Hic
1709 1888 1837 1911 articulus
1853 1887 1879 1911 in
1895 1887 1986 1911 charta
2001 1888 2134 1911 interlitus
2149 1891 2198 1912 est.
2213 1902 2244 1906 —
2255 1888 2279 1912 4.
2295 1887 2360 1913 Vide

480 1930 563 1953 Livre
580 1931 611 1953 cle
627 1930 654 1953 ἶιι
670 1930 749 1954 wille
763 1931 795 1953 (le
808 1930 902 1958 Paris,
921 1939 947 1961 p.
965 1930 975 1952 1
994 1938 999 1952 ·.
1016 1930 1096 1954 Biche
1115 1931 1139 1954 le
1153 1931 1295 1954 Lombard.
1312 1944 1339 1949 —
1356 1933 1378 1954 5.
1394 1931 1459 1954 Vide
1479 1940 1570 1963 supra.
1586 1945 1615 1949 —
1630 1933 1653 1956 6.
1668 1932 1731 1956 Vide
1747 1933 1778 1956 de
1798 1932 1855 1956 ist-is
1872 1940 1954 1964 supra
1974 1937 2003 1955 n⁰
2020 1933 2074 1956 510.
2090 1946 2122 1950 —
2137 1933 2160 1956 7.
2178 1932 2226 1956 Hic
2246 1933 2359 1956 duorum

479 1973 650 2004 burgensium
671 1982 733 1997 sane
753 1974 859 1997 nomina
874 1974 1011 2002 habemus,
1028 1975 1135 1998 minime
1150 1975 1232 2006 igitur
1247 1975 1278 1998 de
1295 1977 1375 1998 fratre
1390 1975 1420 1999 Ο.
1437 1976 1530 1999 Praed.
1549 1976 1654 2000 nomine
1674 1977 1795 2003 chidort
1810 1976 1907 2008 agitur.
1918 1978 1982 2000 —8.
2000 1977 2042 2000 Sic
2058 1977 2084 2000 in
2100 1977 2201 2005 charta,
2217 1977 2358 2008 legendnm

479 2026 540 2041 vero
556 2017 667 2045 videtur,
684 2021 789 2041 auctore
805 2019 833 2041 Α.
850 2019 937 2049 Berty,
955 2027 966 2041 ((
982 2027 1029 2042 aus
1046 2019 1109 2042 deus
1125 2023 1229 2050 goteres
1245 2028 1268 2049 n,
1282 2019 1308 2042 id
1323 2023 1363 2043 est
1379 2028 1390 2043 «
1407 2021 1439 2043 ad
1456 2021 1507 2043 duo
1523 2021 1661 2044 stillicidia
1675 2028 1698 2051 »,
1714 2021 1740 2044 in
1756 2021 1814 2045 vico
1830 2021 1978 2045 Sarraceni.
1989 2035 2020 2039 —
2034 2023 2057 2045 9.
2075 2021 2149 2053 orig.
2168 2029 2174 2044 t
2195 2030 2206 2044 ι(
2222 2021 2318 2046 Brevia
2335 2030 2358 2046 n.

480 2075 508 2080 —-
525 2062 561 2084 10.
579 2062 607 2085 In
622 2062 713 2085 charta
730 2071 741 2085 a
761 2062 850 2093 lapido
869 2072 880 2085 n
897 2071 976 2086 manu
990 2063 1086 2094 prima,
1103 2064 1148 2086 sed
1164 2064 1261 2087 litteris
1277 2073 1289 2087 (t
1307 2064 1333 2087 la
1349 2072 1360 2087 u
1378 2064 1515 2095 expunctis
1535 2068 1560 2088 et
1577 2072 1590 2088 e
1610 2073 1684 2096 supr.
1705 2065 1762 2094 lin.,
1781 2074 1841 2088 cum
1856 2066 2016 2097 glossemate
2037 2074 2049 2089 <t
2071 2066 2149 2089 Pedis
2171 2066 2274 2089 anseris
2289 2074 2312 2090 ».
2326 2075 2359 2086 -‘

479 2107 516 2129 11.
534 2106 703 2129 Desideratur
723 2115 816 2130 nomen
832 2115 891 2130 cum
909 2107 994 2138 spatio
1013 2116 1096 2131 vacuo
1115 2108 1215 2131 relicto.
1234 2122 1265 2126 —-
1280 2109 1317 2131 12.
1338 2109 1425 2140 Supra
1442 2113 1471 2131 110
1485 2110 1539 2132 [188.
1558 2123 1590 2127 —
1606 2110 1642 2133 13.
1657 2110 1840 2134 Marmosetos.
1855 2111 1883 2133 ln
1904 2111 2017 2142 quodam
2038 2111 2194 2134 documento
2209 2111 2272 2134 anni
2287 2111 2358 2140 1284,

478 2159 567 2174 mense
582 2151 732 2179 Novembri,
747 2152 816 2182 quod
834 2152 866 2174 ad
882 2151 1107 2175 umortizationem
1122 2155 1207 2175 terrae
1223 2153 1333 2176 feodalis
1352 2153 1383 2176 de
1398 2153 1514 2176 Roseriis
1530 2162 1609 2185 quam
1625 2157 1713 2177 tenent
1733 2154 1867 2178 scholares
1890 2155 1921 2178 de
1942 2155 2062 2178 Sorbona
2081 2155 2191 2187 respicit
2207 2156 2358 2187 (Magnum

481 2195 610 2219 Chartul.
632 2196 713 2225 episc.
735 2195 831 2220 Paris.
852 2195 878 2218 in
894 2196 971 2219 Arch.
988 2199 1041 2219 nat.
1058 2196 1142 2219 Paris.
1158 2197 1206 2220 LL.
1225 2197 1278 2225 183,
1296 2197 1341 2221 fol.
1358 2197 1413 2226 53'2,
1430 2197 1553 2226 Bulaeus,
1570 2198 1616 2227 111,
1632 2199 1686 2229 235)
1703 2199 1854 2222 nominatur
1869 2199 1962 2223 domus
1979 2199 2118 2224 Guiltermi
2137 2200 2161 2223 le
2182 2200 2288 2232 Hongre
2303 2208 2316 2224 (ι
2330 2200 2358 2224 iu

478 2239 536 2263 vico
551 2240 773 2263 Marmosecorum
789 2240 815 2263 in
830 2240 936 2263 civitate
952 2248 973 2264 ».
990 2240 1054 2264 tide
1072 2249 1154 2272 supra
1169 2250 1195 2272 p.
1213 2242 1257 2264 597
1275 2241 1301 2264 in
1318 2242 1368 2265 fine
1385 2250 1390 2265 ·.
1411 2250 1422 2265 «
1441 2242 1594 2266 Marmoses.
1615 2251 1635 2266 ».

480 2413 508 2448 5
518 2411 590 2448 12.
615 2422 757 2447 Martinus
772 2430 852 2457 papa
869 2422 913 2448 IV
923 2422 1070 2456 magistris
1086 2425 1113 2448 et
1128 2422 1310 2448 scholar-ibus
1326 2423 1543 2450 Parisiensibus
1558 2423 1594 2450 de
1610 2425 1744 2461 eaepensis
1766 2425 1974 2452 Universitatis.

1528 2530 1605 2559 1284,
1621 2531 1709 2556 Martii
1722 2531 1742 2560 7.
1759 2531 1829 2563 apud
1841 2530 1928 2557 Urbem
1945 2532 2069 2557 Veterem.

567 2609 743 2641 Martinus
771 2609 965 2654 episcopus
993 2622 1121 2644 servus
1150 2622 1339 2644 servorum
1367 2612 1432 2645 Dei
1462 2611 1606 2646 dilectis
1634 2613 1720 2647 filiis
1754 2614 1940 2660 magistris
1966 2614 2150 2647 universis
2177 2619 2214 2646 et
2238 2612 2355 2646 scola-

480 2674 581 2707 ribus
616 2675 810 2708 l'arisienS.
847 2676 998 2709 salutem
1030 2683 1065 2709 et
1093 2674 1328 2722 apostolicam
1359 2678 1667 2713 benedictionem.
1700 2681 1756 2713 Ad
1789 2676 1919 2714 statum
1950 2680 2199 2714 universitatis
2232 2685 2355 2713 vestre

479 2741 665 2785 pacificum
687 2742 975 2775 conservandum
998 2755 1102 2788 opem
1125 2743 1267 2777 debetis
1289 2751 1323 2778 et
1343 2757 1490 2790 operam
1511 2746 1748 2792 vigilantibus
1770 2747 1902 2780 studiis
1923 2745 2122 2792 impertiri·,
2150 2752 2235 2779 tunc
2257 2746 2352 2779 enim

479 2807 708 2840 laudabiliter
735 2808 914 2841 studendo
941 2809 1117 2854 proficitis
1143 2817 1178 2843 et
1203 2810 1429 2855 proficiendo
1456 2813 1612 2846 studetis
1637 2825 1719 2846 eum
1745 2813 1840 2846 inter
1859 2825 1925 2847 vos
1950 2813 2106 2847 invicem
2127 2813 2352 2847 voluntatum

477 2874 576 2918 viget
601 2874 820 2919 idemptitas⁷
844 2882 971 2920 regnat
995 2888 1062 2920 pax
1087 2876 1242 2918 stabilis,
1265 2878 1423 2922 perfecta
1449 2879 1578 2912 caritas
1604 2886 1826 2924 perseverat.
1850 2881 1941 2914 Sane
1968 2880 2163 2913 didicimus
2190 2879 2288 2925 quod
2316 2879 2354 2912 in

477 2940 646 2984 expensis
673 2941 891 2973 necessariis
917 2953 1005 2986 quas
1031 2954 1096 2986 pro
1122 2943 1378 2977 Universitatis
1400 2952 1520 2978 vestre
1542 2946 1743 2979 commodis
1765 2958 1808 2979 ex
1829 2947 1927 2991 justa
1953 2953 1989 2980 et
2013 2946 2219 2980 rationabili
2245 2958 2352 2979 causa
