2580 3528
450 387 517 421 386
1032 393 1353 416 ann'rELAmL'n
1389 391 1582 414 UNtVEns.
1617 390 1749 412 Psttls.
2235 380 2335 422 [1259

543 472 647 507 Item,
684 470 780 515 quod
816 469 921 502 etiam
957 468 1100 514 priores
1130 467 1261 500 vadant
1289 466 1333 499 ad
1364 464 1483 498 scolas
1515 464 1610 497 sicut
1638 463 1750 496 ceteri
1786 463 1928 506 fratres,
1964 449 2110 509 quando
2144 463 2334 498 commode

453 543 637 584 poterunt.

544 605 647 643 Item,
679 602 777 647 quod
803 602 959 634 lectores
985 607 1152 634 vacantes
1178 599 1307 632 vadant
1333 598 1377 630 ad
1403 597 1534 638 scolas,
1562 603 1598 630 et
1622 597 1795 642 precipue
1819 597 1865 630 ad
1890 597 2185 642 disputationem.

545 672 647 710 Item,
674 669 771 714 quod
796 680 869 700 non
896 667 983 700 fiant
1007 666 1164 699 lectores
1188 665 1246 698 vel
1274 664 1523 709 predicatores
1547 663 1606 697 vel
1632 664 1878 705 consessores,
1903 663 1975 697 nisi
2000 663 2074 697 sint
2098 663 2335 705 sufficientes,

455 737 503 770 ita
533 736 632 782 quod
662 735 806 780 possint
835 734 914 766 sine
944 732 1107 778 periculo
1139 730 1290 764 notabili
1319 730 1532 775 hujusmodi
1562 730 1678 763 officia
1704 742 1886 764 exercere.

545 804 647 843 Item,
673 801 771 846 quod
795 800 936 845 priores
961 806 993 832 et
1015 799 1222 831 visitatores
1243 804 1279 830 et
1299 797 1463 842 magistri
1484 798 1633 830 fratrum
1655 797 1730 830 sint
1749 797 1897 830 solliciti
1918 797 2115 843 diligenter
2134 797 2334 842 inquirere,

454 870 610 915 qualiter
643 869 771 900 fratres
803 873 835 899 et
867 866 1039 911 precipue
1070 866 1228 910 juvenes
1267 864 1361 897 circa
1400 864 1561 897 studium
1599 870 1837 909 occupentur,
1873 870 1909 897 et
1945 864 2102 909 qualiter
2137 864 2174 897 in
2213 863 2335 897 studio

455 936 651 981 proficiunt
676 941 711 966 et
736 933 887 978 puniant
911 932 1157 977 negligentes.

542 1003 646 1042 Item,
673 999 771 1045 quod
796 999 966 1038 lectores,
993 1004 1314 1043 quantumcunque
1341 997 1420 1031 fieri
1445 998 1592 1043 poterit,
1618 997 1834 1031 continuent
1854 997 2033 1031 lectiones
2058 1009 2155 1031 suas.

544 1069 645 1107 Item,
683 1066 781 1111 quod
815 1066 1023 1098 visitatores
1058 1064 1216 1110 singulis
1246 1065 1352 1098 annis
1383 1065 1582 1110 diligenter
1616 1065 1802 1110 inquirant
1835 1064 1880 1098 de
1913 1063 2126 1106 lectoribus,
2163 1071 2335 1109 quantum

453 1135 573 1180 legant
612 1134 648 1166 in
687 1144 795 1173 anno,
834 1138 869 1164 et
907 1138 996 1176 quot
1030 1131 1244 1176 questiones
1280 1132 1548 1177 disputaverint
1580 1143 1620 1164 ac
1655 1132 1761 1165 etiam
1802 1131 2136 1173 determinaverint,
2176 1137 2212 1164 et
2249 1137 2338 1177 quot

453 1207 655 1234 conventus
690 1211 755 1231 sue
789 1198 1008 1231 visitationis
1043 1205 1189 1231 careant
1221 1198 1435 1239 lectoribus,
1468 1205 1504 1231 et
1533 1198 1631 1244 quod
1657 1198 1846 1243 ⁴quidquid
1879 1198 1973 1231 circa
2009 1197 2078 1231 hoc
2115 1197 2334 1240 invenerint,

453 1268 611 1300 reserant
644 1265 811 1310 Capitulo
847 1265 1074 1310 provinciali,
1111 1271 1147 1298 et
1180 1265 1287 1298 etiam
1320 1265 1484 1298 desectus
1515 1264 1754 1298 notabiliores
1788 1265 1850 1310 qui
1883 1265 1978 1298 circa
2011 1263 2080 1298 hoc
2114 1264 2335 1307 invenerint,

454 1334 554 1379 prior
579 1331 813 1378 provincialis
840 1338 875 1364 et
900 1331 1114 1364 definitores
1140 1332 1299 1365 reserant
1324 1332 1556 1377 postmodum
1583 1331 1751 1377 Capitulo
1776 1331 1952 1377 generali.

542 1400 642 1440 Item,
681 1398 778 1443 quod
817 1398 853 1430 in
891 1398 1049 1443 singulis
1084 1398 1285 1443 provinciis
1321 1398 1479 1444 singulis
1514 1398 1619 1432 annis
1654 1398 1691 1431 in
1726 1397 1891 1443 quolibet
1923 1387 2138 1444 provinciali
2167 1396 2336 1443 Capitulo

452 1467 655 1507 ordinetur,
692 1465 846 1510 qualiter
876 1465 1111 1510 provideatur
1140 1465 1375 1498 studentibus
1407 1477 1473 1498 sue
1503 1465 1691 1510 provincie
1722 1465 1845 1498 missis
1875 1465 1919 1498 ad
1954 1476 2183 1511 quecumque
2218 1463 2337 1498 studia

454 1533 652 1580 generalia.

544 1602 647 1642 Item,
685 1600 892 1633 visitatores
927 1598 1125 1644 diligenter
1159 1599 1346 1644 inquirant
1375 1599 1531 1644 qualiter
1561 1598 1796 1633 studentibus
1830 1598 2076 1645 provideatur,
2112 1605 2148 1632 et
2180 1598 2340 1632 reserant

455 1667 619 1701 desectus
640 1666 820 1700 notabiles
851 1665 1018 1711 Capitulo
1049 1666 1278 1711 provinciali,
1311 1678 1376 1711 per
1406 1666 1505 1711 quod
1535 1667 1660 1700 essicax
1690 1666 1890 1699 remedium
1920 1672 2134 1712 apponatur.

545 1735 647 1772 Item,
686 1733 920 1778 provideatur
954 1732 1052 1777 quod
1088 1732 1243 1778 quilibet
1277 1732 1392 1766 lector
1426 1740 1556 1766 tenens
1586 1733 1734 1778 aliquod
1769 1733 1930 1766 studium
1965 1732 2169 1778 solempne,
2209 1731 2339 1766 habeat

456 1801 702 1841 bacellarium,
736 1800 797 1845 qui
827 1800 925 1845 legat
954 1799 1022 1832 sub
1053 1811 1109 1832 eo.

545 1869 647 1908 Item,
689 1867 785 1912 quod
820 1867 950 1899 fratres
985 1873 1132 1911 portent
1165 1866 1209 1899 ad
1246 1866 1365 1899 scolas
1399 1866 1516 1900 libros
1546 1867 1608 1912 qui
1638 1867 1812 1912 leguntur
1841 1867 1878 1900 in
1908 1866 2020 1908 scola,
2056 1866 2087 1899 si
2120 1864 2268 1907 habent,
2303 1870 2340 1898 et

456 1947 530 1968 non
555 1934 658 1967 alios.

546 2001 648 2041 Item,
667 2000 764 2045 quod
786 2000 822 2032 in
844 1999 1009 2045 quolibet
1028 2006 1226 2042 conventu,
1243 1999 1306 2033 ubi
1328 2007 1383 2033 est
1403 2000 1530 2042 lector,
1548 2000 1759 2034 instituatur
1778 2000 1910 2045 aliquis
1930 2000 2040 2033 frater
2060 1999 2122 2044 qui
2143 1998 2340 2044 diligenter

458 2074 608 2112 repetat,
635 2066 832 2099 dummodo
859 2067 906 2100 sit
930 2066 967 2099 in
993 2073 1175 2100 conventu
1202 2067 1335 2112 aliquis
1361 2066 1559 2100 sufficiens.

549 2135 650 2175 Item,
683 2133 780 2178 quod
810 2133 897 2166 fiant
926 2133 1165 2179 repetitiones
1196 2134 1240 2166 de
1272 2133 1528 2179 questionibus
1559 2140 1594 2167 et
1623 2133 1838 2167 collationes
1863 2133 1908 2166 de
1939 2132 2195 2178 questionibus
2225 2131 2340 2165 semel

459 2201 496 2233 in
527 2201 739 2245 septimana,
772 2199 833 2232 ubi
863 2200 931 2233 hoc
962 2200 1152 2233 commode
1188 2201 1322 2246 poterit
1353 2200 1553 2234 observari.

554 2299 615 2321 Mss.
626 2299 699 2321 Rom.
712 2301 737 2321 et
748 2299 887 2321 Rutenens.
901 2298 983 2329 Cnpp.
997 2298 1113 2329 general.
1126 2298 1189 2322 Ord.
1202 2299 1296 2322 praed.
1304 2312 1330 2316 -
1339 2299 1464 2327 Mat-tene,
1478 2298 1557 2323 Thes.
1566 2305 1629 2323 nov.
1640 2300 1749 2327 anecd„
1759 2299 1801 2329 lv,
1811 2299 1881 2327 1726,
1891 2302 1930 2321 n⁰⁵
1941 2298 2025 2327 17-38‚
2037 2298 2083 2321 sed
2094 2296 2342 2321 mendosissime.—

459 2342 582 2374 Capitula
598 2342 731 2374 generalia
747 2351 825 2373 saepe
842 2342 979 2366 remittunt
989 2343 1022 2366 ad
1035 2343 1086 2366 ista
1102 2346 1211 2372 statuta,
1228 2351 1294 2375 quae
1306 2343 1459 2375 Capitulum
1469 2343 1633 2375 provinciale
1642 2343 1795 2375 provinciae
1806 2343 1960 2367 Provinciae
1971 2351 2012 2366 nn.
2030 2342 2090 2366 1261
2103 2341 2208 2373 repetit.
2218 2341 2259 2366 Cf.
2274 2348 2300 2364 n.
2316 2340 2339 2364 1.

554 2420 576 2442 1.
597 2428 608 2441 a
625 2419 699 2450 Apud
715 2419 875 2442 Valeneenns
891 2436 907 2442 ..
924 2418 994 2442 dicto
1009 2419 1126 2450 capitulo
1142 2427 1153 2442 »
1171 2427 1223 2443 om.
1241 2422 1299 2442 acta
1322 2419 1405 2451 Cnpp.
1427 2419 1600 2451 generalium,
1617 2427 1684 2451 quae
1698 2427 1748 2451 pro
1763 2419 1804 2443 his
1820 2419 1908 2443 verbis
1924 2419 2038 2442 offerunt
2053 2426 2058 2442 :
2077 2426 2088 2442 (ι
2104 2418 2170 2442 Item
2185 2418 2219 2441 nd
2233 2424 2342 2449 promo-

460 2463 558 2486 tionem
574 2463 721 2486 studiornm
736 2463 889 2486 ordinamus
906 2471 927 2486 ».
944 2463 1029 2486 Verba
1045 2472 1127 2495 supra
1142 2463 1231 2495 posita
1246 2464 1388 2495 desumpta
1404 2467 1466 2487 sunt
1480 2472 1511 2487 ex
1525 2464 1591 2487 actis
1607 2464 1723 2496 Capituli
1738 2463 1909 2496 provincialis
1933 2463 2085 2495 provinciae
2105 2461 2259 2486 Provinciae
2273 2469 2342 2485 anno

461 2508 531 2535 1261,
547 2508 599 2530 .Ιυ1.
617 2509 638 2535 3,
660 2507 770 2530 Biterris
786 2507 919 2535 celebrati,
937 2507 982 2530 ubi
1007 2511 1106 2531 statuta
1130 2516 1212 2540 supra
1237 2508 1307 2532 editu
1323 2508 1476 2532 summatim
1492 2510 1650 2532 referuntur.
1667 2508 1736 2532 Bibl.
1752 2508 1848 2531 munic.
1865 2508 1964 2536 Telos„
1985 2515 2034 2531 ms.
2054 2508 2109 2535 1³90,
2127 2507 2171 2530 sol.
2196 2506 2251 2530 296.
2270 2505 2341 2529 Bibl.

461 2552 596 2579 Avenion.,
614 2560 661 2574 ms.
678 2552 731 2578 229,
749 2552 792 2574 sol.
809 2552 838 2574 88
845 2551 864 2575 b.
881 2552 920 2575 Cf.
938 2552 1043 2580 Douais,
1060 2552 1144 2577 Essai
1159 2559 1212 2577 sur
1227 2553 1446 2583 l'oryanisau'on
1461 2555 1507 2578 des
1522 2553 1618 2578 e‘cudes
1641 2554 1715 2578 dans
1729 2553 1835 2578 l'ordre
1847 2553 1894 2578 des
1909 2553 2000 2583 freres
2014 2551 2182 2578 Precheurs,
2195 2558 2222 2582 p.
2239 2550 2285 2573 173
2300 2557 2340 2582 sq.

461 2609 493 2613 —
506 2597 527 2618 2.
547 2596 582 2618 De
596 2595 645 2618 isto
660 2595 719 2618 vide
735 2604 815 2626 supra
834 2596 867 2618 ud
890 2600 939 2619 „um
955 2597 1010 2620 219,
1028 2611 1058 2614 -
1071 2598 1093 2620 3,
1113 2598 1164 2621 Seu
1188 2587 1378 2621 Florentinum.
1394 2598 1454 2629 lpse
1470 2598 1549 2621 simul
1565 2606 1625 2621 cum
1645 2597 1746 2621 Thomu
1770 2597 1802 2621 de
1823 2597 1925 2629 Aquino
1949 2596 1976 2620 in
1998 2595 2176 2620 Universitate
2198 2593 2342 2618 Parisielui

462 2640 575 2671 legebat,
592 2643 621 2662 ut
635 2647 665 2662 ex
682 2640 832 2669 Chronica,
846 2641 925 2671 vulgo
949 2641 1103 2668 numberto,
1120 2642 1166 2665 sed
1187 2642 1267 2665 etiam
1283 2642 1400 2666 Gerar-do
1421 2642 1452 2665 de
1470 2642 1580 2665 Frachet
1599 2642 1725 2674 ascripta,
1742 2645 1768 2665 et
1786 2650 1816 2665 ex
1835 2645 1897 2665 nota
1912 2649 1927 2664 a
1942 2640 2076 2664 Bernardo
2092 2638 2220 2664 Guidonis
2235 2638 2262 2662 in
2277 2638 2341 2663 Cod.

463 2683 610 2715 Agennensi
631 2683 669 2714 (11⁰
684 2685 705 2713 3)
722 2684 754 2706 ad
770 2684 920 2714 Magistros
935 2685 967 2709 in
984 2686 1125 2717 theoloyia
1149 2686 1290 2715 Parisius,
1307 2687 1351 2710 rol.
1369 2688 1407 2714 29,
1425 2688 1494 2710 fucta
1513 2686 1642 2718 conjicere
1663 2694 1816 2718 possumus.
1841 2686 1906 2710 Vide
1929 2685 2034 2710 Archiv
2053 2686 2072 2715 s.
2089 2684 2261 2708 Litteraeur-
2281 2683 2344 2708 und

464 2728 680 2758 Kirchenyesch.
697 2729 743 2752 des
758 2728 942 2757 Mittelalters,
960 2730 992 2757 11,
1010 2730 1055 2753 170
1070 2738 1128 2762 sqq.
1146 2745 1173 2748 —
1189 2732 1212 2754 4.
1234 2731 1370 2754 Albos-tum
1385 2732 1519 2762 Magnum,
1540 2731 1585 2762 qui
1601 2731 1651 2754 isto
1675 2734 1793 2762 tempore
1818 2730 1935 2754 studium
1959 2729 2081 2761 generale
2104 2727 2228 2752 Coloniae
2250 2727 2342 2756 tenuit,

462 2775 488 2795 et
503 2780 571 2795 anno
587 2771 704 2803 sequenti
720 2772 816 2795 electus
832 2775 872 2795 est
886 2773 1027 2805 episcopus
1044 2774 1253 2799 Ratishonensis.
1269 2789 1300 2793 —-
1310 2778 1331 2799 5.
1350 2776 1410 2807 lpse
1425 2775 1474 2798 hoc
1490 2784 1558 2798 anno
1573 2778 1633 2798 actu
1648 2783 1742 2806 regens
1759 2775 1809 2799 ruit
1818 2774 1937 2798 Parisiis.
1950 2775 1996 2798 An.
2014 2774 2074 2797 1272
2087 2773 2117 2796 fit
2126 2772 2342 2804 archiepiscopus

466 2816 659 2848 Lugdunensis,
671 2824 712 2838 nn.
728 2816 786 2839 1273
797 2817 869 2840 card.
886 2817 1026 2849 episeopus
1038 2818 1177 2847 Ostiensis,
1194 2828 1236 2843 un.
1254 2820 1316 2843 1276
1330 2828 1400 2851 papa
1416 2820 1583 2843 Innocentius
1599 2820 1628 2843 V.
1646 2820 1692 2843 An.
1707 2820 1777 2848 1269,
1794 2827 1884 2843 mense
1898 2818 1976 2847 Maio,
1992 2825 2052 2842 cum
2066 2817 2167 2841 Thomu
2181 2817 2213 2840 de
2231 2816 2341 2848 Aquino,

465 2860 652 2887 Bonohomine,
669 2860 878 2891 Bai-tholomaeo,
896 2862 1014 2885 Gilberto
1029 2866 1054 2886 et
1070 2863 1209 2893 Bulduino,
1226 2864 1362 2896 magistris
1378 2864 1527 2895 theologiae
1543 2864 1606 2888 Ord.
1623 2864 1726 2892 Prned.,
1743 2863 1857 2895 aliisque
1872 2863 1898 2887 in
1914 2863 2036 2895 Capitulo
2047 2870 2136 2894 gener.
2153 2861 2262 2885 Parisiis
2273 2861 2339 2884 cele-

464 2905 541 2928 bravo
557 2904 711 2935 disputabat
726 2904 757 2927 de
772 2904 930 2935 quibusdum
947 2907 1146 2937 quaestionibus
1162 2908 1195 2931 ad
1208 2909 1293 2932 forum
1309 2908 1484 2932 conscientiae
1497 2908 1699 2940 pertinentibus.
1714 2908 1784 2932 Bibl.
1796 2907 1922 2932 Eseorial.
1936 2916 1985 2932 ms.
2001 2907 2029 2931 R.
2042 2907 2075 2930 11.
2088 2907 2110 2930 2.
2125 2906 2188 2930 cod.
2201 2906 2340 2930 Rutenens.

465 2949 605 2973 Constitut.
623 2948 685 2972 Ord.
700 2949 803 2977 Praed„
820 2958 845 2980 p.
861 2950 913 2973 170.
932 2951 1049 2974 Arsenul.
1068 2952 1162 2981 Paris„
1179 2961 1230 2976 ms.
1245 2954 1300 2982 53⁵2,
1315 2953 1359 2976 sol.
1376 2954 1414 2977 80.
1434 2953 1499 2984 Opp.
1516 2953 1545 2977 S.
1568 2953 1702 2983 Thomae,
1717 2953 1758 2976 ed.
1775 2953 1870 2981 Puris„
1885 2953 1955 2981 1656,
1971 2955 1989 2976 t.
2002 2951 2054 2980 XX,
2070 2959 2097 2983 p.
2114 2951 2168 2974 894.

592 2994 631 3017 119.
