2580 3528
259 441 356 482 1247]
598 450 646 473 Au
679 450 786 472 xxxo
821 449 898 472 mcc
933 449 1065 478 usone:
1100 450 1148 471 An
1184 449 1412 471 ruimrruu
1449 449 1487 470 iv
1523 449 1612 471 asc.
1649 450 1787 472 rueme.
2069 441 2136 474 207

257 525 406 567 nostris,
435 537 480 558 ne
507 524 644 571 puritas
669 524 780 558 studii
808 535 879 570 que
904 523 1079 557 hactenns
1107 523 1268 556 Parisius
1293 523 1410 569 viguit
1431 535 1474 556 ex
1499 523 1774 569 presumptione
1799 524 2052 569 quorumdam,
2074 525 2135 569 qui

256 591 462 638 theologica
482 591 615 637 logicis
635 591 841 625 inserentes
867 603 939 624 non
966 590 1178 636 intelligunt
1203 602 1322 635 neque
1347 602 1418 635 que
1443 590 1656 635 loquuntur,
1678 602 1797 635 neque
1819 590 1863 623 de
1889 590 2023 635 quibus
2043 590 2138 624 affir-

257 665 366 701 mant,
401 670 566 692 errorum
605 657 779 691 sordibus
820 657 1033 698 maculetur,
1071 669 1152 690 eum
1187 663 1377 690 crescente
1418 657 1522 702 culpa
1562 668 1728 690 crescere
1769 656 1899 690 debeat
1933 669 2024 702 pena
2055 669 2061 690 :
2093 657 2137 690 de

256 725 412 759 consilio
452 725 630 758 dictorum
672 724 930 770 magistrorum
970 731 1006 757 et
1043 724 1196 757 aliorum
1242 723 1440 765 bonorum,
1480 723 1755 769 venerabilique
1794 730 1894 769 patre
1939 724 2136 757 Parisiensi

257 792 431 838 episcopo
472 804 576 826 suum
613 792 649 824 in
683 791 752 824 hoc
788 798 971 837 prestante
1010 803 1250 830 consensum,
1286 791 1347 836 qui
1383 791 1476 824 dicta
1516 791 1575 824 die
1609 791 1756 824 veneris
1797 797 1946 836 propter
1985 790 2137 824 infirmi-

257 865 363 893 tatem
391 870 431 892 se
459 865 704 899 excusaverat,
732 858 894 903 predicte
924 870 1017 903 pene
1047 858 1260 899 adicientes,
1292 857 1426 890 dietum
1457 857 1657 891 Johannem
1688 864 1756 891 tam
1786 857 1830 890 de
1857 857 2000 891 civitate
2031 869 2134 902 quam

255 925 394 960 diocesi
437 925 635 959 Parisiensi
682 925 913 959 decrevimus
951 925 988 958 in
1032 931 1247 970 perpetuum
1296 924 1552 970 expellendum
1597 924 1860 958 interdicentes
1903 924 2021 957 eidem
2067 931 2135 957 tam

256 992 293 1026 in
327 992 434 1026 dictis
468 992 560 1026 locis
594 1004 699 1038 quam
735 992 815 1025 aliis
850 998 975 1025 nostre
1010 991 1217 1037 legationis,
1254 990 1475 1036 ubicumque
1515 991 1679 1024 solemne
1718 991 1818 1036 viget
1855 991 2031 1032 studium,
2067 998 2136 1024 tam

257 1059 420 1093 morandi
451 1071 557 1105 quam
587 1059 743 1092 docendi
774 1071 846 1092 non
875 1058 993 1092 solum
1025 1058 1170 1104 publice
1198 1058 1263 1091 sed
1290 1058 1395 1091 etiam
1422 1058 1588 1103 privatim
1614 1058 1784 1091 decetero
1810 1058 2029 1100 facultatem,
2055 1070 2134 1091 cum

258 1138 331 1159 non
360 1125 478 1160 solum
507 1126 708 1159 doctrinam
734 1125 899 1171 ejusdem
928 1125 1168 1171 periculosam
1198 1125 1460 1164 invenerimus,
1488 1125 1554 1159 sed
1582 1125 1688 1158 etiam
1714 1131 1906 1170 propterea
1931 1125 2029 1170 quod
2055 1132 2136 1170 post

256 1194 383 1226 factam
423 1193 689 1238 professionem
729 1192 774 1226 de
816 1192 996 1238 religione
1033 1205 1051 1225 a
1090 1192 1160 1225 fide
1200 1192 1324 1237 dignis
1358 1192 1499 1225 dicatur
1541 1192 1711 1225 exivisse.
1757 1192 1971 1237 Magistrum
2016 1198 2134 1225 autem

257 1259 484 1292 Remundum
520 1259 701 1304 quondam
737 1271 755 1292 a
786 1259 934 1292 domino
964 1259 1161 1292 Parisiensi
1191 1259 1236 1291 de
1266 1258 1422 1291 consilio
1453 1258 1709 1303 magistrorum
1742 1258 1927 1304 theologie
1963 1270 2028 1304 pro
2058 1258 2137 1292 suis

256 1325 444 1359 erroribus
477 1325 614 1359 carceri
656 1326 910 1371 mancipatum,
950 1337 1023 1358 non
1061 1332 1263 1358 correctum
1305 1325 1399 1358 sicut
1441 1325 1662 1371 accepimus,
1705 1325 1770 1358 sed
1813 1331 2062 1358 contumacem
2102 1332 2137 1358 et

255 1390 420 1426 errorum
452 1392 688 1438 pristinorum
719 1391 820 1425 virus
850 1391 1009 1425 recidiva
1037 1392 1311 1437 presumptione
1342 1391 1559 1437 quibusdam
1591 1391 1820 1437 simplicibus
1855 1392 2134 1437 propinantem:
2177 1403 2179 1405 ’

255 1458 475 1505 ubicumque
503 1459 674 1493 inventus
698 1459 809 1492 fuerit
828 1458 873 1492 de
894 1458 1074 1492 bonorum
1096 1458 1252 1502 consilio
1274 1458 1507 1492 decernimus
1527 1458 1743 1504 capiendum
1768 1465 1803 1491 et
1822 1459 1958 1492 carceri
1981 1459 2136 1504 pristino

255 1525 532 1568 retrudendum,
567 1525 636 1559 sub
671 1537 763 1571 pena
798 1525 1185 1559 excommunicationis
1221 1525 1482 1558 interdicentes
1517 1524 1702 1567 omnibus,
1743 1537 1787 1558 ne
1823 1525 1905 1571 quis
1940 1525 1977 1558 in
2012 1525 2134 1567 domo,

254 1604 393 1635 mensa,
415 1593 578 1626 doctrina
600 1592 718 1626 eidem
740 1593 901 1626 Parisius
926 1592 1096 1626 decetero
1121 1592 1389 1625 communicare
1417 1599 1614 1637 presumat.
1637 1593 1809 1626 Ceterum
1830 1604 1909 1625 cum
1933 1592 2133 1625 secundum

254 1659 477 1706 sapientem³
500 1659 627 1693 altiora
647 1671 687 1693 se
721 1659 844 1692 nullus
869 1671 1024 1704 querere
1046 1658 1175 1692 debeat
1206 1671 1271 1692 nec
1296 1659 1446 1693 fortiora
1474 1671 1514 1692 se
1539 1659 1774 1705 perscrutari,
1803 1659 1967 1704 illudque
1993 1666 2136 1705 tempus

253 1725 298 1760 ab
322 1726 489 1773 apostolo
515 1726 718 1772 predictum
745 1726 876 1760 adesse
901 1726 1079 1768 videatur,
1108 1726 1168 1759 ubi
1195 1726 1340 1772 quidam
1367 1726 1575 1772 prurientes
1595 1726 1746 1760 auribus
1767 1739 1784 1759 a
1806 1727 1956 1760 veritate
1987 1726 2132 1771 quidem

253 1793 415 1827 auditum
445 1799 622 1835 avertent,
652 1793 697 1827 ad
725 1793 871 1827 modum
902 1792 1196 1835 Atheniensium,
1225 1793 1269 1826 ad
1295 1792 1407 1826 nichil
1436 1793 1548 1835 aliud,
1575 1793 1647 1826 nisi
1675 1799 1737 1826 aut
1766 1793 1888 1826 dicere
1920 1800 1981 1826 aut
2007 1793 2133 1826 audire

253 1859 391 1906 aliquid
411 1860 495 1894 novi
521 1860 688 1894 dieantur
708 1860 912 1902 intendere,
939 1860 1234 1905 quandoquidem
1263 1859 1374 1905 logici
1401 1859 1607 1909 theologice
1634 1867 1669 1893 et
1694 1859 1855 1906 theologi
1878 1859 2132 1906 philosophice

253 1926 290 1960 in
311 1926 389 1961 suis
411 1926 720 1973 disputationibus
745 1927 840 1961 sicut
861 1926 968 1960 nobis
990 1926 1141 1960 relatum
1163 1933 1218 1960 est
1239 1926 1495 1972 procedentes,
1517 1933 1642 1960 contra
1663 1934 1873 1973 preceptum
1896 1927 1990 1972 legis
2012 1933 2131 1960 sortes

252 1993 442 2027 Dominice
484 1993 697 2027 hereditatis
745 1994 899 2027 miscere
937 2000 973 2027 et
1013 1993 1239 2027 confundere
1288 2005 1361 2026 non
1404 1994 1630 2027 formidant:
1658 1994 1929 2027 universitatem
1974 2000 2128 2027 vestram

252 2071 444 2094 monemus
471 2066 508 2094 et
532 2059 718 2094 hortamur
745 2060 782 2094 in
810 2060 980 2102 Domino,
1007 2060 1178 2105 quatinus
1205 2060 1368 2094 universi
1396 2066 1432 2093 et
1460 2060 1597 2105 singuli
1627 2060 1792 2094 terminis
1822 2060 1981 2106 antiquis
2016 2060 2130 2094 scien-

253 2126 381 2159 tiarum
417 2132 452 2159 et
484 2126 707 2168 facultatum,
740 2138 833 2172 quos
867 2133 1071 2173 posuerunt
1103 2133 1225 2172 patres
1256 2127 1385 2168 nostri,
1418 2127 1592 2168 contenti,
1625 2139 1827 2172 ponamque
1862 2126 2130 2160 maledictionis

251 2199 377 2226 contra
418 2193 694 2226 transferentem
737 2193 913 2227 terminos
954 2193 1108 2239 proximi
1148 2194 1204 2227 sui
1244 2193 1280 2226 in
1315 2193 1397 2239 lege
1437 2193 1590 2239 positam
1630 2193 1884 2235 formidantes,
1921 2194 1967 2227 ita
2006 2193 2130 2227 sobrie

252 2258 455 2292 secundum
493 2259 698 2305 apostolum
728 2259 891 2306 sapiatis,
922 2266 961 2293 ut
991 2272 1064 2293 non
1095 2271 1160 2293 vos
1195 2259 1365 2293 novitatis
1399 2266 1460 2293 aut
1494 2260 1785 2306 presumptionis
1821 2266 1940 2292 notam
1977 2259 2128 2305 possitis

252 2325 453 2367 incurrere,
482 2332 542 2359 aut
569 2325 675 2359 etiam
696 2326 793 2360 cecis
814 2326 957 2371 ponatis
983 2326 1257 2368 offendiculum,
1283 2333 1318 2360 et
1338 2326 1470 2360 vestris
1491 2325 1711 2371 sequacibus
1733 2326 1878 2359 errandi
1899 2326 2126 2359 occasionem

253 2391 480 2438 relinquatis.
504 2393 630 2426 Datum
653 2392 814 2426 Parisius
835 2392 894 2426 die
916 2391 1055 2426 sabbati
1077 2399 1159 2426 antc
1180 2392 1303 2426 Natale
1325 2393 1469 2425 Domini
1490 2404 1585 2425 anno
1607 2392 1752 2425 Domini
1775 2391 1970 2426 millesimo
1992 2392 2130 2426 ducen-

253 2458 384 2493 tesimo
405 2458 686 2504 quadragesimo
708 2459 896 2505 scptimo‘.

344 2565 412 2589 Bibl.
430 2569 482 2589 nat..
499 2565 594 2594 Puris.¹
611 2574 659 2589 ms.
677 2566 722 2589 lat.
742 2567 813 2594 9960,
835 2566 879 2590 fot.
900 2566 953 2594 161,
974 2565 1094 2589 adhibito
1116 2569 1223 2589 auctore
1246 2565 1334 2597 operis
1355 2565 1547 2590 Universt’talis
1561 2564 1657 2590 Paris.
1673 2566 1789 2596 ejusque
1809 2565 1982 2596 facultatum
2001 2569 2131 2598 quatuor

248 2609 328 2641 oriae
349 2616 416 2635 vera
449 2610 527 2640 (Bibl.
553 2610 673 2634 Univers.
698 2610 746 2634 Mn.
771 2618 796 2639 u,
821 2610 841 2639 Ι,
860 2610 882 2639 1,
906 2619 932 2642 p.
959 2612 1024 2640 5⁹3),
1049 2610 1094 2642 qui
1123 2609 1171 2633 hoc
1197 2612 1395 2633 monumentum
1419 2609 1569 2641 desumpsit.
1595 2618 1626 2633 ex
1650 2609 1708 2634 cod.
1730 2609 1840 2634 membr.
1867 2618 1958 2634 sacrae
1984 2610 2129 2634 facultatis.

250 2653 416 2686 D‘Argentrd,
433 2653 500 2680 coll.
512 2655 589 2685 jud„
600 2654 619 2678 1.
637 2654 828 2683 158,deseribit.
842 2663 920 2678 suum
936 2663 984 2678 ms.
996 2663 1007 2677 n
1019 2654 1105 2678 Codex
1118 2662 1292 2678 censurarum
1309 2653 1442 2678 facultatis
1457 2653 1626 2686 Theolegiae,
1643 2654 1713 2686 quod
1729 2662 1857 2686 magnum
1868 2654 1990 2678 volumen
2005 2654 2129 2686 Μυοῦς)

249 2698 334 2722 Bodas
349 2698 501 2722 nominatur
516 2707 538 2723 n.
556 2712 584 2717 —
604 2699 706 2728 Nescio,
721 2707 754 2723 an
771 2707 853 2731 supra
868 2699 951 2723 relata
965 2699 997 2723 de
1012 2698 1132 2723 Johunno
1150 2698 1310 2722 cohaereant
1328 2707 1387 2722 eum
1402 2698 1461 2722 istis
1480 2706 1547 2730 quae
1563 2701 1655 2722 narrat.
1668 2699 1723 2722 Yvo
1738 2698 1825 2722 dietus
1845 2699 2022 2723 Neu-bonensis
2038 2699 2065 2723 in
2081 2707 2128 2723 sua

248 2742 361 2775 epistola
375 2743 409 2767 ad
424 2742 563 2767 Gis-aldum
577 2743 807 2776 archiepiscopum
823 2744 1056 2776 Bnrdsgnlensem,
1073 2752 1087 2767 a
1103 2743 1235 2767 Mntthaeo
1245 2743 1330 2767 Paris.
1346 2743 1379 2766 ad
1394 2751 1436 2766 an.
1454 2743 1514 2766 124³
1526 2742 1614 2775 posita
1630 2743 1680 2773 (ed.
1696 2743 1793 2772 Luard,
1810 2743 1852 2772 Ν,
1869 2744 1934 2774 270),
1950 2744 1983 2767 de
1997 2744 2128 2768 Penei-inis

249 2787 275 2811 in
295 2787 463 2816 Lombardia,
484 2787 529 2820 qui
548 2787 617 2812 inter
635 2790 735 2812 secreta
756 2788 778 2811 ei
803 2788 954 2820 detegentes
975 2787 1129 2817 afferebant,
1151 2797 1163 2811 a
1184 2788 1253 2820 quod
1274 2796 1305 2811 ex
1326 2787 1449 2811 omnibus
1475 2788 1528 2811 fere
1551 2787 1704 2811 civitatibus
1728 2788 1902 2812 Lombardiae
1922 2791 1948 2811 et.
1966 2788 2127 2820 quibusdam

249 2831 360 2856 Tusciae
375 2831 493 2856 Puri-iu·
508 2831 608 2856 docile·
624 2832 829 2857 transmiserunt
849 2832 994 2862 scholares,
1015 2832 1144 2865 quondum
1167 2832 1262 2864 logicis
1283 2831 1506 2860 cavillationibus,
1528 2831 1595 2855 alios
1616 2832 1695 2856 etiam
1717 2832 1873 2865 theologicis
1894 2832 2128 2856 dissertationibus

249 2875 413 2906 insudantes,
429 2876 463 2900 ad
478 2877 635 2901 usti-nendos
650 2876 770 2909 ipsorum
784 2885 888 2901 errores
902 2881 928 2902 et.
937 2877 1129 2910 professionem
1145 2876 1307 2909 apostolicae
1323 2876 1382 2900 fidei
1398 2876 1587 2900 confutandum
1603 2885 1624 2900 s.

343 2961 365 2984 1.
382 2960 488 2985 Galtero
505 2961 538 2985 de
559 2961 674 2986 Custello
689 2962 845 2986 Theoderici
868 2962 1142 2995 (ChAteau—Thierry),
1159 2961 1203 2994 qui
1223 2970 1265 2985 an.
1287 2962 1348 2985 1246
1369 2962 1453 2984 fuctus
1473 2963 1513 2984 est.
1532 2961 1706 2985 cancellarius
1723 2961 1881 2985 Parisiensis
1897 2961 1967 2991 (vide
1989 2969 2069 2993 supra
2092 2961 2125 2983 ad

249 3007 278 3028 η’
294 3004 358 3035 138),
372 3007 399 3029 et
412 3012 496 3037 usque
513 3005 699 3030 cancellariam
719 3006 803 3031 tenuit
823 3007 886 3030 dum
906 3010 966 3038 post
987 3010 1096 3030 mortem
1117 3006 1235 3038 episcopi
1256 3005 1390 3030 Guillclmi
1412 3004 1570 3029 Parisiensis
1591 3005 1666 3035 (obiit
1679 3014 1701 3029 c.
1719 3006 1749 3029 ³0
1765 3006 1840 3029 Mart.
1859 3006 1928 3029 ww.
1947 3005 2009 3029 Vide
2028 3005 2126 3032 Valois.
