2580 3528
453 436 516 470 674

1036 442 1355 466 CHARTULARIUM
1390 441 1582 464 L‘NlVEus.
1619 439 1748 462 PAuls.

452 565 498 587 363

451 712 497 734 364

452 814 497 836 365

451 915 497 937 366

450 1061 494 1083 367

449 1207 494 1229 368

449 1309 494 1331 369

449 1367 494 1390 370

449 1470 508 1493 37οῑι

447 2013 491 2035 374

446 2114 491 2137 375

446 2217 491 2239 376

446 2319 490 2341 377

446 2466 490 2488 378

446 2523 491 2545 379

446 2625 492 2647 380

447 2682 490 2704 381

447 2828 492 2851 382

447 2891 492 2913 383

448 2996 492 3018 384

588 560 654 586 1280

544 1308 691 1334 1251-1260

585 1366 650 1392 1261

541 1469 690 1495 1254-1261

584 1616 647 1642 1261

584 1776 649 1802 1262

572 3077 610 3100 85.

791 562 875 594 Aprili

800 710 868 734 Maio

778 812 842 836 ,Julii
859 813 888 835 22

744 914 895 938 Decembris
911 915 925 936 3

972 563 1104 586 Stututum
1125 561 1257 585 facultatis
1277 560 1383 589 artium,
1406 568 1438 583 ne
1460 559 1519 591 quis
1539 558 1668 590 magister
1691 558 1833 590 deputatus
1855 559 1889 582 ad
1910 559 2114 583 examinandum
2133 566 2148 582 n
2168 562 2245 591 parte

1002 607 1031 630 Β.
1050 606 1197 630 Genovetae
1216 605 1401 629 bnecalareum
1421 604 1454 627 ad
1474 603 1614 635 petendum
1634 602 1768 626 licentiam
1789 611 1804 626 a
1820 606 1898 635 parte
1917 603 2009 627 eadem
2027 606 2187 636 praesentet.
2208 603 2245 628 De

1001 651 1126 674 electione
1142 650 1350 674 examinatorum
1366 652 1391 672 et
1405 648 1542 680 punitione
1557 651 1787 679 transgressorum
1798 664 2244 673 ..................

970 708 1155 733 Ordinationes
1178 707 1293 739 Capituli
1315 706 1447 738 generalis
1468 706 1531 729 Ord.
1552 705 1683 729 Minorum
1705 705 1756 729 sub
1776 705 1898 729 ministro
1920 706 2038 737 generali
2059 706 2244 730 Bonuventuru

1001 753 1139 777 Narbonae
1154 751 1279 775 celebrati
1295 751 1326 774 de
1342 750 1469 774 fratribus
1484 749 1618 773 mittendis
1633 749 1750 774 Parisios
1765 750 1799 773 ad
1814 750 1972 774 studendum
1975 767 2243 775 ...........

970 810 1106 835 Ordinatio
1129 809 1244 841 Capituli
1265 808 1438 840 provincialis
1462 807 1615 840 provinciae
1637 807 1790 831 Provinciae
1812 807 1875 832 Ord.
1899 808 1992 832 Praod.
2016 808 2087 832 circa
2108 808 2243 832 studentes

1001 854 1116 878 Parisios
1132 854 1272 877 mittendos
1277 869 2242 878 ......................................

969 913 1114 936 Alexander
1132 912 1165 935 lv
1185 911 1330 942 Reginuldo
1350 910 1475 942 episcopo
1495 910 1579 934 Paris.
1595 910 1715 934 concedit
1732 911 1886 934 facultatem
1904 910 2060 934 absolvendi
2079 918 2095 934 a
2115 910 2244 935 sententia

1000 955 1277 980 excommunicationis
1299 955 1360 978 illos
1382 954 1501 983 clericos,
1524 954 1569 986 qui
1591 954 1676 978 libros
1700 955 1816 978 famosos
1838 954 1973 979 Guillelmi
1995 955 2027 979 de
2049 955 2075 979 S.
2101 955 2196 980 Amore
2218 958 2244 979 et

999 1001 1112 1024 aliorum
1130 1000 1296 1024 detinuerant
1298 1016 2242 1025 .....................................

729 1077 938 1085 .........
968 1059 1094 1090 Magister
1111 1059 1140 1083 G.
1160 1061 1219 1081 actu
1237 1066 1331 1089 regens
1352 1057 1462 1081 Parisiis
1482 1057 1509 1081 in
1526 1057 1661 1089 theologia
1679 1057 1839 1089 magistrum
1858 1058 1887 1081 T.
1907 1057 2033 1089 objurgat
2051 1058 2122 1090 quod
2141 1057 2192 1081 sibi
2211 1058 2243 1082 de

999 1104 1054 1127 suis
1077 1103 1143 1126 nibil
1161 1102 1308 1126 retinuerit.
1329 1102 1405 1126 Dolet
1425 1110 1452 1125 se
1471 1102 1592 1126 libellum
1611 1102 1712 1125 editum
1731 1105 1822 1126 contra
1843 1105 1986 1126 tractatum
2009 1102 2144 1127 Guillelmi
2163 1102 2195 1126 de
2214 1102 2241 1127 S.

999 1149 1093 1172 Amore
1105 1148 1203 1171 habere
1216 1156 1267 1171 non
1279 1147 1399 1179 potuisse
1402 1164 2241 1172 .................................

931 1225 937 1231 .
967 1207 1093 1238 Magister
1112 1207 1142 1230 T.
1161 1206 1305 1238 respondet
1322 1205 1451 1237 epistolae
1472 1213 1551 1237 quam
1571 1213 1586 1228 a
1605 1205 1734 1236 mugistro
1756 1205 1787 1229 G.
1807 1205 1834 1228 in
1853 1205 1988 1237 theolog-ia
2006 1205 2116 1229 Parisiis
2135 1208 2243 1237 regente

792 1618 869 1641 Junio

731 1676 885 1699 Novembris
901 1677 930 1699 10

739 1768 876 1802 Februarii
892 1780 921 1802 13

797 2029 824 2033 —
891 2016 919 2038 17

763 2118 849 2141 Martii
867 2118 895 2141 31

775 2220 836 2243 Maii
854 2220 883 2244 ¹15

777 2322 849 2346 Junii
867 2324 881 2345 3

788 2470 881 2492 —22

752 2526 873 2550 Januarii
889 2528 904 2550 9

808 2631 903 2651 —9

807 2688 904 2709 —9

808 3001 905 3024 —19

998 1254 1133 1282 receperat
1141 1266 2241 1275 ...........................................

967 1310 1100 1333 Stututum
1115 1309 1149 1332 ad
1164 1309 1234 1340 quod
1249 1308 1346 1332 bedelli
1362 1307 1550 1332 Universitatis
1570 1307 1755 1339 astringuntur
1767 1325 2240 1334 ...................

966 1367 1088 1391 Definitio
1108 1367 1179 1399 quod
1198 1367 1245 1390 fiat
1263 1367 1357 1390 domus
1379 1365 1489 1390 Parisiis
1511 1374 1560 1397 pro
1583 1365 1750 1389 studentibus
1770 1365 1835 1390 Ord.
1859 1365 2049 1395 cluniacensis,
2077 1367 2148 1390 tacta
2173 1374 2242 1390 anno

997 1411 1101 1436 Domini
1119 1411 1266 1435 M0CC⁰LXI
1274 1426 2240 1436 ......................................

967 1479 978 1493 «
995 1470 1140 1494 Alexander
1156 1470 1189 1493 lv
1203 1469 1273 1501 quod
1288 1469 1417 1498 redditus,
1431 1468 1457 1492 in
1473 1468 1569 1500 quibus
1582 1468 1732 1500 juramento
1744 1468 1900 1492 tenebamur
1913 1468 2077 1500 pauperibus
2093 1468 2241 1492 scolaribus

997 1514 1115 1538 Parisius
1136 1514 1313 1542 studentibus,
1329 1513 1356 1537 in
1371 1522 1436 1537 usus
1451 1513 1637 1537 canonicorum
1652 1515 1804 1537 nostrorum
1823 1512 1850 1536 in
1869 1521 1946 1536 sacra
1964 1513 2064 1545 pagiua
2079 1513 2241 1537 studentium

997 1562 1162 1583 verterentur
1175 1567 1187 1581 ν
1191 1574 2240 1583 .........................................

966 1617 1115 1641 Admonitio
1129 1616 1245 1648 Capituli
1257 1616 1390 1648 generalis
1405 1616 1468 1639 Ord.
1485 1616 1578 1640 Praed.
1593 1615 1756 1639 Barcinonae
1768 1615 1818 1639 sub
1834 1623 1904 1647 mag.
1921 1615 2065 1639 Humberto
2079 1615 2214 1641 celebrati.
2233 1632 2239 1639 .

966 1676 1106 1700 Guulterus
1127 1675 1159 1698 de
1179 1675 1275 1698 Sancto
1294 1674 1420 1702 Quintino
1439 1674 1471 1697 de
1492 1674 1547 1697 suis
1563 1673 1686 1697 domibus
1701 1673 1811 1697 Parisiis
1832 1673 1890 1697 sitis
1909 1673 1936 1697 in
1956 1675 2073 1697 savorem
2091 1681 2241 1705 pauperum

997 1720 1159 1744 scholarium
1175 1719 1293 1751 disponit
1295 1735 2239 1743 .....................................

967 1787 978 1802 «
994 1779 1095 1802 Lcttres
1110 1778 1142 1801 ‹le
1156 1777 1326 1801 l'Universite
1341 1780 1482 1800 contenant
1499 1776 1578 1808 appel
1593 1776 1713 1808 interjete
1728 1784 1791 1800 sous
1806 1776 1830 1800 le
1845 1784 1906 1799 nom
1921 1776 1953 1800 de
1968 1776 2119 1800 Guillaume
2137 1779 2241 1800 recteur

996 1823 1097 1847 d'icelle
1111 1831 1142 1846 en
1155 1823 1282 1854 presence
1296 1822 1341 1845 des
1355 1825 1448 1853 quatre
1460 1829 1621 1853 procureurs
1637 1821 1668 1844 de
1682 1821 1709 1844 la
1725 1821 1820 1844 saculte
1835 1821 1880 1844 des
1897 1823 1961 1849 urts,
1975 1821 2007 1844 de
2019 1829 2048 1844 ce
2061 1829 2111 1853 que
2123 1821 2161 1844 les
2173 1820 2240 1845 trois

997 1868 1106 1891 sneultes
1120 1868 1151 1891 de
1166 1867 1263 1897 decret,
1279 1867 1311 1890 de
1326 1866 1458 1897 theologie
1473 1869 1498 1889 et
1513 1866 1545 1889 de
1560 1865 1694 1889 medecine
1709 1865 1814 1889 avaient
1828 1865 1959 1897 entrepris
1974 1865 2006 1889 de
2020 1865 2116 1889 bailler
2130 1865 2240 1889 mande-

996 1915 1067 1936 ment
1082 1920 1226 1943 revocquer
1245 1911 1359 1935 certains
1374 1913 1468 1943 proces
1483 1911 1545 1934 faits
1560 1918 1610 1942 par
1624 1910 1717 1934 lesdits
1733 1913 1836 1934 recteur
1850 1913 1876 1934 et
1889 1918 2049 1942 procureurs
2070 1910 2115 1934 des
2134 1910 2239 1934 nations

996 1960 1085 1981 contre
1102 1957 1136 1981 M.
1157 1956 1284 1981 Gaultier.
1306 1964 1318 1979 ι)
1323 1971 2238 1980 ....................................

965 2015 1139 2047 Ingerandus,
1156 2014 1278 2038 dominus
1294 2014 1325 2037 de
1336 2013 1496 2045 Maintenay.
1512 2021 1602 2036 omnes
1614 2013 1724 2036 clericos
1739 2021 1883 2044 eorumque
1893 2012 2030 2036 ministros
2045 2020 2126 2036 causa
2140 2013 2240 2036 studio-

996 2068 1054 2083 rum
1070 2059 1186 2083 Parisios
1199 2059 1352 2082 accedentes
1365 2061 1391 2082 et
1403 2066 1452 2090 per
1465 2066 1540 2081 suam
1551 2061 1650 2081 terram
1661 2060 1828 2081 transeuntes
1839 2066 1854 2080 a
1867 2057 1993 2081 solvendo
2006 2057 2120 2089 pedagio
2132 2057 2237 2081 liberat.

964 2118 1088 2142 Urbanus
1108 2118 1141 2141 IV
1157 2117 1230 2141 lvoni
1246 2117 1266 2145 1,
1282 2116 1373 2140 abbati
1393 2115 1569 2143 Cluniacensi.
1585 2115 1756 2139 construendi
1775 2115 1922 2138 oratorium
1941 2115 1967 2138 in
1987 2115 2065 2138 domo
2084 2115 2237 2144 Purisiensi,

995 2162 1041 2186 ubi
1061 2163 1156 2186 fratres
1176 2161 1362 2195 Cluniaceu'ses
1382 2160 1497 2189 student,
1513 2160 1559 2183 dut
1578 2160 1730 2183 facultatem
1733 2176 2237 2184 ....................

964 2220 1087 2244 Urbanus
1104 2220 1137 2243 lv
1152 2218 1288 2250 magistris
1309 2218 1426 2243 Gerardo
1446 2218 1477 2241 de
1497 2217 1672 2241 Abbatisvilla
1690 2220 1715 2241 et
1733 2217 1850 2241 Gerardo
1868 2217 1900 2241 de
1917 2217 2057 2249 Goiguelin
2076 2217 2192 2249 injungit
2209 2221 2239 2242 ut

995 2264 1138 2297 magistros
1153 2267 1178 2287 et
1193 2264 1328 2287 scholares
1343 2263 1376 2286 ad
1391 2262 1612 2286 contribuendum
1626 2270 1676 2294 pro
1691 2265 1749 2286 rata
1763 2262 1790 2285 in
1805 2261 1901 2285 debitis
1917 2261 2075 2294 astringant.
2099 2279 2237 2286 ......

964 2322 1087 2347 Urbanus
1103 2323 1136 2346 1v
1151 2322 1287 2354 magistris
1301 2321 1418 2345 Gerardo
1432 2321 1464 2345 de
1476 2320 1653 2344 Abbatisvilla
1665 2323 1691 2344 et
1703 2320 1821 2345 Gerardo
1834 2319 1974 2352 Goignelin
1987 2319 2080 2344 scribit
2094 2328 2126 2344 ne
2141 2319 2238 2352 magris-

993 2371 1049 2391 tros
1064 2370 1090 2391 ct
1104 2367 1238 2390 scholares
1255 2366 1418 2390 parisienses
1434 2369 1525 2389 contra
1540 2365 1683 2397 privilegia
1697 2365 1734 2388 eis
1751 2373 1766 2388 a
1781 2365 1842 2388 sede
1857 2364 2004 2396 apostolica
2018 2372 2143 2389 concessa
2161 2364 2237 2389 inde-

994 2412 1047 2436 bite
1067 2411 1203 2435 molestari
1223 2411 1369 2443 patiantur.
1393 2426 2236 2434 .................................
2269 2425 2274 2429 -

963 2470 1087 2494 Urbanus
1103 2470 1136 2494 1v
1151 2470 1184 2493 ad
1199 2469 1337 2493 universos
1353 2468 1452 2493 Christi
1467 2468 1558 2492 fideles
1573 2468 1600 2491 in
1615 2467 1730 2500 gratiam
1745 2467 1850 2499 collegii
1865 2467 2003 2491 Sorhonici
2017 2467 2120 2491 litteras
2135 2466 2236 2499 dirigit.

963 2528 1087 2552 Urbanus
1105 2528 1138 2552 lv
1154 2527 1238 2559 priori
1253 2527 1285 2551 dc
1301 2527 1441 2551 Cardineto
1456 2529 1614 2558 potestatem
1630 2525 1785 2549 absolvendi
1801 2525 1935 2549 scholares
1950 2525 2107 2549 clericorum
2125 2533 2237 2557 percus-—

995 2581 1067 2596 sores
1083 2572 1202 2596 concedit
1212 2586 2235 2596 ........................................

963 2631 1087 2655 Urbanus
1100 2631 1134 2654 lv
1148 2630 1333 2654 archidiacono
1349 2629 1476 2653 Meldensi
1491 2629 1523 2652 de
1537 2628 1669 2652 taxatione
1681 2628 1859 2660 hospitiorum
1874 2627 1967 2651 scribit
1969 2644 2236 2652 ...........

963 2688 1087 2712 Urbanus
1108 2689 1140 2712 IV
1160 2689 1263 2712 Alermo
1283 2688 1408 2719 episcopo
1423 2686 1550 2711 Meldensi
1570 2686 1671 2715 scribit,
1688 2686 1863 2718 Reginuldum
1880 2685 2035 2718 episcopum
2049 2685 2235 2714 Parisiensem,

995 2733 1103 2756 abbates
1120 2733 1145 2756 S.
1162 2733 1309 2757 Genovesue
1329 2735 1354 2756 et
1369 2732 1395 2755 S.
1412 2731 1536 2756 Germani
1552 2734 1630 2763 atque
1644 2731 1774 2754 decanum
1788 2731 1814 2754 S.
1831 2729 1949 2754 Marcelli
1965 2730 2082 2757 inducat,
2097 2732 2127 2753 ut
2145 2737 2161 2753 a
2179 2729 2236 2753 suis

994 2777 1146 2800 hominibus
1156 2777 1344 2809 juramentum,
1359 2777 1429 2808 quod
1445 2776 1560 2808 aliquem
1573 2775 1760 2800 Universitatis
1775 2783 1827 2798 non
1839 2774 1982 2803 offendant,
1995 2773 2113 2798 exhiberi
2128 2773 2234 2798 saciant.

964 2835 1087 2858 Urbanus
1103 2836 1135 2858 lv
1150 2834 1322 2859 Universitati
1337 2834 1481 2858 Parisiensi
1495 2834 1667 2866 privilegium
1683 2833 1733 2857 fori
1747 2833 1886 2857 confirmat
1888 2848 2234 2856 ..............

965 2897 1087 2920 Urbanus
1108 2898 1141 2920 IV
1160 2897 1279 2920 concedit
1298 2900 1327 2920 ut
1345 2897 1434 2920 nullus
1454 2896 1480 2920 in
1500 2895 1699 2919 universitatem
1719 2895 1910 2927 mag-istrorum
1929 2897 1955 2918 et
1973 2893 2135 2918 scholarium
2149 2893 2234 2917 Paris.

996 2949 1041 2964 seu
1056 2945 1184 2965 rectorem
1200 2942 1241 2965 vel
1258 2945 1457 2973 procuratorem
1477 2949 1569 2964 eorum
1583 2939 1861 2964 excommunicationis
1877 2938 2034 2963 sententiam
2048 2938 2209 2970 promulget.
2228 2955 2235 2963 .

965 3003 1087 3026 Urbanus
1104 3004 1136 3026 lv
1152 3003 1323 3027 Universitati
1339 3002 1482 3027 Parisiensi
1498 3005 1596 3026 statuta
1611 3011 1626 3025 a
1641 3001 1769 3033 Gregorio
1788 3009 1858 3033 papa
1874 3001 1908 3024 lx
1923 3008 2047 3024 concessa
2061 3000 2209 3024 confirmat.
2228 3017 2235 3024 .

2288 649 2335 673 412

2287 752 2334 776 413

2286 853 2334 878 413

2286 1000 2334 1026 414

2285 1146 2333 1172 414

2285 1250 2333 1275 418

2285 1308 2332 1333 418

2284 1411 2332 1435 418

2284 1558 2332 1582 410

2284 1617 2332 1640 419

2284 1718 2332 1743 419

2282 1956 2330 1979 420

2281 2160 2328 2184 421

2280 2263 2328 2287 422

2280 2467 2327 2492 423

2279 2570 2328 2594 424

2280 2627 2327 2652 425

2279 2775 2327 2798 426

2279 2832 2326 2856 426

2279 2939 2326 2962 427

2279 3001 2325 3024 427
