2580 3528
461 391 527 423 244
1042 395 1360 419 CHARTULARIUM
1396 392 1585 415 UMVEns.
1623 391 1751 413 PARlS.
2235 380 2335 421 [1253

460 488 491 492 —
506 475 534 497 ln
549 474 640 499 eodem
655 473 730 497 Arch.
749 473 826 497 >theou
838 472 879 495 lV.
895 473 922 495 Α.
940 472 978 494 21.
994 471 1019 499 d,
1037 473 1122 493 exstat
1136 470 1207 493 uliud
1222 468 1351 499 originale
1367 469 1435 496 (eum
1452 468 1598 497 fragmento
1614 465 1697 496 sigilli
1712 464 1799 494 cerei),
1816 464 1886 496 quod
1902 463 1991 487 differt
2009 463 2035 487 in
2046 471 2102 494 ,ηομ
2116 464 2210 496 paucis
2225 472 2241 488 a
2255 472 2335 496 prue-

460 519 539 542 cituto
552 526 557 547 ς
576 518 646 541 istud
659 517 782 545 Bulaeus,
796 517 842 544 111,
858 517 911 544 252,
928 524 941 539 e
955 516 1023 538 libro
1039 514 1152 537 nationis
1169 513 1320 537 Gallicanae
1336 512 1460 535 mendose
1476 510 1576 542 publici
1587 509 1655 541 juris
1672 509 1741 537 fecit,
1757 511 1783 532 et
1797 508 1835 532 sic
1850 508 1929 532 etiam
1944 508 2060 532 occurrit
2073 508 2100 532 in
2114 508 2183 532 Bibl.
2202 508 2334 540 Phillipps

461 563 487 586 in
503 562 682 590 Cheltenlmmy
699 570 747 584 ms.
769 562 823 589 876,
847 561 890 584 sol.
912 560 967 584 581².
984 559 1045 582 cod.
1062 559 1118 581 Vat.
1141 559 1203 588 Reg.
1220 558 1274 585 406,
1296 557 1339 579 sol.
1364 558 1401 579 55.
1424 555 1486 578 Cod.
1509 554 1613 577 Archiv.
1636 553 1714 577 Univ.
1735 552 1819 576 Puris.
1840 554 1880 581 911,
1900 561 1927 584 p.
1943 553 1988 581 91;
2005 552 2068 576 cod.
2087 553 2210 582 Hercur„
2226 553 2271 576 fol.
2287 553 2336 576 8:3²·

461 610 487 630 et
502 607 556 630 116.

555 665 576 687 1.
596 663 672 687 Aliud
687 663 755 694 orig.
771 662 844 685 addit
860 670 864 684 :
883 670 894 684 «
912 668 998 684 mense
1022 660 1103 691 Aprili
1127 670 1146 682 ι,
1166 672 1197 675 —
1217 659 1238 681 2.
1261 658 1314 680 1100
1333 657 1452 680 evenisse
1472 656 1498 679 in
1518 655 1738 687 Qundrngesima,
1759 658 1785 678 et
1804 654 1991 678 verisimiliter
2005 655 2032 678 in
2050 654 2183 689 principio
2206 655 2335 690 ejusdem,

461 708 589 732 evincitur
604 716 634 731 ex
649 708 704 731 doc.
722 711 751 730 n⁰
766 708 810 730 2:30
826 706 893 729 infra
910 705 1053 736 publicata.
1069 703 1204 727 Dominica
1218 702 1305 733 primu
1323 700 1548 731 Quadrngesimue
1564 700 1614 723 fuit
1628 701 1643 722 9
1660 699 1758 723 Martii.
1773 713 1804 717 -
1821 701 1843 723 3.
1860 699 1898 723 Al.
1915 707 1953 723 or.
1970 700 2031 723 add.
2049 707 2055 723 z
2074 708 2086 723 (ι
2103 699 2225 731 quamvis
2242 699 2335 724 fuisset

462 753 530 776 sicut
552 752 643 775 debuit
662 755 687 775 et
706 751 792 774 decuit
810 750 910 781 pluries
931 748 1057 780 requisita
1078 756 1098 770 )).
1115 761 1146 764 -
1165 748 1188 770 4.
1206 746 1252 769 Isti
1273 749 1348 769 erant
1362 745 1530 768 Bonushomo
1546 744 1627 772 Brito,
1650 747 1675 767 et
1690 743 1761 768 Elius
1776 743 1884 768 Bruneti
1900 744 1932 768 de
1946 744 2113 776 Brngeriaco.
2130 744 2169 768 Cf.
2185 744 2291 769 Archiv
2310 745 2329 774 Γ.

462 797 632 821 Litteratur-
646 803 675 820 u.
693 795 907 825 Kirchenyesch.
925 795 971 817 des
985 792 1170 819 Mittelalters,
1188 791 1220 818 11,
1234 791 1287 817 204,
1300 794 1338 812 n⁰¹
1351 791 1365 812 Ιι
1381 793 1406 812 et
1421 791 1444 813 5.
1461 789 1498 812 Ad
1510 789 1573 812 haec
1588 790 1622 812 cf.
1638 792 1775 820 praeterea
1791 788 1932 814 Chronica
1946 788 2085 822 Norman.
2100 789 2172 823 apud
2186 788 2333 818 Duchesno,

460 842 534 865 Hist.
550 841 687 865 Norman.
703 840 765 866 SS.
782 848 809 870 p.
825 839 894 865 1009
915 841 940 860 ct
958 837 1023 861 Rec.
1038 837 1084 860 des
1099 835 1161 859 hist.
1177 836 1223 859 des
1239 834 1352 861 Gaules
1368 834 1458 861 XXIII,
1478 833 1532 856 215.
1548 847 1579 850 —
1599 835 1621 856 5.
1639 833 1711 856 Anno
1732 833 1793 856 1248
1813 841 1844 856 ex
1867 833 1965 857 Ordine
1984 833 2116 857 Minorum
2139 833 2333 857 cathedraticis:

462 885 569 910 Parisiis
589 884 638 908 tuit
656 886 687 907 fr.
709 883 865 907 Guillelmus
885 882 916 904 de
937 881 1069 904 Melitonu.
1091 880 1155 903 Erat
1169 879 1255 902 adhuc
1269 887 1312 901 un.
1329 878 1389 901 1256
1409 878 1476 901 inter
1491 877 1575 906 vivos,
1592 881 1620 901 ut
1634 886 1664 901 ex
1685 877 1780 901 litteris
1796 877 1936 902 Alexandri
1951 878 1994 906 lv,
2011 877 2077 902 Julii
2091 878 2122 901 28
2135 877 2254 909 ejusdem
2273 877 2335 902 unni

461 932 579 960 appui-‚et
605 930 636 951 At
657 928 782 951 an.1‘>›3
802 928 833 950 fr.
850 927 1034 949 Bonuventuru
1053 924 1131 947 etiam
1150 923 1237 954 potuit
1260 931 1317 946 esse
1340 922 1467 954 magister
1484 930 1587 953 reg-ensy
1614 931 1674 945 num
1694 922 1846 946 Bel-nardus
1866 922 1898 946 de
1919 922 2001 946 Bessa
2020 922 2139 954 aequalis
2159 922 2224 946 dicit
2242 922 2274 946 de
2293 930 2333 958 eo,

459 973 571 996 triennio
586 972 723 1003 completo,
740 974 843 1002 postqw
838 979 880 993 un
896 973 924 992 ut
939 969 1107 992 bucculureus
1123 968 1257 999 inceperat
1271 968 1367 998 legere,
1384 967 1536 990 cathedram
1554 966 1736 998 magistralem
1751 967 1893 998 recepisse.
1909 967 2025 998 Legebat
2039 970 2128 990 autem
2140 967 2174 990 ab
2188 975 2257 990 anno
2273 967 2334 991 1248

460 1017 485 1039 in
502 1016 676 1040 Universitute
693 1017 734 1044 (cf.
751 1023 832 1046 supra
847 1015 879 1037 nd
898 1018 927 1036 ιιο
942 1014 1006 1042 150).
1022 1012 1092 1036 Nihil
1107 1016 1194 1035 tamen
1210 1011 1274 1034 certi
1289 1011 1393 1034 definiri
1408 1014 1504 1042 potest,
1526 1019 1586 1034 cum
1606 1014 1632 1035 et
1655 1012 1686 1035 fr.
1707 1011 1822 1034 Thomas
1837 1011 2012 1035 Eborucensis
2026 1014 2053 1035 et
2067 1011 2179 1035 forsitan
2193 1011 2274 1035 etiam
2287 1010 2332 1034 alii

458 1061 508 1083 isto
531 1064 646 1091 tempore
666 1058 835 1082 cathedratici
859 1058 942 1081 Paris.
961 1066 1017 1080 esse
1032 1056 1174 1088 potuerint.
1195 1070 1226 1073 ——
1243 1058 1266 1079 6.
1283 1056 1341 1079 Om.
1357 1056 1391 1079 ul.
1407 1055 1547 1087 originale.
1563 1070 1593 1072 >—
1608 1057 1630 1079 7.
1647 1056 1686 1079 Cf.
1703 1059 1831 1079 statutum
1846 1056 1953 1080 Roberti
1969 1064 2051 1087 supra
2066 1060 2095 1079 ιιΩ
2113 1057 2151 1079 20.
2166 1069 2198 1074 -
2210 1056 2234 1081 8.
2249 1056 2280 1080 ld
2293 1059 2337 1088 eat·

460 1114 471 1127 «
485 1105 544 1135 paci
561 1112 582 1132 )),
606 1107 634 1127 ut
649 1104 674 1126 in
695 1104 729 1126 nl.
749 1111 787 1126 or.
802 1117 832 1119 —
846 1104 869 1125 9.
889 1103 927 1125 Al.
944 1110 981 1124 or.
1005 1110 1055 1124 om.
1074 1110 1085 1124 «
1101 1101 1280 1124 ordinationes
1336 1109 1382 1123 nec
1402 1108 1453 1123 non
1473 1103 1500 1123 et
1518 1109 1542 1124 ι).
1557 1114 1586 1118 —
1602 1100 1639 1123 10.
1652 1101 1691 1124 ΑΙ.
1707 1108 1745 1124 or.
1764 1109 1775 1123 «
1792 1100 1861 1124 bonu
1876 1100 1927 1124 fide
1947 1108 1969 1124 ι).
1986 1113 2012 1119 -·
2030 1101 2068 1124 11.
2086 1101 2126 1124 Al.
2141 1108 2181 1124 or.
2198 1108 2211 1124 α
2225 1099 2332 1132 obligu-

457 1149 572 1172 tionibus
588 1156 611 1171 n.
626 1161 656 1165 ——
672 1148 710 1170 12.
729 1156 740 1170 «
751 1147 885 1170 Dictnrum
937 1145 1132 1169 ordinationum
1147 1145 1349 1176 privilegiorum
1365 1148 1516 1168 nostrorum
1529 1153 1550 1172 η,
1567 1145 1602 1168 nl.
1618 1153 1657 1168 or.
1667 1159 1699 1162 —
1710 1145 1747 1168 13.
1768 1145 1807 1168 Al.
1822 1153 1862 1168 or.
1879 1153 1891 1167 (ι
1905 1145 1997 1168 Actum
2012 1148 2053 1168 est
2061 1145 2111 1168 hoc
2121 1147 2250 1168 statutum
2264 1152 2333 1168 anno

457 1196 583 1216 otmense
598 1191 734 1223 predictis.
750 1192 794 1214 Set
813 1194 922 1222 propter
944 1190 1104 1213 additionem
1125 1189 1243 1212 clausule
1262 1189 1293 1212 de
1313 1189 1423 1212 emenda
1446 1189 1599 1220 supradicta
1618 1197 1666 1220 per
1690 1193 1863 1212 memoratum
1883 1189 2006 1212 comitem
2026 1189 2160 1221 posterius
2180 1190 2258 1216 sactu,
2283 1197 2333 1221 que

456 1237 572 1260 nondum
594 1236 709 1259 exhibita
729 1239 794 1262 ernt,
818 1235 922 1266 quando
948 1234 1047 1257 editum
1070 1237 1110 1257 cst
1129 1234 1177 1256 hoc
1204 1236 1340 1261 statutum,
1367 1233 1514 1264 sigillatum
1540 1233 1590 1257 suit
1614 1237 1705 1265 postea
1727 1242 1787 1256 cum
1807 1233 1942 1257 additione
1965 1234 2084 1265 ejusdem
2103 1233 2223 1258 clausule
2244 1241 2334 1257 menne

457 1281 603 1312 Septembri
619 1288 687 1303 anno
702 1280 855 1311 supradicto
872 1288 892 1302 n.
909 1279 972 1302 Cod.
986 1279 1043 1301 Vnt.
1058 1282 1082 1301 et
1098 1278 1230 1309 Phillipps
1246 1277 1360 1301 offerunt
1376 1287 1387 1301 (ι
1403 1278 1612 1301 emendationem
1629 1286 1640 1301 »
1656 1278 1714 1301 loco
1731 1287 1742 1301 «
1759 1278 1920 1301 additionem
1938 1286 1958 1302 ι),

457 1442 568 1479 220.
591 1451 754 1487 Alplconsus
779 1460 869 1477 conces
894 1451 1081 1476 pectaviensis
1106 1454 1133 1476 et
1161 1450 1318 1476 Tolosanas
1344 1450 1482 1476 universis
1505 1450 1683 1486 praepositis
1707 1459 1760 1486 pro
1786 1454 1910 1486 tempor-e
1937 1450 1965 1475 in
1997 1449 2121 1486 Rupella
2150 1449 2271 1475 mandat
2302 1453 2332 1475 ut

545 1501 716 1526 monasterio
733 1502 759 1526 S.
778 1500 920 1526 Ber-nardi
934 1500 1027 1525 Paris.
1042 1499 1165 1534 singulis
1181 1500 1266 1525 annis
1282 1503 1361 1525 certa
1375 1507 1487 1524 summa
1502 1498 1638 1525 solvatur.

1782 1549 1859 1578 1²53,
1874 1548 1936 1574 unii
1947 1549 1972 1574 3.

545 1619 720 1652 Alsonsus
754 1619 907 1652 illustris
938 1619 1037 1664 regis
1072 1619 1221 1652 Francie
1256 1618 1354 1652 filius
1388 1631 1511 1652 comes
1546 1619 1779 1664 Pyctavensis
1813 1625 1849 1652 et
1881 1618 2113 1651 Tholosanus
2147 1617 2331 1652 universis

457 1686 665 1731 prepositis.
698 1686 758 1730 qui
790 1698 854 1730 pro
886 1693 1047 1730 tempore
1082 1686 1218 1718 suerint
1251 1686 1287 1718 in
1318 1685 1508 1731 Ruppella,
1539 1685 1706 1719 salutem.
1743 1686 1835 1720 Cum
1865 1697 1933 1718 nos
1962 1697 2027 1730 pro
2062 1684 2178 1718 salute
2212 1678 2333 1718 anime

457 1759 593 1790 nostre,
620 1753 744 1797 patris,
772 1753 906 1793 matris.
933 1759 1206 1785 antecessorum
1234 1759 1269 1785 et
1295 1761 1551 1785 successorum
1579 1759 1787 1785 nostrorum
1816 1751 2081 1785 contulerimus
2108 1751 2329 1785 monasterio

456 1819 555 1852 Beati
576 1819 749 1852 Bcrnardi
772 1819 900 1855 Paris..
922 1820 1027 1863 cujus
1052 1819 1242 1852 existimus
1263 1819 1488 1860 fundatores,
1515 1819 1558 1852 ad
1585 1819 1888 1852 sustentationem
1908 1817 2167 1851 monachorum
2193 1817 2329 1850 ibidem

457 1887 532 1918 Deo
565 1885 847 1919 deservientium
884 1892 1027 1918 eentum
1064 1892 1099 1918 et
1132 1892 1286 1930 quatuor
1319 1885 1433 1919 libras
1473 1886 1644 1931 parisien.
1682 1885 1792 1918 annui
1827 1885 1993 1918 redditus
2027 1884 2064 1917 in
2098 1883 2333 1929 prepositura

457 1952 501 1984 de
536 1951 710 1996 Ruppella
745 1964 761 1984 a
797 1952 982 1997 preposito
1018 1952 1181 1996 ejusdem
1217 1952 1303 1985 ville
1338 1952 1395 1985 vel
1434 1953 1513 1997 ejus
1552 1952 1720 1986 mandato
1759 1951 1864 1985 annis
1903 1951 2060 1996 singulis
2099 1951 2136 1983 in
2170 1950 2334 1984 crastino

458 2017 638 2050 dominice
669 2018 907 2051 Ascensionis
941 2018 1035 2063 apud
1067 2018 1279 2063 Ruppellam
1311 2019 1565 2064 percipiendas
1588 2030 1595 2051 :
1618 2017 1800 2058 volumus,
1833 2018 2044 2051 mandamus
2074 2023 2110 2050 et
2138 2016 2208 2050 sub
2237 2028 2328 2062 pena

458 2084 594 2116 offense
630 2090 752 2117 nostre
787 2084 949 2117 districte
984 2085 1219 2130 precipimus,
1255 2085 1425 2130 quatinus
1459 2092 1558 2118 certo
1594 2085 1728 2118 nuncio
1763 2084 1819 2118 vel
1854 2082 2260 2130 procuratori'abbatis
2294 2086 2334 2116 et'

457 2161 658 2187 conventus
701 2154 981 2188 Clarevallensis
1026 2156 1120 2188 dicte
1166 2162 1310 2189 centum
1356 2163 1391 2189 et
1433 2163 1588 2201 quatuor
1630 2155 1723 2189 libre
1770 2155 1940 2200 parisien.
1987 2154 2124 2200 prefato
2173 2150 2335 2188 termino'

457 2221 560 2253 annis
590 2221 746 2266 singulis
777 2222 855 2254 sine
890 2222 1063 2255 dilatione
1093 2222 1211 2267 aliqua
1249 2229 1284 2255 et
1319 2223 1606 2256 contradictione
1642 2234 1706 2268 per
1739 2234 1806 2255 vos
1839 2222 1897 2255 vel
1928 2221 2132 2254 mandatum
2166 2227 2326 2254 vestrum

457 2299 529 2319 non
573 2294 758 2332 expectato
798 2294 922 2321 nostro
966 2288 1022 2321 vel
1066 2288 1239 2322 heredum
1285 2297 1492 2323 nostrorum
1538 2289 1703 2322 ulteriori
1747 2289 1915 2322 mandato
1958 2288 2066 2333 plene
2109 2294 2144 2320 et
2184 2284 2335 2332 integre'

458 2353 655 2395 solvantur,
690 2354 867 2395 volentes,
904 2361 1103 2388 statuentes
1138 2362 1174 2388 et
1207 2355 1358 2389 firmiter
1388 2356 1646 2401 precipientes,
1682 2356 1779 2401 quod
1814 2355 1885 2388 nisi
1920 2354 2129 2400 prepositus
2163 2350 2332 2406 ejusdel‘m'

457 2419 541 2452 ville
571 2433 632 2464 pro
662 2427 822 2465 tempore
853 2422 1013 2454 existens
1041 2433 1106 2454 seu
1134 2423 1338 2456 mandatum
1368 2423 1485 2468 ipsius
1515 2423 1607 2456 dicta
1639 2423 1698 2456 ‹lie
1729 2421 1949 2456 solutionem
1977 2421 2153 2454 dictarum
2183 2425 2346 2454 centum⁴

459 2492 494 2518 et
521 2493 674 2530 quatuor
703 2486 874 2519 librarum
908 2488 1077 2532 parisien.
1109 2489 1270 2533 plenarie
1298 2490 1438 2527 fecerit,
1470 2490 1564 2523 idem
1594 2489 1803 2535 prepositus
1830 2488 1888 2522 vel
1918 2489 1997 2533 ejus
2026 2487 2232 2521 mandatum
2262 2482 2335 2532 pro

460 2551 619 2595 qualibet
645 2552 702 2584 die
724 2553 831 2585 dilate
859 2553 1053 2587 solutionis
1081 2555 1177 2588 dicto
1202 2556 1336 2588 nuncio
1362 2556 1419 2589 vel
1446 2556 1672 2601 procuratori
1697 2556 1875 2589 dictorum
1902 2554 2042 2587 abbatis
2068 2560 2104 2587 et
2127 2554 2332 2587 conventus*

461 2616 740 2651 Clarevallensis
762 2619 921 2663 quinque
943 2620 1083 2653 solidos
1104 2622 1275 2665 parisien.
1299 2623 1445 2655 nomine
1468 2635 1560 2668 pene
1581 2629 1617 2656 et
1637 2623 1742 2656 etiam
1765 2633 2005 2667 expensarum
2025 2618 2331 2653 irremissibiliter

462 2683 603 2716 solvere
630 2690 802 2716 teneatur.
831 2686 871 2717 In
896 2687 998 2730 cujus
1026 2687 1076 2719 rei
1104 2687 1216 2720 robur
1242 2695 1277 2721 et
1302 2689 1548 2722 testimonium
1574 2689 1714 2723 litteras
1739 2694 1930 2734 presentes
1955 2685 2124 2720 dedimus
2149 2683 2334 2731 patentes(

461 2749 588 2782 Actum
610 2762 702 2781 anno
725 2751 865 2782 Domini
895 2751 1087 2785 millesimo
1114 2754 1364 2787 ducentesimo
1390 2756 1694 2801 quinquagesimo
1720 2755 1846 2796 tercio,
1874 2754 1932 2787 die
1959 2737 2185 2787 inventionis
2205 2752 2327 2785 sancte
2352 2749 2354 2761 ³

462 2815 602 2849 Crucis.

555 2886 689 2917 Originale
704 2886 728 2909 in
745 2887 819 2909 Arch.
837 2888 938 2918 depnrt.
955 2888 985 2911 de
1001 2889 1091 2912 l‘Aube
1107 2890 1233 2921 (Troyes),
1250 2892 1365 2921 3fls157.
1381 2892 1458 2916 Deest
1473 2893 1600 2924 sigillum.
1620 2894 1730 2917 Exstant
1744 2893 1841 2916 ibidem
1858 2893 1883 2916 in
1904 2892 1995 2915 endem
2010 2891 2086 2915 theca
2106 2890 2159 2914 alia
2173 2890 2328 2914 documenta

461 2938 589 2953 annorum
605 2930 665 2953 1254
679 2933 705 2953 et
719 2931 881 2961 sequentium
898 2932 1050 2955 donationes
1064 2933 1147 2956 eidem
1163 2935 1301 2958 conventui
1318 2944 1331 2958 ιι
1347 2936 1459 2959 (liversis
1477 2938 1558 2960 snrtns
1573 2937 1754 2961 continentius
1945 2946 1948 2947 ⁷
1973 2943 1977 2947 '
2111 2944 2114 2946 ⁷
2159 2940 2161 2946 '
