2580 3528
234 404 331 446 1278]
573 414 620 436 AB
653 413 759 436 auno
793 412 871 436 uec
904 413 1037 442 usqua
1071 414 1120 436 Αι)
1154 413 1383 436 PutLIPPUM
1419 412 1459 435 iv
1493 414 1582 436 nec.
1619 414 1757 436 ranzo.
2039 405 2104 438 567

231 499 344 534 super
373 492 504 522 statum
533 486 697 529 fratrum,
728 487 791 532 qui
820 487 858 520 in
887 486 1097 520 scandalum
1123 486 1274 520 Ordinis
1301 485 1537 520 detraxerunt
1565 487 1712 532 scriptis
1741 487 1962 520 venerabilis
1993 489 2104 533 patris

231 554 352 589 fratris
376 553 515 588 'rhome
549 553 595 587 de
623 554 783 599 Aquino,
809 553 945 599 quibus
975 565 1018 587 ex
1047 565 1144 587 nunc
1174 553 1318 600 plenam
1353 553 1481 587 damus
1511 554 1760 587 auctoritatem
1790 554 1828 586 in
1858 554 1974 599 capite
2004 561 2039 587 et
2068 555 2105 587 in

232 620 425 660 membris;
456 632 549 666 quos
583 620 786 666 culpabiles
814 621 1023 654 invenerint
1050 620 1088 654 in
1120 620 1295 666 predictis
1326 620 1517 666 puniendi,
1549 626 1647 653 extra
1675 620 1897 665 provinciam
1940 620 2105 653 mittendi

232 693 269 721 et
289 687 387 721 omni
416 686 535 720 officio
566 686 731 733 privandi
760 687 903 733 plenam
934 686 1090 721 habeant
1118 693 1335 732 potestatem
1347 687 1371 719 ⁸.
1403 686 1510 730 Quod
1539 687 1571 720 si
1600 698 1696 720 unus
1726 698 1852 719 eorum
1882 686 1992 719 suerit
2020 698 2106 719 casu

192 759 204 770 ’
232 753 354 800 aliquo
392 753 582 800 legiptime
621 754 832 800 impeditus,
871 753 963 787 alter
999 765 1126 787 eorum
1159 753 1422 787 nichilominus
1460 760 1671 799 exequatur.
1710 752 1854 796 Quibus
1893 753 2036 798 priores
2070 753 2107 785 in

233 820 344 855 sociis
369 820 674 866 competentibus,
701 833 794 866 quos
818 821 890 867 ipsi
925 821 970 854 ad
1006 819 1075 854 hoc
1107 820 1273 866 ydoneos
1297 820 1554 866 judicaverint,
1590 826 1782 854 teneantur
1815 819 2108 865 quandocunque

233 887 400 934 requisiti
424 887 561 921 fuerint
583 887 790 933 providere.

325 986 388 1010 Mn.
405 986 479 1011 Rom.
494 989 520 1010 et
534 986 675 1010 Rutenent.
690 986 775 1018 Capp.
791 986 907 1018 general.
924 985 987 1010 ord.
1004 986 1097 1010 Praed.
1113 999 1145 1004 —
1158 986 1283 1015 martene,
1303 985 1382 1010 Thes.
1397 992 1461 1011 nov.
1475 987 1584 1014 anecd..
1601 986 1643 1015 lv,
1662 985 1731 1014 1739,
1747 990 1777 1008 11⁰
1792 986 1830 1009 1⁹.

327 1071 351 1096 1.
367 1069 480 1095 Juniori.
500 1070 564 1094 Vide
578 1070 610 1094 de
628 1069 688 1102 ipso
707 1070 814 1098 Daunia,
834 1071 885 1096 Les
901 1071 992 1101 meres
1009 1070 1168 1095 Precheurs
1186 1077 1222 1095 en
1242 1070 1388 1102 Gascoane
1406 1077 1448 1095 au
1462 1069 1550 1095 X111⁰
1564 1073 1590 1094 et
1602 1076 1643 1094 au
1660 1069 1707 1094 XI
1710 1069 1742 1091 V⁶
1755 1069 1843 1098 siecle.
1860 1078 1886 1102 p.
1903 1070 1959 1094 1177.
1974 1083 2006 1088 —
2020 1070 2042 1093 2.
2069 1069 2110 1094 Cf.

233 1114 340 1143 nonnis,
355 1115 372 1139 l.
389 1123 422 1143 c.,
437 1123 466 1148 p.
479 1115 524 1139 441
540 1123 580 1146 sq.
595 1128 627 1133 —
641 1115 665 1139 ³.
681 1114 746 1138 Vide
759 1114 874 1138 similem
888 1114 1091 1143 ordinationem.
1108 1114 1154 1138 sed
1169 1115 1330 1146 generalem,
1347 1114 1463 1147 Capituli
1483 1114 1615 1146 generalis
1635 1113 1746 1138 Parisiis
1761 1122 1830 1137 anno
1850 1113 1968 1146 sequenti
1984 1113 2109 1137 celebrati

232 1159 304 1191 apud
318 1159 444 1189 Hancne,
458 1167 485 1191 p.
502 1159 572 1188 1797,
587 1163 618 1183 n⁰
632 1159 671 1183 17.
685 1159 715 1183 In
732 1159 827 1191 Angtia
844 1158 973 1184 Ruborem
991 1158 1155 1191 Kilwardby,
1171 1159 1202 1183 0.
1221 1159 1260 1187 Ρ.,
1278 1159 1496 1191 archiepiscopus
1514 1158 1721 1187 Cantunriensis,
1740 1158 1859 1182 intensus
1876 1161 1933 1182 erat
1949 1158 2109 1190 quibusdam

233 1203 403 1236 opinionibus
424 1203 541 1228 'rhomae
563 1204 595 1227 ds
616 1203 718 1236 Aquino
737 1205 780 1234 (cf.
798 1211 881 1236 supra
901 1208 932 1227 n⁰
948 1205 1014 1234 1174),
1033 1212 1174 1236 secumque
1191 1204 1273 1228 traxit
1293 1204 1423 1236 quosdam
1440 1212 1471 1228 ex
1488 1212 1541 1227 suov
1551 1203 1657 1228 Ordine.
1677 1203 1762 1227 Minus
1782 1206 1870 1228 tamen
1888 1205 1983 1227 fratres
2001 1203 2108 1227 Praedi-

232 1251 344 1276 cotom,
362 1256 442 1280 quam
458 1248 548 1280 potius
566 1249 660 1272 fratres
678 1248 791 1272 Minores
809 1248 836 1271 in
853 1248 947 1280 Anglia
964 1248 1111 1272 doctrinam
1129 1247 1246 1272 'rhomae
1263 1247 1463 1280 oppugnabant.
1482 1247 1522 1272 Cf.
1541 1248 1610 1272 int'ra
1627 1248 1661 1271 n¹=
1678 1248 1732 1276 517,
1751 1248 1805 1276 51⁸,
1824 1249 1880 1272 523.

230 1414 346 1453 482.
368 1423 496 1451 Litterae
508 1423 639 1460 Philippi
653 1424 706 1459 ΙΙΙ,
723 1424 799 1459 regis
818 1424 1001 1457 Francorum,
1019 1423 1124 1460 quibus
1144 1423 1233 1450 edicit
1247 1427 1279 1450 ut
1293 1423 1334 1450 ad
1353 1423 1530 1461 expiandam
1549 1423 1671 1450 duorum
1685 1424 1861 1450 scholarium
1883 1424 2109 1459 intersectionem

321 1473 416 1501 abbae
437 1477 465 1500 et
484 1476 634 1500 convontus
655 1474 682 1500 S.
707 1473 841 1500 Germani
859 1472 897 1499 de
910 1473 1010 1500 Pratis
1032 1472 1108 1499 duas
1129 1472 1314 1510 capellanias
1333 1473 1498 1508 instituant,
1521 1476 1549 1500 et
1568 1477 1719 1509 utramque
1740 1472 1838 1499 dotent
1859 1473 1895 1499 de
1915 1473 2014 1508 viginti
2028 1473 2111 1500 libris

319 1521 482 1560 parisiens„
493 1522 584 1548 annui
598 1525 627 1549 et
635 1522 772 1559 perpetui
785 1521 926 1548 redditus.

962 1561 964 1565 '
1313 1558 1387 1588 1218,
1402 1565 1492 1585 menso
1506 1558 1580 1588 ιΙιιΙὶο,
1595 1558 1665 1591 apud
1675 1558 1823 1585 ΡίεεΙαι-υω.

322 1627 513 1675 Philippus
538 1628 605 1662 Dei
629 1628 742 1674 gratia
769 1629 991 1662 Francorum
1015 1632 1090 1662 rex.
1117 1629 1249 1662 Notum
1271 1627 1424 1679 faci-mus
1447 1628 1631 1662 universis
1654 1634 1724 1662 tam
1748 1627 1982 1674 presentibus
2005 1639 2110 1674 quam

233 1693 379 1737 suturis,
405 1694 504 1741 quod
528 1694 630 1741 gravi
654 1694 698 1729 ad
728 1706 796 1729 nos
822 1707 865 1729 ex
899 1701 1000 1741 parte
1025 1695 1284 1742 magistrorum
1316 1701 1352 1729 et
1380 1694 1575 1729 scolarium
1606 1695 1865 1729 Universitatis
1892 1695 2111 1728 Parisiensis

233 1761 499 1809 conquestione
529 1761 659 1804 delata,
684 1762 783 1807 quod
808 1761 996 1796 monachis
1027 1760 1241 1796 monasterii
1271 1761 1391 1796 Sancti
1421 1762 1595 1796 Germani
1624 1761 1670 1795 de
1700 1762 1816 1795 Pratis
1845 1762 1958 1795 Paris.
1986 1773 2112 1795 muros

234 1839 300 1863 seu
334 1827 476 1862 edificia
505 1840 576 1874 que
605 1829 769 1862 construi
804 1828 987 1863 faciebant
1020 1828 1328 1875 protendentibus
1357 1829 1394 1862 in
1423 1829 1542 1863 vicum
1574 1841 1646 1874 quo
1674 1828 1746 1862 itur
1776 1828 1820 1862 ad
1851 1835 1990 1874 pratum
2022 1828 2112 1862 Uni-

234 1894 416 1930 versitatis
441 1895 551 1928 situm
576 1894 708 1929 subtus
732 1894 911 1929 abbatiam
931 1896 1097 1942 ipsorum
1117 1895 1378 1930 monachorum
1400 1895 1437 1928 in
1458 1895 1700 1941 prejudicium
1722 1895 1817 1928 dicte
1840 1895 2110 1937 Universitatis,

234 1973 275 1996 ac
294 1956 601 1996 denuncian'tibus
621 1973 687 1996 seu
708 1961 960 1996 inhibentibus
979 1962 1068 2004 illis,
1089 1962 1151 2008 qui
1172 1962 1216 1996 ad
1236 1961 1304 1996 hoc
1325 1973 1369 1995 ex
1391 1968 1491 2008 parte
1517 1962 1774 1995 Universitatis
1801 1962 1902 1995 missi
1925 1968 2040 2002 erant,
2066 1973 2111 1995 ne

234 2027 390 2062 ulterius
426 2027 595 2062 monachi
634 2028 846 2062 edificarent
883 2029 922 2062 in
956 2028 1039 2062 loco
1074 2028 1238 2074 predicto
1272 2040 1280 2062 ε
1315 2028 1484 2062 homines
1518 2028 1563 2061 de
1597 2028 1682 2062 villa
1717 2029 1837 2062 Sancti
1872 2029 2045 2062 Germani
2077 2035 2111 2062 et

236 2094 382 2141 quidam
407 2095 612 2129 servientes
636 2107 710 2129 non
733 2095 873 2142 absque
901 2107 1088 2130 consensu
1116 2095 1271 2130 Gerardi
1299 2095 1441 2130 abbatis
1468 2101 1504 2129 et
1531 2095 1770 2141 quorumdam
1802 2095 1838 2128 in
1864 2095 1960 2129 dicto
1994 2107 2112 2128 mona-

237 2161 350 2196 sterio
376 2161 725 2199 administrationem
758 2162 983 2206 habentium,
1011 2162 1135 2196 banno
1164 2163 1408 2210 preconizato,
1438 2174 1519 2196 cum
1550 2162 1660 2195 armis
1690 2168 1866 2195 excuntes
1896 2162 1941 2195 de
1971 2161 2112 2195 abbatia

238 2228 420 2262 irruerant
445 2228 589 2262 fortiter
613 2229 652 2262 in
677 2229 954 2271 denunciantes,
976 2236 1013 2264 ut
1044 2214 1180 2264 dictum
1203 2235 1282 2271 est,
1299 2241 1343 2263 ex
1370 2235 1470 2275 parte
1491 2229 1747 2264 Universitatis
1773 2235 1809 2262 et
1832 2228 2008 2273 quosdam
2031 2240 2112 2262 sco-

237 2294 332 2328 lares
355 2301 424 2329 tam
449 2295 664 2330 assistentes
689 2295 841 2338 eisdem,
863 2308 971 2342 quam
995 2296 1058 2342 qui
1082 2296 1127 2331 ad
1152 2295 1381 2342 spatiandum
1407 2296 1582 2337 exierant,
1603 2307 1642 2328 ac
1669 2307 1733 2328 eos
1758 2307 1875 2340 usque
1900 2295 1942 2328 ad
1971 2301 2110 2340 pratum

239 2373 424 2395 murorum
454 2361 540 2395 ville
574 2362 792 2403 Parisiensis
826 2369 863 2396 et
896 2374 960 2408 per
991 2374 1138 2408 campos
1170 2363 1408 2408 insequentes
1441 2374 1523 2395 cum
1558 2361 1716 2395 clamore
1743 2361 1791 2396 ad
1823 2367 1972 2396 mortem
2005 2361 2113 2396 cleri-

238 2438 360 2462 corum
385 2427 510 2474 plures
537 2439 581 2462 ex
606 2428 697 2474 ipsis
725 2428 929 2462 scolaribus
956 2429 1106 2462 omnino
1134 2428 1350 2462 innocentes
1375 2427 1531 2461 letaliter
1555 2427 1847 2467 vulneraverant,
1873 2434 1909 2461 et
1935 2427 2112 2473 quosdam

240 2494 506 2536 mutilaverant,
545 2505 584 2528 ac
619 2482 819 2529 nonnullos
854 2488 997 2529 eorum*
1019 2495 1173 2541 turpiter
1206 2494 1499 2536 verberaverant,
1535 2501 1571 2528 et
1604 2494 1772 2529 extractis
1807 2494 1940 2540 gladiis
1975 2494 2111 2528 dictum

240 2571 327 2607 sepe
348 2567 556 2607 repetentes
578 2555 760 2595 rumorem
776 2556 958 2608 fugarant,
982 2572 1027 2595 ex
1054 2561 1189 2607 quibus
1208 2561 1409 2595 vulneratis
1429 2561 1502 2594 duo
1529 2560 1690 2594 scolares
1712 2560 1756 2594 ad
1782 2561 1916 2603 minus,
1942 2560 2114 2595 videlicet

239 2627 428 2662 Ger-ardus
463 2627 509 2662 de
539 2627 629 2662 Dola
660 2634 698 2662 et
727 2628 825 2662 filius
851 2628 948 2662 Petri
975 2627 1143 2674 sigillarii
1177 2640 1221 2662 ex
1253 2628 1332 2674 ipsa
1363 2627 1616 2662 vulneratione
1643 2628 1874 2674 postmodum
1905 2627 2113 2669 obierunss,

239 2704 280 2728 ac
300 2693 510 2740 petentibus
530 2688 639 2729 dictis
657 2695 842 2741 magistris
862 2701 899 2729 et
918 2694 1136 2736 scolaribus,
1158 2694 1257 2740 quod
1278 2705 1347 2728 nos
1367 2693 1433 2727 hec
1454 2692 1589 2736 omnia,
1606 2700 1720 2740 prout
1738 2693 1784 2728 ad
1805 2705 1873 2728 nos
1895 2693 2112 2740 pertinebat,

241 2759 312 2794 sibi
341 2767 591 2808 competenter
619 2761 804 2795 emendari
834 2762 1036 2795 faceremus
1068 2773 1075 2795 :
1112 2773 1180 2795 nos
1215 2773 1326 2807 super
1359 2761 1550 2807 premissis
1578 2760 1765 2795 veritatem
1795 2761 1931 2806 inquiri
1961 2761 2113 2794 fecimus

241 2826 450 2873 diligenter.
472 2829 516 2862 Et
533 2828 610 2863 visa
630 2828 798 2875 inquesta
818 2828 903 2863 inde
923 2829 1012 2863 sacta
1033 2840 1145 2875 super
1165 2827 1222 2862 his
1243 2827 1479 2862 diffinivimus
1503 2839 1569 2860 seu
1594 2827 1858 2869 ordinavimus,
1879 2827 2049 2873 quatinus
2070 2826 2113 2860 ad

242 2905 311 2927 nos
330 2893 528 2940 spectabat,
550 2894 588 2928 in
608 2894 755 2929 modum
776 2895 837 2941 qui
858 2895 1038 2941 sequitur,
1064 2893 1235 2929 videlicet
1253 2894 1353 2940 quod
1372 2893 1484 2928 abbas
1509 2900 1546 2928 et
1568 2900 1771 2927 conventus
1797 2893 1917 2927 Sancti
1942 2892 2112 2927 Germani

243 2959 288 2994 de
326 2960 441 2995 Pratis
473 2960 564 2995 duas
597 2961 815 3008 capellanias
846 2969 1040 3008 perpetuas
1074 2961 1266 2995 instituent
1300 2973 1364 3007 pro
1399 2960 1507 2994 dictis
1541 2959 1686 2994 duobus
1720 2960 1864 2994 clericis
1900 2958 2112 2999 intersectis,
