2580 3528
285 431 382 472 1229]
627 441 674 463 AB
708 441 814 463 Anno
848 441 926 463 mcc
960 441 1093 470 usqua
1128 441 1177 463 Αι)
1212 441 1443 463 panarum
1479 442 1520 463 iv
1554 442 1642 464 aso.
1680 442 1817 464 raANc.
2101 434 2161 466 121

283 514 374 548 laico
404 515 572 560 injuriam
602 514 682 547 fieri
709 514 854 556 viderit,
887 526 998 560 super
1032 526 1076 547 eo
1107 515 1355 548 testimonium
1385 514 1594 560 perhibebit
1621 515 1780 557 veritati;
1812 528 1878 549 nec
1908 528 1947 549 se
1976 516 2165 550 subtrahet

281 581 414 626 aliquis
440 593 485 614 ne
510 581 642 615 videat.
670 581 765 617 Etsi
785 581 982 627 contigerit
1006 581 1105 626 quod
1129 581 1262 627 aliquis
1286 581 1394 614 alicui
1415 581 1548 615 scolari
1568 581 1612 614 ab
1633 581 1755 627 aliquo
1777 582 1868 615 laico
1890 583 2057 627 injuriam
2084 583 2163 616 fieri

281 647 427 689 viderit,
454 648 486 681 si
513 647 666 681 scolaris
693 648 846 681 maxime
872 648 982 681 armis
1010 648 1245 694 percutiatur,
1272 655 1333 681 aut
1356 649 1465 690 fuste,
1487 655 1548 681 aut
1572 648 1706 694 lapide,
1729 661 1857 682 omnes
1878 648 1958 682 laici
1981 650 2042 694 qui
2063 649 2164 683 vidc-

282 714 355 748 rint
386 714 480 748 hona
510 714 582 748 fide
611 714 924 760 comprehendent
957 714 1224 748 malefactorem
1259 714 1362 748 illum
1396 714 1455 748 vel
1489 714 1740 748 malefactores
1775 722 1811 748 et
1844 715 1987 749 tradent
2015 716 2164 761 justicie

282 788 421 823 nostre,
446 793 514 815 nec
539 793 578 815 se
605 781 819 815 subtrahent
838 794 884 815 ne
904 781 1052 815 videant
1070 781 1129 815 vel
1149 781 1462 827 comprehendant
1481 781 1539 815 vel
1560 782 1809 815 testimonium
1835 782 2051 828 perhibeant
2069 783 2165 816 veri—

282 848 356 882 tati.
387 848 470 882 Sive
496 855 615 882 autem
643 848 852 882 malefactor
877 855 1003 894 captus
1031 849 1078 882 sit
1105 860 1217 894 super
1244 849 1363 894 ipsum
1390 848 1632 890 malefactum,
1659 849 1736 882 sive
1762 861 1849 891 non,
1876 861 1943 882 nos
1965 849 2163 895 legitimam

281 914 555 960 inquisitionem
585 915 760 948 faciemus
787 915 864 949 sive
892 927 958 961 per
976 915 1145 957 clericos,
1169 915 1246 949 sive
1272 927 1338 961 per
1362 915 1487 957 laicos,
1511 915 1588 949 sive
1610 927 1675 961 per
1696 927 1945 961 quascumque
1966 928 2160 962 personas:

280 987 316 1014 et
336 982 546 1027 prepositus
570 988 697 1015 noster
721 988 757 1015 et
778 982 927 1027 justicie
955 989 1080 1016 nostre
1107 982 1203 1015 idem
1232 982 1376 1015 sacient.
1404 983 1448 1015 Et
1472 982 1502 1015 si
1528 982 1738 1028 intelligere
1759 983 1961 1028 poterimus
1987 995 2052 1029 per
2072 983 2164 1029 legi-

281 1048 402 1082 timam
430 1048 727 1094 inquisitionem,
761 1049 819 1083 vel
843 1049 993 1094 justicie
1024 1056 1148 1082 nostre
1184 1049 1392 1094 intelligere
1422 1049 1622 1094 potuerint,
1656 1049 1755 1094 quod
1783 1049 1845 1082 ille
1875 1050 1934 1082 cui
1964 1049 2164 1095 imponitur

280 1115 406 1149 fecerit
430 1115 522 1149 illud
546 1115 783 1158 forisfactum,
813 1116 932 1150 statim
958 1116 1044 1150 inde
1071 1116 1245 1150 faciemus
1266 1116 1450 1161 justiciam
1476 1115 1534 1149 vel
1549 1116 1699 1161 justicie
1726 1122 1850 1150 nostre
1876 1116 2009 1150 sacient
2033 1129 2165 1150 secun-

280 1181 366 1215 dum
393 1182 541 1216 modum
571 1183 759 1225 forisfacti,
786 1195 860 1216 non
885 1182 1052 1216 obstante
1080 1195 1137 1225 eo,
1164 1183 1262 1228 quod
1289 1183 1498 1217 malefactor
1523 1183 1655 1216 sactum
1681 1182 1831 1229 negabit
1854 1183 1912 1216 vel
1940 1183 2038 1229 quod
2068 1184 2166 1217 dicet

279 1260 320 1282 se
349 1260 432 1283 esse
461 1255 624 1295 paratum
653 1249 864 1283 deffendere
890 1262 955 1295 per
980 1249 1280 1292 monomachiam,
1306 1249 1364 1283 vel
1390 1262 1548 1295 purgare
1574 1261 1639 1295 per
1661 1250 1841 1295 judicium
1867 1262 1972 1295 aque.
1995 1251 2164 1284 Preterea

280 1316 489 1361 prepositus
510 1322 636 1350 noster
659 1315 718 1350 vel
736 1317 886 1362 justicie
911 1323 1036 1350 nostre
1057 1329 1124 1362 pro
1144 1316 1246 1350 nullo
1272 1316 1458 1350 forisfacto
1479 1316 1516 1349 in
1542 1316 1719 1350 scolarem
1746 1329 1891 1350 manum
1919 1317 2072 1359 mittent,
2096 1330 2163 1351 nec

279 1382 317 1415 in
343 1382 548 1428 captionem
575 1389 735 1416 nostram
763 1383 918 1425 mittent,
945 1383 1016 1417 nisi
1041 1383 1266 1417 forisfactum
1292 1383 1445 1417 scolaris
1472 1383 1541 1416 tale
1567 1383 1686 1416 visum
1715 1383 1837 1424 fuerit,
1861 1390 1900 1416 ut
1920 1383 2051 1417 debeat
2069 1397 2163 1417 arre-

279 1449 383 1490 stari;
406 1455 442 1483 et
470 1455 555 1483 tunc
578 1450 726 1495 justicia
753 1456 877 1483 nostra
901 1449 1095 1483 arrestabit
1118 1462 1200 1483 eum
1222 1450 1259 1483 in
1280 1450 1410 1483 codem
1430 1449 1512 1483 loco
1533 1450 1613 1483 sine
1635 1450 1734 1482 omni
1756 1450 2009 1495 percussione,
2032 1451 2102 1484 nisi
2123 1463 2163 1484 se

278 1515 510 1558 deffenderit,
540 1523 577 1550 et
605 1516 732 1550 reddet
763 1528 845 1550 eum
880 1516 1128 1550 ecclesiastice
1157 1517 1321 1562 justicie,
1357 1528 1428 1562 que
1458 1529 1539 1550 eum
1569 1516 1757 1550 custodire
1787 1516 1898 1550 debet
1927 1529 1992 1562 pro
2023 1518 2163 1551 satissa-

278 1582 410 1616 ciendo
444 1582 551 1617 nobis
581 1590 617 1617 et
645 1584 814 1629 injuriam
844 1596 964 1630 passo.
997 1585 1042 1617 Et
1070 1584 1101 1617 si
1131 1584 1356 1617 forisfactum
1385 1583 1525 1629 grande
1554 1583 1673 1617 visum
1703 1583 1830 1625 suerit,
1861 1583 1928 1616 ibit
1955 1584 2013 1617 vel
2049 1585 2164 1618 mittet

272 1649 421 1695 justicia
450 1657 574 1684 nostra
608 1657 647 1684 ut
678 1650 811 1693 videat,
850 1651 938 1696 quid
963 1651 1009 1684 de
1043 1651 1175 1684 scolari
1209 1650 1283 1684 fiet.
1319 1651 1356 1684 Si
1389 1663 1491 1684 verov
1512 1662 1552 1684 se
1585 1650 1738 1684 scolaris
1764 1651 1802 1683 in
1836 1651 2074 1684 arrestatione
2102 1651 2162 1685 illa

278 1728 353 1750 non
388 1717 608 1751 deffenderit
639 1724 675 1751 et
709 1718 878 1764 injuriam
919 1730 1050 1764 passus
1076 1718 1199 1760 fuerit,
1231 1730 1300 1751 nos
1336 1717 1539 1751 secundum
1572 1729 1681 1763 supra
1716 1717 1848 1750 dictam
1886 1717 2163 1763 inquisitionem

278 1790 315 1818 et
333 1795 398 1830 per
413 1785 660 1829 juramentum
687 1785 890 1830 predictum
911 1785 996 1819 inde
1026 1785 1203 1819 ultionem
1232 1785 1419 1818 faciemus.
1447 1785 1504 1818 Ad
1529 1784 1596 1818 hec
1618 1784 1655 1817 in
1674 1784 1825 1830 capitale
1849 1784 2045 1818 scolarium
2066 1786 2164 1818 Pari-

277 1850 456 1885 siensium
484 1863 551 1897 pro
586 1851 688 1885 nullo
726 1852 911 1886 forisfacto
938 1852 1086 1898 justicia
1123 1859 1246 1886 nostra
1277 1864 1422 1885 manum
1454 1852 1585 1892 inittet;
1618 1852 1684 1885 sed
1718 1851 1749 1885 si
1782 1851 1901 1885 visum
1930 1852 2040 1885 fuerit
2060 1852 2162 1885 illum

277 1929 361 1952 esse
381 1918 646 1960 arrestandum,
676 1930 741 1964 per
759 1919 944 1965 justiciam
969 1919 1253 1953 ecclesiasticam
1280 1918 1530 1960 arrestabitur,
1559 1925 1596 1952 et
1619 1925 1835 1952 arrestatum
1862 1919 2101 1961 custodietur,
2125 1926 2165 1953 ut

278 1984 324 2018 de
343 1984 408 2018 illo
428 1985 571 2031 capitali
597 1985 668 2028 fiat,
691 1986 790 2031 quod
811 1998 876 2032 per
896 1986 1086 2020 ecclesiam
1107 1986 1218 2020 suerit
1237 1986 1400 2032 legitime
1416 1986 1631 2031 judicatum.
1655 1985 1762 2030 Quod
1783 1986 1814 2018 si
1836 1985 1896 2019 tali
1918 1985 2006 2019 hora
2026 1986 2163 2020 fuerint

277 2052 443 2086 arrestati
473 2052 634 2086 scolares
663 2065 683 2086 a
709 2053 897 2099 preposito
926 2060 1067 2096 nostro,
1097 2053 1196 2099 quod
1226 2065 1301 2086 non
1331 2053 1449 2099 possit
1468 2053 1616 2098 justicia
1643 2052 1892 2086 ecclesiastica
1921 2053 2078 2086 inveniri
2104 2053 2162 2087 vel

279 2118 399 2152 statim
420 2119 590 2162 inveniri,
612 2120 719 2154 faciet
737 2121 947 2166 prepositus
967 2128 1094 2154 noster
1114 2121 1150 2154 in
1171 2121 1290 2166 aliqua
1312 2120 1465 2154 scolaris
1487 2120 1595 2153 domo
1617 2120 1768 2153 eosdem
1793 2119 1873 2152 sine
1895 2120 1993 2152 omni
2015 2120 2161 2165 injuria,

278 2184 374 2218 sicut
397 2196 506 2231 supra
532 2186 667 2220 dictum
693 2193 760 2228 est,
789 2187 981 2230 custodiri,
1009 2187 1126 2222 donec
1153 2187 1402 2221 ecclesiastice
1423 2187 1573 2232 justicie
1599 2186 1811 2220 reddantur.
1839 2187 1892 2219 De
1915 2186 2162 2220 servientibus

279 2251 381 2285 laicis
401 2251 619 2286 clericorum
639 2253 848 2296 scolarium,
871 2254 933 2300 qui
954 2266 1028 2288 non
1053 2254 1189 2288 debent
1209 2254 1445 2300 burgensiam
1468 2253 1575 2287 nobis
1596 2253 1653 2287 vel
1676 2253 1925 2294 residentiam,
1949 2265 2015 2286 nec
2035 2253 2163 2287 vivunt

279 2318 324 2352 de
346 2319 572 2361 mercaturis,
598 2326 634 2353 et
661 2320 758 2354 unde
787 2321 948 2355 scolares
977 2333 1052 2354 non
1078 2321 1209 2355 faciant
1238 2321 1407 2366 injuriam
1437 2320 1532 2362 aliis,
1560 2320 1612 2353 sic
1641 2320 1722 2361 erit,
1745 2319 1842 2364 quod
1869 2319 1905 2352 in
1931 2331 1995 2352 eos
2018 2332 2161 2353 manum

280 2397 353 2418 non
375 2385 572 2427 mittemus,
594 2397 660 2420 nec
680 2387 828 2432 justicia
850 2394 985 2429 nostra,
1012 2388 1084 2421 nisi
1113 2388 1338 2422 forisfactum
1363 2398 1542 2433 apparens
1563 2386 1686 2428 fuerit,
1708 2398 1774 2431 pro
1800 2397 1872 2430 quo
1901 2385 2100 2419 debeamus
2124 2387 2161 2420 in

279 2451 333 2485 eis
354 2464 497 2486 manum
521 2452 675 2495 mittere,
697 2460 758 2487 aut
770 2454 918 2499 justicia
939 2461 1075 2488 nostra.
1102 2456 1172 2488 Pro
1193 2461 1319 2488 tenore
1340 2453 1523 2499 siquidem
1545 2452 1742 2499 privilegii,
1765 2452 1863 2497 quod
1888 2452 2160 2487 parisiensibus

278 2518 484 2553 scolaribus
513 2520 747 2562 contulimus,
771 2520 942 2555 nolumus
969 2528 1008 2555 ut
1031 2521 1198 2555 canonici
1223 2521 1450 2555 Parisienses
1477 2526 1512 2553 et
1532 2531 1659 2552 eorum
1680 2519 1884 2552 servientes
1907 2519 1943 2552 in
1963 2518 2032 2552 hoc
2054 2519 2159 2565 privi-

278 2585 377 2632 legio
397 2586 669 2628 contineantur,
692 2587 758 2621 sed
778 2587 960 2630 volumus,
983 2595 1023 2622 ut
1041 2588 1245 2622 servientes
1265 2587 1524 2621 canonicorum
1546 2586 1808 2620 Parisiensium
1830 2591 1866 2619 et
1887 2585 2051 2631 ejusdem
2073 2586 2158 2620 ville

277 2652 444 2686 canonici
465 2653 628 2687 eamdem
654 2653 857 2688 libertatem
882 2654 1051 2697 habeant,
1073 2667 1179 2700 quam
1201 2655 1254 2688 eis
1276 2654 1560 2700 predecessores
1582 2652 1697 2686 nostri
1719 2652 1916 2686 observare
1938 2651 2157 2686 debuerunt.

278 2719 480 2754 Occasione
500 2726 617 2754 autem
640 2721 884 2767 predictarum
904 2734 991 2756 com
1001 2722 1189 2756 entionum
1209 2721 1267 2756 vel
1288 2721 1480 2755 occasione
1501 2719 1610 2765 hujus
1631 2725 1728 2753 carte
1749 2719 1786 2752 in
1806 2731 1951 2753 causam
1973 2718 2063 2752 trahi
2086 2732 2159 2754 non

279 2786 480 2832 poterimus
501 2787 572 2821 nisi
594 2787 630 2821 in
651 2788 785 2822 curiam
808 2795 981 2822 nostram.

368 2854 416 2887 Ut
441 2860 559 2888 autem
589 2854 656 2889 hec
682 2855 824 2890 cautius
853 2856 1105 2890 custodiantur
1132 2862 1167 2890 et
1194 2855 1315 2889 stabili
1336 2855 1372 2888 in
1394 2860 1610 2900 perpetuum
1626 2853 1710 2898 jure
1737 2852 1938 2893 firmentur,
1967 2852 2158 2886 statuimus

279 2925 318 2953 ut
342 2921 552 2966 prepositus
578 2928 705 2955 noster
730 2929 766 2956 et
793 2923 1011 2957 Parisiensis
1036 2923 1195 2969 populus
1223 2922 1342 2956 omnia
1367 2933 1438 2967 que
1465 2919 1626 2967 predicta
1651 2925 1737 2953 sunt
1762 2919 1799 2952 in
1820 2925 2020 2964 conspectu
2042 2919 2157 2952 scola-

279 2985 372 3020 rium
401 2993 536 3021 tantum
565 2999 605 3022 se
630 2987 725 3022 bona
746 2989 817 3023 fide
844 2996 1054 3024 servaturos
1078 2990 1115 3023 in
1137 2990 1346 3035 juramento
1367 2988 1596 3022 confirment.
1629 2987 1673 3020 Et
1698 2985 1869 3019 decetero
1897 2997 2055 3030 semper,
2077 2986 2157 3030 qui-

405 3044 499 3070 Chart.
521 3045 600 3071 Univ.
619 3046 714 3073 Parta.
732 3047 752 3071 1.
2004 3042 2031 3066 10
