2580 3528
253 407 351 448 1268]
588 417 636 440 ΑΒ
671 417 781 440 anuo
814 416 894 440 uec
927 416 1060 446 usone
1094 416 1143 438 An
1178 417 1410 439 PHILIPPUM
1445 417 1485 439 iv
1519 417 1607 439 nso.
1645 418 1781 440 rame.
2058 410 2124 443 475

251 490 438 515 Ebu-nimum
452 491 551 515 electus
565 493 606 515 est
619 493 645 515 et
655 490 711 523 juri
725 499 774 515 suo
790 491 818 515 in
833 491 948 523 gratiam
962 491 1066 515 Rndulfi
1081 490 1238 522 Grosparmi
1252 490 1332 514 cessit
1349 490 1432 520 (Gall.
1453 490 1558 519 chm'st„
1577 491 1619 518 ΧΙ,
1638 491 1702 522 587),
1722 492 1855 523 quandam
1874 493 1989 523 plateam
2012 493 2125 516 Univer-

250 535 324 559 situi
337 535 481 560 Psrisiensi
497 535 610 567 legasse,
626 538 656 559 nt
669 538 781 568 apparet
804 543 836 559 ex
854 535 946 559 charta
969 543 1012 560 sn.
1027 536 1088 559 1292
1102 535 1174 567 apud
1197 535 1334 564 Balneum,
1350 535 1398 565 ΙΙΙ,
1413 535 1466 558 502.
1483 535 1613 559 deulfus
1628 535 1727 559 ibidem
1743 536 1899 567 designatur
1918 540 1947 560 ut
1962 545 1974 560 a
1993 537 2125 568 quondam

250 579 391 604 canonieus
405 579 573 604 Ebroieensis
589 588 611 604 r.

248 723 363 762 421.
390 733 518 761 Clemens
537 733 715 761 IVRober-to
735 733 771 760 de
792 733 922 760 Sor-bona
939 734 1083 771 provisori
1093 742 1257 771 pauperum
1282 733 1485 769 magistrorum
1509 732 1664 758 convictum
1686 731 1728 758 vel
1749 736 1911 758 conventum
1933 732 2079 769 approbat
2100 737 2128 758 et

339 782 376 809 de
390 781 528 810 electione
538 783 696 820 provisoris
707 791 762 820 pro
776 784 875 818 futuro
891 782 1016 810 ordinae.

1480 818 1556 848 1268.
1571 818 1660 844 Martii
1670 819 1716 847 23.
1733 817 1840 844 rim-bit:

340 892 513 928 Clemens
542 893 739 940 episcopus
766 905 895 927 servus
923 905 1113 927 servorum
1143 893 1208 927 Dei
1237 893 1371 927 dilecto
1398 893 1474 926 filio
1503 919 1524 926 ..
1554 892 1734 938 provisori
1763 904 1961 938 pauperum
1992 892 2127 938 magis-

250 966 388 994 trorum
423 967 460 994 et
493 960 584 1006 ipsis
619 961 804 1006 magistris
838 961 876 994 in
909 960 1115 1006 theologica
1149 960 1316 994 facultate
1351 959 1584 994 studentibus
1619 959 1656 992 in
1689 959 1770 992 vico
1804 959 1846 992 ad
1882 965 2004 1004 portas
2045 965 2127 992 ante

251 1026 420 1072 palatium
449 1026 494 1060 de
520 1027 663 1061 Termis
689 1027 850 1060 Parisius
875 1026 945 1061 sub
969 1027 1152 1061 communi
1172 1027 1243 1061 vita
1264 1025 1485 1072 degentibus
1512 1025 1664 1059 salutem
1692 1032 1727 1059 et
1753 1025 1987 1072 apostolicam
2015 1025 2128 1059 bene-

252 1093 462 1128 dictionem.
486 1093 668 1127 Suadente
687 1093 793 1128 vobis
819 1094 934 1140 gratia
958 1093 1145 1135 bonitatis,
1167 1106 1236 1139 qua
1260 1093 1432 1127 virtutum
1459 1093 1592 1126 studiis
1617 1093 1845 1134 insistentes,
1868 1104 1969 1126 sacre
1995 1093 2127 1138 pagine

251 1160 386 1206 cupitis
412 1161 546 1194 muniri
575 1160 809 1206 dogmatibus
834 1167 869 1194 et
888 1161 925 1194 in
946 1160 1017 1194 hiis
1037 1160 1129 1194 alios
1150 1160 1309 1202 erudire,
1332 1160 1369 1193 in
1390 1171 1502 1192 unum
1529 1159 1755 1193 convenistis
1779 1159 1925 1192 vivendi
1950 1171 2128 1192 commer-

250 1227 360 1267 cium,
395 1233 431 1260 et
463 1238 657 1260 commune
690 1226 796 1260 vobis
828 1226 1072 1260 habitaculum
1103 1226 1282 1272 elegistis.
1312 1226 1490 1260 Volentes
1517 1226 1638 1271 itaque
1667 1225 1773 1259 vobis
1803 1232 1839 1259 et
1868 1226 1976 1259 statui
2005 1232 2128 1259 vestro

251 1293 491 1339 apostolicum
513 1293 686 1327 exhibere
705 1294 862 1327 favorem
885 1294 1090 1327 convictum
1113 1300 1148 1326 et
1167 1292 1471 1327 cohabitationem
1492 1299 1648 1326 vestram
1672 1292 1841 1326 duximus
1857 1292 2127 1338 approbandos,

246 1361 331 1406 jure
356 1359 578 1394 venerabilis
603 1360 724 1394 fratris
744 1360 861 1394 nostri
885 1387 906 1393 ..
930 1360 1148 1394 Parisiensis
1169 1360 1334 1405 episcopi
1355 1356 1514 1405 semper*
1528 1358 1642 1401 salvo,
1664 1359 1875 1392 auctoritate
1904 1359 2128 1405 presentium

251 1426 454 1460 districtius
474 1425 698 1468 inhibentes,
716 1438 762 1460 ne
782 1426 866 1472 quis
886 1426 1029 1468 domos,
1050 1426 1309 1472 possessiones
1328 1432 1364 1459 et
1382 1425 1451 1459 alia
1471 1425 1566 1458 bona
1581 1432 1700 1458 vestra
1721 1437 1792 1470 que
1811 1425 2128 1470 impresentiarum

249 1492 514 1527 rationabiliter
540 1493 740 1540 possidetis
767 1500 828 1527 aut
851 1493 889 1527 in
911 1494 1073 1527 futurum
1096 1493 1208 1539 justis
1233 1493 1354 1526 modis
1379 1499 1563 1538 prestante
1590 1492 1746 1525 Domino
1770 1492 1937 1537 poteritis
1962 1492 2128 1537 adipisci,

250 1559 437 1602 invadere,
471 1559 675 1594 distrahere
707 1560 766 1594 vel
801 1572 979 1606 occupare
1014 1566 1211 1606 presumat,
1247 1571 1313 1593 seu
1348 1559 1429 1592 aliis
1466 1558 1597 1592 usibus
1631 1558 1825 1604 applicare.
1861 1558 2129 1591 Nichilominus

250 1638 397 1673 quoque
422 1627 614 1661 statuimus
640 1633 676 1660 et
700 1627 805 1660 etiam
832 1627 1044 1661 ordinamus
1067 1633 1107 1660 ut
1126 1633 1174 1668 te,
1196 1625 1262 1668 fili,
1285 1626 1476 1672 provisore
1499 1625 1658 1659 obeunte
1679 1625 1803 1659 nullus
1826 1625 1863 1658 in
1884 1625 2003 1658 locum
2029 1632 2127 1658 tuum

251 1704 317 1739 per
334 1693 474 1727 fraudis
495 1694 660 1727 astutiam
682 1700 897 1740 apponatur,
917 1693 989 1727 nisi
1010 1705 1116 1739 quem
1137 1720 1158 1726 ..
1176 1693 1248 1726 loci
1268 1692 1560 1734 archidiaconus,
1580 1692 1622 1725 ..¹
1640 1691 1880 1726 cancellarius
1896 1692 2127 1730 Parisiensis,

251 1771 292 1794 ac
312 1760 478 1806 magistri
499 1760 661 1794 Parisius
681 1767 761 1794 actu
783 1766 955 1807 regentes
982 1761 1019 1794 in
1047 1759 1254 1806 theologica
1285 1759 1467 1801 facultate,
1488 1771 1632 1793 necnon
1660 1759 1935 1792 decretistarum
1959 1765 1995 1792 et
2015 1758 2129 1792 inedi-

251 1838 378 1860 corum
398 1826 541 1869 decani,
566 1853 587 1860 ..
606 1833 728 1861 rector
748 1827 1005 1861 Universitatis
1022 1827 1254 1869 Parisiensis,
1272 1833 1307 1860 et
1322 1832 1579 1872 procuratores
1595 1833 1750 1871 quatuor
1765 1825 1950 1859 nationum
1967 1837 2129 1859 commu-

250 1893 346 1927 niter
378 1893 437 1927 vel
470 1894 586 1939 major
615 1905 700 1940 pars
729 1906 855 1927 eorum
886 1894 1057 1928 duxerint
1085 1893 1356 1940 apponendum.
1388 1893 1549 1939 Ideoque
1579 1893 1748 1938 provisor
1776 1892 1813 1925 in
1842 1893 2128 1938 congregatione

249 1966 371 1994 vestra
394 1972 575 2007 pauperes
597 1961 794 2007 magistros
819 1967 855 1995 et
878 1961 1056 2007 ydoneos,
1078 1961 1141 2007 qui
1161 1960 1323 1994 rexerint
1342 1960 1380 1994 in
1400 1959 1554 2002 artibus,
1576 1959 1620 1993 de
1642 1971 1858 2006 quacunque
1884 1959 1958 1993 sint
1982 1960 2128 1993 natione

250 2027 369 2073 possit
405 2027 609 2070 admittere,
648 2039 689 2061 ac
727 2028 859 2062 exinde
897 2028 1018 2062 minus
1056 2027 1221 2074 ydoneos
1259 2039 1440 2069 amovere,
1481 2033 1589 2073 prout
1626 2027 1803 2073 inspectis
1846 2026 2128 2061 circumstantiis

251 2093 435 2128 universis
456 2094 591 2129 viderit
611 2095 797 2141 expedire,
821 2095 884 2140 qui
905 2095 1011 2129 etiam
1035 2095 1080 2128 de
1104 2094 1283 2128 dictorum
1308 2094 1564 2140 magistrorum
1588 2094 1745 2139 receptis
1769 2100 1804 2127 et
1826 2094 1997 2139 expensis
2023 2094 2127 2127 annis

252 2159 411 2206 singulis
440 2160 710 2204 archidiacono,
736 2161 952 2196 cancellario
979 2168 1014 2195 et
1037 2161 1118 2195 aliis
1144 2161 1364 2207 supradictis
1388 2160 1446 2195 vel
1471 2159 1655 2206 aliquibus
1680 2159 1724 2194 ab
1748 2161 1840 2207 ipsis
1865 2160 1923 2194 vel
1952 2173 1970 2194 a
2001 2161 2126 2206 majori

252 2233 352 2272 parte
381 2227 544 2273 ipsorum
574 2228 636 2274 qui
666 2228 710 2262 ad
739 2227 808 2262 hoc
835 2229 1021 2262 extiterint
1045 2228 1206 2274 deputati
1238 2234 1404 2262 teneatur
1435 2227 1590 2261 reddere
1619 2227 1808 2261 rationem.
1837 2227 2127 2260 Archidiaconus

250 2293 416 2340 insuper,
437 2293 678 2328 cancellarius
704 2301 741 2328 et
765 2294 826 2328 alii
854 2295 1042 2329 memorati
1070 2306 1135 2328 seu
1163 2295 1277 2340 major
1304 2306 1388 2340 pars
1415 2306 1540 2328 eorum
1570 2294 1796 2340 provisorem
1822 2306 1928 2339 quem
1957 2293 2128 2327 duxerint

251 2360 481 2394 statuendum
511 2372 679 2395 amovere
704 2360 848 2395 valeant
874 2367 982 2407 prout
1008 2361 1167 2395 viderint
1195 2361 1413 2395 faciendum.
1436 2360 1532 2394 Nulli
1561 2372 1663 2406 ergo,
1691 2366 1770 2400 etc„
1798 2366 1923 2394 nostre
1949 2360 2126 2406 approba-

251 2427 376 2469 tionis,
397 2426 643 2470 inhibitionis,
663 2428 937 2462 constitutionis
964 2434 1000 2462 et
1025 2427 1280 2469 ordinationis,
1309 2433 1373 2462 etc.
1404 2427 1440 2461 Si
1466 2427 1548 2472 quis
1574 2434 1706 2468 autem,
1727 2432 1792 2461 etc.
1820 2428 1897 2460 Dat.
1924 2426 2079 2461 Viterbii
2105 2439 2125 2461 x

254 2493 323 2527 kal.
346 2493 499 2540 Aprilis,
522 2493 753 2540 pontificatus
774 2494 890 2528 nostri
911 2506 1005 2528 anno
1026 2500 1167 2540 quarto.

344 2600 401 2625 Duo
416 2600 558 2634 originali·
572 2601 599 2626 in
614 2601 691 2626 Areb.
708 2604 761 2627 nat.
778 2601 861 2626 Pari..
878 2601 906 2626 L.
923 2602 977 2629 2⁶2.
993 2601 1027 2625 π’·
1041 2601 1095 2629 124,
1112 2601 1167 2626 125.
1182 2601 1211 2625 In
1226 2601 1315 2633 priore
1329 2600 1415 2624 adhuc
1430 2603 1553 2632 superest
1566 2600 1640 2625 bulla
1654 2600 1780 2632 plumbea
1800 2601 1836 2624 fil.
1852 2601 1929 2625 oeric.
1949 2601 2009 2625 flavi
2023 2605 2050 2625 et
2065 2601 2123 2626 rub.

251 2645 348 2670 colori·
367 2653 502 2678 appeti-u
522 2646 705 2671 tautummodo
721 2646 747 2670 in
763 2646 917 2670 membrana
932 2654 1026 2670 aversa
1041 2645 1118 2670 inin·
1133 2645 1231 2678 legitur
1246 2654 1252 2669 z
1267 2644 1300 2676 ἡ.
1322 2653 1381 2678 cap.
1396 2645 1448 2677 xvj.
1470 2645 1569 2670 Revera
1588 2648 1674 2669 exstat
1695 2645 1721 2669 in
1736 2645 1799 2677 neg.
1817 2646 1874 2669 Vnt.
1895 2645 1976 2670 Clem.
1994 2646 2035 2674 tv,
2051 2654 2093 2670 nn.
2110 2647 2125 2670 li

251 2691 291 2720 (11⁸
304 2690 352 2722 82).
368 2698 411 2723 ep.
427 2690 466 2719 1⁰.
482 2691 527 2715 tol.
548 2690 620 2715 220⁵.
642 2690 742 2716 Nomen
761 2690 942 2723 procuratoris
961 2690 1055 2714 harum
1074 2690 1222 2714 litterarum
1242 2690 1358 2714 occurrit
1374 2689 1401 2714 in
1421 2692 1496 2722 parte
1515 2689 1646 2722 superiori
1661 2698 1676 2713 a
1691 2692 1765 2722 tergo
1785 2690 1923 2722 utriusque
1942 2690 2100 2723 exemplaris
2117 2699 2123 2715 ι

251 2742 264 2759 ι
279 2734 442 2759 anulorum·
457 2735 489 2759 de
505 2735 593 2760 Du-co
608 2744 631 2760 n.
647 2749 678 2754 —
693 2735 804 2761 cartul.
820 2737 853 2760 de
868 2735 895 2760 la
911 2735 1056 2761 Sorbonm
1070 2735 1096 2759 in
1112 2734 1180 2759 Bibl.
1197 2737 1250 2759 nst.
1271 2735 1356 2759 Puris.
1373 2743 1422 2759 mn.
1437 2735 1483 2759 lat.
1501 2734 1586 2764 18089,
1602 2735 1646 2758 sol.
1664 2736 1707 2764 Μὴ
1724 2734 1794 2763 110⁵.
1811 2734 1857 2759 ubi
1872 2735 1978 2759 rubrica
1993 2744 1998 2759 2
2016 2744 2028 2759 ιι
2044 2735 2124 2767 Cupie

249 2778 400 2803 liuor-rum
423 2782 516 2804 eontra
537 2779 696 2812 magri-trum
712 2789 736 2810 ι,
751 2788 817 2813 quae
837 2780 935 2804 locutio
951 2782 1053 2812 spectat
1067 2780 1100 2803 nd
1121 2779 1308 2803 documentum
1330 2779 1400 2803 intra
1419 2783 1449 2803 11⁰
1462 2779 1508 2803 1135
1522 2779 1630 2803 editum.
1648 2779 1816 2808 Homer-sous,
1833 2779 1976 2805 Sorbonae
1991 2780 2122 2811 oru’yines.

248 2822 324 2852 thid..
340 2830 389 2847 m.
404 2823 451 2848 lat.
467 2824 538 2853 5⁴9⁸,
555 2824 600 2849 fol.
621 2824 679 2849 85⁵.
704 2825 828 2853 Bul-sua,
844 2825 890 2853 m,
907 2825 962 2849 2³⁶.
980 2824 1118 2852 Jourdain,
1138 2828 1168 2848 n⁰
1186 2825 1241 2853 220,
1261 2823 1400 2856 epi-totam
1415 2831 1556 2856 perperam
1574 2824 1607 2847 sd
1628 2831 1669 2848 an.
1693 2824 1714 2847 V
1732 2823 1814 2856 (12⁶9)
1828 2825 1918 2852 refert,
1939 2825 2071 2848 Clemente
2091 2825 2124 2848 TV

246 2866 303 2900 jen
318 2871 429 2892 mortno.

344 2961 368 2986 t.
386 2961 415 2985 Ιιι
429 2961 605 2994 origin-mma
619 2961 663 2987 ht«.-
677 2965 702 2987 οἱ
716 2965 807 2995 postes
822 2966 920 2995 punct·
935 2963 1038 2991 desunt.
1055 2966 1158 2987 exstant
1173 2963 1198 2987 in
1213 2956 1343 2995 Regini-o.
