2618 3640
954 424 957 427 .
1003 407 1302 429 INTRODUCTIO.
2026 407 2096 428 XXV

211 484 346 522 ferebat
369 480 541 531 sibi,‘qui
566 481 674 531 caput
696 482 951 519 Universitatis'
967 486 1073 526 esset,
1101 482 1248 529 antiqua
1270 482 1352 529 jura
1379 481 1531 517 detrahi.
1563 481 1666 523 Quod
1695 481 1865 517 renuebat
1892 481 2095 528 praedictus

210 554 435 604 procurator,
458 552 684 591 contendens
699 557 805 602 caput
822 554 1066 590 Universitatis
1083 565 1160 589 esse
1179 554 1379 596 Rectorem,
1399 564 1506 600 supra
1522 553 1619 600 quod
1639 564 1711 589 non
1732 556 1852 600 posset
1876 551 1974 588 aliud
1991 556 2096 600 caput

209 627 371 664 eminere
391 626 460 662 nisi
482 638 646 662 summus
666 625 829 661 Pontifex
852 625 931 674 (loc.
955 625 1045 667 cz't.).
1071 624 1232 660 Primum
1254 623 1312 659 hic
1331 624 1370 659 fit
1386 627 1423 659 ut
1442 626 1582 668 Rector,
1604 624 1664 671 qui
1680 632 1774 659 anno
1796 626 1887 659 1275
1910 636 1930 659 a
1951 624 2095 660 Simone

210 696 334 746 legato>
355 713 372 731 «
394 696 502 745 caput
525 696 719 733 Facultatis
743 696 882 732 Artium
903 711 918 729 η
946 695 1154 739 vocabatur,
1185 709 1200 727 «
1222 698 1330 742 caput
1358 695 1466 731 totius
1498 694 1744 730 Universitatis
1769 710 1783 728 »
1813 694 2032 730 nominetur.
2062 695 2097 730 Si

211 769 462 818 responsiones
482 768 712 816 ⁴supradictae
733 779 752 804 e
775 771 848 804 tota
874 767 1107 803 Univcrsitate
1127 766 1181 802 vel
1205 766 1331 802 saltem
1355 778 1374 802 e
1400 766 1582 802 Facultate
1606 766 1747 802 Artium
1768 770 2010 810 emanassent,
2034 778 2098 814 pro

209 844 307 877 certo
326 840 526 877 tenendum
547 839 638 876 foret
656 841 733 888 jam
756 841 841 875 tunc
862 841 1050 875 Rectorem
1073 839 1313 875 communiter
1337 850 1357 874 a
1383 838 1563 886 magistris
1587 837 1830 874 Universitatis
1855 838 1992 873 cultum
2019 849 2098 873 esse

212 916 250 948 ut
266 915 387 959 caput.
407 912 482 947 Hae
502 897 894 958 tamen'responsiones
914 914 1098 947 auctorem
1119 910 1255 946 liabent
1271 910 1345 957 jam
1370 913 1610 946 memoratum
1631 910 1836 946 Johannem
1861 909 1905 945 de
1923 909 2099 957 Malignes

210 981 280 1036 qui*
296 987 344 1024 ait
373 987 449 1035 (loc.
475 987 547 1034 cit.)
574 999 612 1022 se
636 998 894 1034 responsurum
920 985 1169 1034 perordinem
1192 998 1199 1021 :
1226 1001 1242 1019 «
1270 988 1370 1022 Hanc
1397 986 1692 1034 protestationem
1721 985 1917 1033 preferens,
1947 998 1992 1021 ne
2021 997 2100 1021 mee

210 1058 425 1107 negligentie
441 1058 577 1107 aliquid
590 1058 797 1106 imputetur,
817 1058 914 1105 quod
931 1069 972 1094 ea
990 1069 1059 1105 que
1075 1058 1170 1102 dico,
1193 1069 1276 1093 cum
1292 1069 1365 1093 non
1382 1057 1448 1093 sim
1465 1057 1648 1093 consultus
1669 1069 1771 1094 meos
1794 1057 1999 1105 magistros,
2018 1057 2099 1093 dico

210 1123 348 1167 tantum
371 1131 417 1166 ad
438 1125 708 1166 informandum
730 1141 985 1177 quemcunque
1004 1129 1163 1165 mearum
1184 1129 1458 1177 responsionum
1474 1129 1674 1165 auditorem
1700 1140 1806 1177 super
1821 1129 1967 1165 veritate
1991 1135 2099 1176 quam

211 1202 294 1238 novi
310 1196 405 1238 cirea
419 1199 613 1250 proposita,
629 1201 756 1237 nolens
771 1205 915 1249 propter
927 1212 1003 1242 eas,
1018 1200 1045 1236 si
1060 1200 1147 1248 quid
1161 1200 1279 1236 minus
1294 1200 1515 1237 sufficienter
1530 1200 1665 1237 dictum
1681 1200 1879 1236 inveniatur
1894 1200 1931 1236 in
1944 1200 2097 1244 eisdem,

212 1277 336 1310 contra
347 1273 564 1309 Facultatem
576 1272 771 1320 predictam
783 1272 932 1319 aliquod
942 1271 1180 1320 prejudicium
1195 1272 1398 1319 generari.»
1417 1274 1578 1308 Fortasse
1589 1272 1800 1308 sententiam
1813 1284 1897 1308 suae
1909 1271 2100 1308 Facultatis

208 1344 392 1380 Johannes
415 1344 623 1388 enuntiavit,
649 1355 721 1379 non
746 1342 852 1379 totius
875 1342 1133 1387 Universitatis,
1153 1342 1340 1390 quoniam,
1365 1344 1532 1391 utsupra
1548 1343 1712 1386 vidimus,
1737 1343 1953 1391 Tlieologiae
1972 1343 2100 1379 saltem

211 1415 375 1452 Facultas
388 1415 551 1451 nondum
567 1415 704 1451 Rectori
717 1414 896 1451 submissa
912 1419 1000 1459 erat,
1016 1418 1050 1450 ct
1062 1414 1303 1451 Caneellarius
1318 1414 1538 1459 Parisiensis,
1557 1415 1613 1451 cui
1628 1415 1888 1462 suffragabatur
1904 1415 2100 1462 capitulum

212 1486 407 1523 Parisiense
433 1486 532 1535 (Vz'd.
554 1486 648 1522 infra
667 1486 711 1522 11¹⁸
732 1489 798 1522 521
820 1489 855 1522 et
872 1486 975 1534 522),
994 1498 1114 1522 coram
1133 1487 1219 1522 sede
1238 1486 1433 1534 apostolica
1447 1486 1712 1534 protestabatur
1731 1498 1767 1522 se
1787 1498 1866 1522 esse
1887 1490 1993 1534 caput
2013 1486 2100 1522 Uni-

210 1552 398 1602 versitatis;
414 1569 522 1605 quam
536 1557 816 1606 postulationem
833 1558 1044 1594 Caneellarii
1060 1559 1154 1605 Papa
1168 1558 1266 1594 haud
1282 1557 1407 1593 abnuit
1427 1558 1439 1593 (
1447 1557 1527 1594 Vz'd.
1548 1570 1656 1605 supra
1670 1570 1707 1606 p.
1726 1557 1816 1606 xix).
1837 1558 1964 1594 Rector
1979 1561 2101 1594 tamen

210 1629 348 1666 'nnllam
373 1624 599 1666 occasionem
626 1629 866 1665 detrahendae
893 1629 1114 1665 Cancellario
1141 1629 1358 1666 auctoritatis
1394 1629 1712 1677 praetermittebat,
1754 1633 1859 1677 atque
1885 1635 1979 1665 anno
2010 1632 2101 1665 1290

210 1695 490 1749 appellationem
506 1704 630 1737 contra
651 1712 736 1736 eum
759 1700 804 1737 ad
824 1701 947 1736 sedem
963 1700 1211 1749 apostolicam,
1230 1712 1301 1737 uua
1321 1713 1403 1737 cum
1423 1700 1598 1745 magistris
1613 1701 1767 1742 Artium,
1792 1700 1974 1738 deferebat
1999 1701 2098 1749 (Vz'd.

208 1773 400 1816 JOURDMN,
419 1775 457 1807 n⁰
474 1773 577 1820 302).
597 1773 677 1808 Mox
692 1772 799 1808 etiam
821 1775 947 1809 contra
968 1773 1168 1820 Theologos
1188 1773 1381 1809 insurrexit
1397 1777 1432 1808 ct
1453 1785 1538 1809 sanc
1553 1774 1682 1809 eodem
1706 1773 1828 1817 inodo,
1854 1785 1925 1820 quo
1944 1773 2102 1809 decanos

210 1843 432 1880 Facultatum
450 1845 683 1880 Decretorum
704 1847 739 1880 et
758 1844 957 1880 Medicinae
976 1844 1043 1881 sihi
1060 1844 1274 1893 subjecerat,
1294 1848 1399 1892 atque
1418 1845 1631 1880 Cancellarii
1650 1845 1898 1881 auctoritatem
1916 1848 2100 1881 attenuare

209 1918 359 1951 conatus
373 1918 462 1951 erat.
480 1915 550 1951 Sed
564 1915 720 1952 decanus
736 1915 973 1964 Theologicae
992 1916 1180 1952 Facultatis
1196 1928 1291 1952 anno
1308 1919 1400 1953 1297
1414 1916 1598 1965 respondit
1611 1917 1752 1953 Rectori
1768 1929 1775 1953 :
1796 1916 1928 1958 «Quod
1939 1916 2099 1965 magistri

209 1986 247 2022 in
264 1979 482 2035 Theol'ogica
502 1986 684 2023 Facultate
708 1991 875 2035 regentes
897 1999 963 2036 per
986 1989 1171 2024 Rectorem
1194 1988 1452 2032 Universitatis,
1483 1988 1570 2036 quin
1594 1988 1714 2036 potius
1748 2000 1812 2036 per
1837 1988 2030 2032 bedellum,
2053 1988 2099 2024 ad

209 2053 524 2106 congregationem
545 2058 771 2106 aliquatenus
795 2062 1017 2104 vocarentur,
1046 2071 1234 2107 nunquam
1262 2059 1376 2095 visum
1400 2059 1465 2095 suit
1491 2059 1633 2095 Parisiis
1658 2072 1724 2096 nec
1747 2060 1922 2096 auditum.
1951 2075 1966 2092 »
1995 2059 2094 2107 (Vz'd.

209 2130 402 2174 JOURDAIN,
419 2132 458 2165 n⁰
474 2130 575 2177 327).
594 2132 728 2166 Revera
747 2130 905 2166 decanus
925 2131 1117 2167 Facultatis
1133 2131 1370 2179 Theologicae
1393 2131 1454 2167 diu
1472 2131 1580 2167 etiam
1597 2131 1633 2166 in
1650 2131 1987 2179 congregationibus
2012 2131 2099 2167 Uni-

209 2200 380 2236 versitatis
394 2201 553 2249 primum
573 2201 693 2238 locum
707 2205 787 2237 ante
810 2203 995 2238 Rectorem
1011 2203 1210 2250 occupavit,
1232 2214 1440 2250 quanquam
1460 2205 1556 2239 a'nno
1577 2206 1669 2239 1289
1687 2203 1723 2238 in
1743 2203 1855 2239 tribus
1871 2203 2096 2239 documentis

209 2271 470 2316 consimilibus,
495 2273 567 2308 hoc
591 2273 717 2309 ordine
738 2277 998 2309 enumerantur
1022 2276 1162 2319 Rector,
1190 2274 1316 2310 decani
1343 2275 1584 2318 Facultatum,
1611 2279 1857 2323 procuratores
1883 2275 2092 2318 Nationum,

210 2342 371 2391 magistri
388 2347 556 2390 quattuor
572 2344 797 2380 Facultatum
813 2344 840 2379 ⁴.

307 2415 481 2458 Tandem,
505 2419 585 2462 post
599 2415 712 2452 varias
734 2415 813 2452 lites
833 2416 1000 2464 utrinque
1016 2421 1196 2465 susceptas
1221 2417 1365 2464 acrique
1386 2417 1506 2453 animo
1522 2417 1706 2459 exercitas,
1725 2417 1853 2453 modus
1873 2417 2093 2453 convocandi

209 2486 387 2522 decanum
408 2490 442 2522 et
461 2486 647 2534 magistros
667 2487 883 2535 Theologiae
902 2488 947 2523 ad
967 2488 1255 2536 congregationes
1279 2488 1461 2536 generales
1482 2491 1528 2524 20
1544 2489 1646 2536 april.
1670 2491 1756 2524 1341
1779 2489 1940 2525 decretus
1958 2492 2024 2533 est,
2048 2489 2096 2524 ita

209 2560 247 2592 ut
278 2557 417 2593 Rectori
437 2562 562 2593 contra
583 2557 760 2594 decanum
778 2558 969 2595 Facultatis
990 2559 1203 2603 Theologiae
1219 2559 1409 2596 satisfactio
1430 2560 1586 2604 daretur,
1612 2560 1759 2608 perinde
1785 2572 1826 2596 ac
1849 2561 1990 2597 saeculo
2010 2562 2094 2596 Xlll

205 2628 280 2676 jam
292 2632 414 2664 contra
429 2629 583 2664 decanos
597 2629 822 2665 Facultatum
838 2631 1068 2666 Decretorum
1084 2635 1117 2666 et
1132 2630 1331 2667 Medicinae
1347 2643 1492 2667 causam
1505 2643 1605 2668 suam
1621 2631 1826 2668 obtinuerat
1837 2631 1865 2667 ².
1887 2634 1965 2668 Non
1980 2632 2093 2668 multo

205 2703 289 2748 post
318 2699 353 2737 in
381 2699 535 2736 formula
557 2701 847 2749 juramentipro
875 2701 1132 2750 incipientibus
1166 2702 1200 2737 in
1224 2702 1370 2738 Artibus
1396 2703 1599 2738 invenimus
1625 2716 1632 2739 :
1661 2718 1675 2735 «
1698 2705 1784 2739 ltem
1803 2703 1971 2752 jurabitis
1997 2703 2093 2751 quod

206 2770 382 2806 ‘statutum
400 2770 531 2807 factum
549 2775 583 2807 et
602 2771 807 2808 ordinatum
823 2784 887 2820 per
901 2773 1119 2810 Facultatem
1140 2774 1281 2810 Artium
1300 2774 1344 2810 de
1358 2774 1602 2822 prepositione
1619 2775 1778 2811 Rectoris
1794 2775 1830 2810 in
1846 2775 1982 2811 actibus
1999 2787 2095 2811 com·

305 2942 327 2967 l.
347 2943 429 2968 Arch.
448 2943 507 2968 Nat.
524 2944 609 2969 Paris.
628 2944 664 2969 M.
681 2945 722 2975 67,
741 2945 775 2969 n¹¹
791 2945 877 2970 27-29.

302 2987 326 3012 2.
346 2987 423 3012 Arch.
441 2988 518 3017 Univ.
538 2988 576 3013 th.
593 2989 651 3018 vn,
670 2989 700 3014 D.
719 2989 745 3014 d.
764 2990 804 3021 b.;
821 2990 944 3021 Bulaeus,
961 2991 1008 3021 lv,
1026 2999 1050 3023 p.
1069 2990 1117 3016 267
1130 2999 1167 3024 sq.

336 3032 434 3057 Chare.
457 3033 535 3058 Univ.
554 3034 650 3059 Paris.
668 3035 688 3058 1.
1953 3037 1971 3059 ll
