2580 3528
466 404 530 437 540
1045 409 1362 434 annTuLAffluM
1398 407 1587 430 UNIVERs.
1625 405 1753 428 Panis.
2235 393 2335 435 [1276

466 495 657 533 presentes
678 487 816 520 litteras
838 486 960 531 sigillo
983 486 1083 522 curie
1104 491 1228 517 nostre
1249 484 1293 516 ad
1315 482 1524 528 petitionem
1547 480 1633 513 dicti
1654 479 1823 524 magistri
1844 479 2039 513 Guillermi
2059 479 2213 512 fecimus
2234 478 2334 524 sigil-

468 554 547 588 lari.
571 555 699 587 Datum
720 565 813 586 anno
835 559 869 586 et
890 553 948 585 die
969 551 1181 597 predictis’.

559 652 699 682 Maqnum
716 651 846 675 Chartul.
861 650 954 675 eccles.
970 649 1066 673 Paris.
1082 649 1108 671 in
1123 648 1199 671 Arch.
1216 650 1269 670 nat.
1286 646 1369 670 Paris.
1386 646 1435 669 LL.
1452 645 1506 673 183,
1524 645 1567 668 fol.
1585 643 1640 667 53¹³.
1655 657 1687 662 -—
1701 644 1824 673 Bulaeus,
1843 643 1889 672 111,
1905 644 1961 673 235.

560 736 580 758 1.
601 736 660 767 Ipse
681 735 729 758 suit
747 735 849 766 primus
869 733 991 765 provisor
1007 733 1140 755 Sorhonae
1159 734 1220 762 post
1235 731 1377 754 Robertum
1393 730 1424 753 de
1441 729 1569 757 sorbonn,
1586 731 1614 752 ut
1631 728 1729 760 legitur
1744 728 1770 751 in
1786 728 1895 753 Necrol.
1911 728 2027 754 Sorbon.
2046 729 2079 752 ad
2099 729 2123 760 vj
2143 737 2206 753 non,
2224 728 2312 752 Martii
2331 736 2338 751 ·.

467 789 478 803 «
494 780 703 803 anniversarium
724 787 792 810 mag.
810 777 946 802 Guillermi
962 778 993 800 de
1008 778 1093 800 Monte
1108 775 1288 799 Morcnciacho
1304 774 1437 806 quondam
1452 773 1614 797 succentoris
1630 773 1725 802 Paris„
1742 772 1850 797 secundi
1865 773 2012 804 provisoris
2032 773 2126 797 domus
2149 774 2181 797 de
2205 773 2334 802 Sol-bona,

465 825 510 856 qui
524 824 623 856 legavit
643 824 660 847 C
681 824 742 847 libr.
762 827 849 846 turon.
868 826 893 846 et
912 822 994 845 libros
1009 829 1092 852 usque
1107 821 1139 844 ad
1155 821 1271 843 valorem
1287 820 1297 842 1
1313 819 1384 847 lihr.,
1400 822 1425 842 et
1439 818 1535 850 xxxviij
1557 818 1604 842 sol.
1621 818 1704 849 paris.
1725 817 1862 841 annuatim
1881 826 1930 849 pro
1949 818 2078 849 pietantia
2097 818 2124 841 in
2142 818 2291 842 redditibus
2311 826 2334 841 ›).

465 869 533 892 Bibl.
559 872 610 891 nat.
637 868 730 896 Paris„
754 876 802 890 ms.
828 868 874 890 lat.
900 867 984 894 16574,
1006 866 1050 889 fol.
1076 866 1113 889 28.
1139 865 1202 888 Vide
1229 864 1334 892 Delisle,
1361 863 1475 888 Cabinet
1500 864 1547 888 des
1570 869 1646 891 mss„
1670 863 1703 891 11,
1727 863 1780 886 153.
1799 875 1832 880 ——
1857 863 1879 886 2.
1906 862 1975 886 naec
1998 862 2125 894 temporis
2149 866 2220 891 nota,
2246 862 2273 886 id
2296 866 2337 886 est

466 914 494 936 14
513 913 638 936 Nox-emb.
655 913 723 939 1276,
739 920 790 934 non
805 911 926 942 designat
941 913 1109 939 momentum,
1126 917 1176 941 quo
1192 909 1322 932 secundus
1340 908 1463 939 provisor
1478 908 1571 931 domus
1588 907 1722 931 Sorbonae
1737 907 1835 930 electus
1851 910 1899 935 est,
1920 915 1980 930 cum
1999 907 2057 939 ipse
2076 907 2103 930 in
2126 907 2234 932 cartul.
2254 907 2286 931 de
2307 906 2337 932 la

465 958 609 982 Sorbonne
624 957 701 986 (Bibl.
718 959 770 979 nat.
787 955 880 983 Paris.,
898 963 945 978 ms.
962 956 1007 978 lat.
1025 955 1109 983 16069,
1125 954 1169 978 fol.
1186 955 1224 981 35,
1241 953 1296 981 541²,
1313 954 1352 982 31³)
1368 952 1423 984 jam
1439 953 1471 976 ud
1487 952 1609 976 Decemb.
1626 952 1687 975 1275
1703 951 1786 984 (Orig.
1803 952 1830 975 in
1845 951 1921 975 Arch.
1941 955 1994 975 nat.
2011 951 2095 975 Paris.
2113 952 2139 976 S.
2156 953 2226 980 6229,
2242 955 2272 975 n0
2286 952 2336 981 26),

464 1002 523 1025 Jun.
541 1004 566 1024 et
579 1001 632 1024 Jul.
654 1001 713 1023 1276
733 1000 866 1027 afferatur,
883 1000 928 1023 sed
943 999 1031 1030 potius
1047 1002 1160 1029 tempus,
1176 1006 1227 1029 quo
1242 997 1365 1029 provisor
1379 1005 1394 1020 a
1409 996 1550 1021 Guillelmo
1572 996 1757 1020 archidiacono
1778 996 1898 1020 chartam
1919 996 2064 1028 sigillatam
2086 996 2118 1020 de
2138 1004 2186 1020 sua
2209 995 2335 1020 electione

463 1045 554 1068 habita
569 1045 651 1076 petiit,

462 1185 574 1222 470.
599 1195 694 1220 Simon
718 1194 830 1228 legatus
853 1194 1079 1220 excommunicat
1103 1192 1168 1218 illos
1195 1192 1244 1228 qui
1266 1193 1295 1218 in
1316 1194 1391 1226 sesto
1416 1192 1541 1228 alicujus
1563 1193 1690 1218 nationis
1711 1192 1820 1218 ducunt
1830 1192 1947 1228 publice
1962 1191 2091 1226 choreas,
2106 1195 2227 1228 portant
2241 1200 2332 1227 arma,

550 1243 661 1278 faciunt
676 1243 906 1277 comessationes,
924 1243 953 1268 in
968 1242 1096 1269 ecclesiis
1112 1241 1152 1267 ad
1170 1241 1289 1267 taxillos
1304 1241 1407 1267 ludunt
1421 1241 1541 1277 aliaque
1555 1241 1687 1276 nefanda
1699 1245 1882 1278 perpetrant.

1641 1340 1688 1366 127
1692 1341 1717 1370 6,
1733 1339 1882 1367 Decembris
1896 1341 1921 1370 6,
1937 1340 2051 1366 Parlsiis.

553 1417 676 1450 Simon
705 1416 936 1449 miseratione
965 1415 1085 1449 divina
1116 1415 1210 1448 tituli
1241 1415 1368 1448 Sancte
1399 1414 1535 1449 Cecilie
1564 1414 1755 1461 presbyter
1781 1414 1976 1448 cardinalis
2004 1414 2204 1460 apostolice
2235 1414 2334 1448 sedis

463 1483 605 1528 legatus
632 1483 676 1516 ad
703 1483 857 1516 suturam
887 1482 938 1515 rei
966 1482 1188 1515 memoriam.
1218 1482 1459 1527 Omnipotens
1486 1482 1663 1515 Dominus
1691 1482 1728 1515 in
1756 1481 1891 1515 sanctis
1917 1481 1994 1515 suis
2025 1481 2202 1515 mirabilis
2232 1482 2334 1527 ipsos

464 1557 608 1583 sanctos
636 1557 671 1583 et
695 1549 832 1583 electos
859 1561 946 1582 suos
972 1549 1030 1582 hic
1056 1555 1236 1582 certantes
1264 1549 1302 1582 in
1331 1561 1439 1582 carne
1467 1561 1506 1582 ac
1536 1555 1686 1594 propter
1715 1549 1834 1594 ipsum
1865 1548 2016 1582 afflictos
2046 1548 2332 1582 irremuneratos

464 1628 689 1661 nequaquam
716 1616 918 1661 preteriens
944 1616 981 1649 in
1009 1616 1116 1649 terris
1145 1616 1330 1649 decoravit
1355 1615 1553 1657 miraculis,
1580 1622 1615 1649 et
1639 1615 1677 1648 in
1703 1615 1831 1649 celesti
1858 1615 1972 1661 patria
1997 1615 2069 1649 vite
2096 1615 2333 1661 perhempnis

464 1683 580 1728 gloria
601 1683 809 1716 sublimavit
830 1695 837 1715 z
860 1695 952 1728 quos
973 1689 1008 1716 et
1028 1683 1064 1716 in
1085 1683 1193 1716 terris
1214 1682 1258 1716 ab
1279 1682 1534 1716 invocantibus
1553 1694 1687 1716 nomen
1708 1683 1788 1728 ejus
1808 1682 1991 1728 condigna
2015 1682 2133 1716 voluit
2157 1681 2334 1715 honorifi-

465 1750 580 1783 centia
612 1750 784 1783 revereri.
821 1751 955 1783 Horum
990 1756 1107 1783 autem
1143 1750 1353 1783 memoriam
1386 1749 1583 1783 christiana
1617 1749 1748 1795 religio
1782 1750 1820 1782 in
1853 1749 1946 1783 valle
1977 1749 2123 1782 miserie
2153 1749 2336 1795 presentis

466 1817 579 1850 seculi
609 1817 803 1850 constituta
830 1817 970 1850 festivis
997 1817 1226 1862 sollempniis
1252 1817 1427 1862 congruis
1454 1817 1498 1850 ad
1528 1816 1596 1850 hoc
1624 1816 1851 1862 temporibus
1883 1823 2123 1862 representat,
2154 1828 2224 1862 qua
2253 1816 2332 1850 laus

466 1890 671 1916 sanctorum
693 1883 867 1916 exaltetur
888 1883 924 1916 in
946 1883 1091 1929 populis
1116 1896 1156 1916 ac
1182 1883 1315 1917 debitis
1343 1883 1526 1917 attollatur
1550 1883 1767 1925 honoribus,
1794 1890 1830 1916 et
1854 1883 1983 1916 caritas
2005 1883 2334 1928 representantium

467 1950 627 1995 ipsorum
651 1950 849 1995 patrocinio
871 1950 908 1983 in
928 1962 1087 1983 amorem
1109 1950 1245 1984 Christi
1266 1951 1468 1984 ferventius
1488 1950 1717 1984 accendatur.
1748 1951 1840 1984 Sane
1862 1962 1905 1983 ex
1931 1950 1987 1995 pia
2008 1950 2203 1983 devotione
2225 1949 2336 1983 scola—

469 2017 574 2057 rium,
605 2017 665 2061 qui
695 2017 779 2049 olim
810 2017 970 2050 Parisius
1001 2017 1233 2058 studuerunt,
1263 2017 1447 2051 credimus
1478 2017 1706 2063 processisse
1736 2024 1771 2050 et
1800 2017 1904 2050 annis
1935 2017 2102 2062 plurimis
2136 2016 2180 2050 ab
2210 2028 2336 2050 eorum

470 2082 687 2128 sequacibus
723 2083 966 2125 observatum,
1008 2084 1106 2129 quod
1145 2096 1362 2129 unaqueque
1392 2084 1488 2117 natio
1519 2084 1714 2117 scolarium
1743 2084 1943 2117 eorundem
1978 2083 2097 2129 aliqua
2127 2090 2335 2117 sanctorum

470 2150 557 2183 festa
588 2162 667 2183 cum
698 2151 930 2184 veneratione
961 2150 1156 2196 sollempni
1184 2150 1391 2196 specialiter
1416 2150 1635 2192 celebrabat,
1663 2151 1798 2184 divinis
1826 2150 2052 2196 exequendis
2080 2150 2209 2184 officiis
2235 2162 2340 2184 reve-

470 2223 604 2258 renter,
626 2217 864 2258 orationibus,
887 2217 1121 2250 eleemosinis
1142 2217 1296 2262 aliisque
1316 2217 1460 2263 pietatis
1481 2217 1655 2263 operibus
1677 2229 1757 2251 cum
1784 2218 1968 2251 attentiori
1990 2217 2179 2263 diligentia
2203 2217 2339 2250 habun-

472 2283 620 2316 dancius
650 2283 866 2316 insistendo.
897 2285 999 2316 Nunc
1028 2295 1128 2325 vero,
1160 2284 1255 2317 sicut
1283 2284 1532 2330 multiplicatis
1561 2284 1783 2318 clamoribus
1811 2284 2016 2318 audivimus
2046 2284 2278 2318 ammirantes
2305 2290 2341 2317 et

472 2349 637 2382 dolentes
660 2350 862 2391 referimus,
886 2350 979 2383 bene
1001 2351 1164 2384 sonantis
1191 2350 1326 2384 cithare
1354 2351 1472 2384 dulcis
1500 2363 1614 2384 sonus
1641 2351 1678 2384 in
1704 2363 1829 2385 vocem
1856 2351 2124 2385 lamentationis
2145 2350 2338 2396 lugubrem

474 2416 727 2449 miserabiliter
748 2423 803 2449 est
829 2428 1044 2458 conversus,
1073 2423 1108 2450 et
1134 2417 1225 2450 odor
1252 2417 1458 2451 devotionis
1484 2418 1572 2451 alias
1599 2425 1798 2452 consuetus
1822 2419 1974 2452 fetorem
1996 2418 2166 2451 diffundit
2190 2417 2338 2451 lascivie

474 2488 509 2514 et
528 2482 564 2514 in
585 2482 743 2515 virorum
765 2483 937 2516 cordibus
958 2483 1195 2517 honestorum
1216 2484 1466 2518 amaritudinis
1487 2485 1671 2518 materiam
1692 2485 1955 2519 subministrat.
1977 2486 2106 2518 Fertur
2126 2485 2221 2518 enim
2242 2484 2340 2530 quod

475 2548 659 2581 modernis
681 2549 917 2593 temporibus,
940 2562 1021 2583 cum
1041 2558 1238 2584 occurrunt
1261 2551 1475 2585 festivitates
1501 2551 1711 2597 hujusmodi
1736 2552 1968 2594 celebrande,
1990 2551 2144 2597 predicti
2165 2551 2339 2592 scolareS,

476 2613 668 2646 devotione
698 2614 815 2647 cultus
843 2615 955 2648 divini
982 2617 1183 2661 postposita
1212 2618 1419 2663 spretisque
1449 2619 1606 2652 caritatis
1636 2618 1810 2664 operibus
1840 2619 2040 2660 consuetis,
2068 2617 2341 2651 commessatio—

476 2679 597 2720 nibus,
620 2680 864 2723 potationibus
885 2681 1038 2726 aliisque
1060 2683 1299 2728 reprobandis
1319 2684 1459 2718 actibus
1481 2685 1713 2718 intendentes
1739 2685 1965 2730 choreasque
1993 2691 2028 2718 et
2054 2684 2122 2718 alia
2148 2683 2338 2729 nephanda

478 2757 646 2778 exercere
676 2746 832 2779 ludibria
861 2747 1118 2782 nichilominus
1148 2757 1414 2794 presumentes,
1446 2751 1671 2785 honestatem
1702 2752 1828 2786 militie
1858 2751 2037 2785 clericalis
2071 2763 2090 2785 a
2120 2763 2158 2784 se
2188 2762 2341 2796 prorsus

477 2811 649 2853 abiciunt,
684 2824 780 2844 arma
814 2820 959 2846 sumunt
994 2821 1029 2847 et
1061 2816 1185 2848 armati
1220 2817 1393 2851 incedunt
1426 2825 1605 2852 nocturno
1641 2825 1802 2864 tempore
1832 2818 2052 2859 catervatim,
2083 2817 2339 2863 perturbantes

479 2877 712 2911 tumultuosis
746 2890 785 2911 ac
820 2878 1023 2913 inhonestis
1054 2881 1205 2915 vocibus
1239 2883 1418 2917 civitatem
1453 2884 1593 2930 aliaque
1627 2885 1723 2919 varia
1757 2884 2036 2926 committentes,
2073 2896 2137 2929 per
2167 2895 2236 2928 que
2268 2895 2341 2917 non

479 2944 596 2977 solum
626 2944 816 2977 incurrunt
846 2957 964 2977 rerum
994 2946 1198 2991 dispendia,
1229 2950 1294 2982 sed
1325 2950 1430 2983 etiam
1461 2963 1534 2984 non
1564 2952 1643 2985 sine
1672 2952 1774 2997 gravi
1803 2951 1976 2984 laicorum
2008 2950 2178 2984 scandalo
2213 2950 2343 2984 subse·
