2580 3528
239 417 337 459 1275]
583 426 631 449 ΑΒ
664 426 771 449 Anno
804 426 883 450 1166
915 427 1048 456 usque
1082 427 1132 449 An
1166 427 1397 450 Pnimrpuu
1432 427 1473 449 lv
1509 427 1598 449 nim.
1636 427 1773 450 rame.
2047 418 2111 450 535

235 501 314 535 vint
341 500 452 535 livres
482 500 527 534 de
552 500 684 546 parisis
709 500 796 546 qu'il
820 513 839 534 a
864 500 964 546 paiez
989 513 1056 546 por
1080 501 1152 534 moi
1182 513 1201 534 a
1232 501 1332 553 Paris
1363 512 1430 546 por
1454 512 1531 533 mes
1558 512 1710 546 propi-es
1741 500 1913 545 despens,
1946 501 2111 546 lesquiex

231 567 272 612 je
300 573 463 612 promest
490 578 509 600 a
539 566 672 600 rendre
706 579 771 612 par
805 579 859 600 ma
894 567 943 600 foi
979 579 1023 601 au
1057 567 1190 601 devant
1224 567 1276 600 dit
1312 567 1458 600 maistre
1488 566 1625 600 Robert
1653 579 1699 599 ou
1729 579 1747 599 a
1782 578 1850 599 son
1880 567 2111 599 commende-

238 639 335 666 mant
363 633 501 677 dedanz
530 632 563 666 la
593 633 771 678 quinzene
801 633 847 667 de
875 633 909 667 la
934 633 1168 667 Purification
1198 640 1301 667 notre
1325 634 1428 667 dame
1454 634 1516 679 qui
1542 633 1827 678 prochenemant
1850 633 1960 666 vient.
1995 634 2035 665 Et
2066 646 2111 666 an

237 699 421 745 tesmoing
449 699 494 732 de
522 706 622 733 ceste
647 699 758 733 chose
783 701 821 745 je
850 699 876 733 li
905 700 938 734 ai
968 699 1111 734 baillies
1140 712 1202 734 ces
1232 700 1364 734 lestres
1394 699 1550 734 seellees
1581 699 1625 732 de
1656 711 1740 732 mon
1771 699 1859 732 seel.
1891 699 1942 733 Ce
1973 700 2025 732 sut
2050 700 2111 732 sait

236 764 306 799 l'an
341 765 386 799 de
415 764 667 809 l’incarnation
697 772 822 799 nostre
853 766 1033 812 Seigneur
1063 766 1125 800 mil
1155 766 1224 800 dex
1253 778 1340 800 cens
1371 773 1406 800 et
1435 772 1601 812 septente
1631 765 1712 808 dex,
1740 765 1774 798 le
1809 765 1911 799 lundi
1942 769 2048 811 apres
2078 765 2111 798 la

237 829 444 878 thephauie.
463 845 480 863 »

329 899 372 932 Et
400 898 643 932 exhibuerunt
668 899 909 944 prenominati
935 906 1150 933 executores
1176 906 1428 933 testamentum
1455 899 1542 932 dicti
1567 899 1727 932 defuncti
1754 899 1917 944 magistri
1948 898 2111 940 Roberti,

238 964 362 1010 sigillo
392 965 493 998 curie
523 965 635 998 Paris.
663 971 699 999 et
722 965 846 1011 sigillo
872 965 990 1011 ipsius
1015 966 1180 1011 magistri
1205 966 1355 1000 Roberti
1380 965 1592 1012 sigillatum,
1620 973 1727 1011 prout
1753 966 1866 1012 prima
1891 966 1981 999 facie
2007 977 2111 1011 appa-

239 1029 351 1065 rebat.
383 1032 424 1064 ln
453 1043 525 1077 quo
555 1031 792 1066 testamento*
824 1032 1031 1066 continetur
1060 1032 1222 1066 clausula
1251 1045 1322 1078 que
1352 1032 1434 1066 talis
1459 1039 1515 1066 est
1541 1044 1548 1066 ε
1578 1047 1594 1064 ((
1627 1034 1715 1066 Item
1746 1032 1881 1078 legavit
1910 1044 2112 1078 congrega-

239 1098 328 1131 tioni
357 1110 556 1143 pauperum
593 1099 849 1144 magistrorum
887 1090 1042 1144 quorum
1080 1099 1248 1145 provisor
1284 1099 1400 1132 extitit
1435 1099 1550 1132 libros
1585 1111 1673 1133 suos
1708 1098 1906 1144 theologie,
1941 1099 2113 1132 videlicet

238 1170 372 1206 textus,
401 1165 627 1210 questiones,
658 1177 863 1206 sermones,
894 1165 1057 1211 exceptis
1087 1165 1271 1199 dumtaxat
1293 1165 1510 1211 quibusdam
1537 1165 1772 1199 sermonibus
1797 1165 1842 1199 de
1868 1165 2002 1211 quibus
2027 1166 2112 1199 secit

238 1230 495 1264 executoribus
524 1231 602 1274 suis
631 1231 852 1265 mentionem
884 1245 915 1264 ».
947 1233 1036 1265 Item
1067 1232 1102 1265 in
1133 1232 1229 1266 dicto
1260 1239 1476 1266 testamento
1505 1232 1667 1265 clausula
1697 1232 1904 1265 continetur
1929 1244 1999 1277 que
2030 1232 2111 1265 talis

238 1303 294 1330 est
317 1308 325 1330 t
362 1311 379 1330 ‹<
406 1298 495 1331 item
527 1297 642 1331 voluit
673 1304 709 1331 et
732 1298 913 1332 ordinavit
940 1298 1038 1343 quod
1070 1298 1246 1332 medietas
1271 1298 1450 1332 bonorum
1482 1311 1632 1349 suorum
1659 1299 1890 1332 residuorum
1922 1298 2110 1332 mobilium

237 1363 369 1397 solutis
398 1363 532 1397 debitis
561 1370 597 1397 et
625 1363 756 1409 legatis
781 1364 1001 1410 supradictis
1027 1365 1131 1398 cedat
1156 1365 1192 1398 in
1218 1365 1407 1398 utilitatem
1434 1365 1726 1410 supradictorum
1753 1377 1953 1410 pauperum
1980 1365 2108 1411 magis-

237 1436 374 1464 trorum
402 1444 432 1463 ».
464 1431 623 1474 Quarum
653 1430 854 1464 litterarum
885 1437 919 1464 et
954 1430 1198 1465 clausularum
1236 1431 1480 1477 predictarum
1511 1431 1780 1477 transcriptum,
1817 1432 1912 1464 sicut
1941 1432 2112 1477 superius

238 1497 465 1542 exprimitur,
500 1497 654 1531 fecimus
693 1496 890 1542 cujuslibet
924 1498 1008 1543 jure
1045 1497 1158 1531 salvo.
1196 1498 1267 1542 Qui
1307 1498 1453 1543 quidem
1495 1505 1709 1532 executores
1752 1498 1951 1543 supradicti
1993 1511 2112 1531 coram

239 1562 346 1597 nobis
375 1570 524 1610 propter
552 1563 621 1597 hoc
650 1564 838 1598 constituti
874 1564 1057 1610 predictas
1093 1565 1248 1610 pecunie
1284 1576 1443 1598 summas
1477 1577 1496 1598 a
1531 1565 1628 1598 dicto
1666 1565 1779 1598 milite
1814 1572 1853 1598 ut
1888 1565 2022 1598 dictum
2058 1572 2114 1598 est

239 1629 394 1672 debitas,
424 1636 461 1664 et
489 1642 597 1664 omne
621 1631 684 1676 jus
713 1642 752 1664 ac
782 1636 927 1664 omnem
957 1631 1135 1665 actionem
1166 1643 1237 1677 que
1266 1631 1358 1677 ipsis
1393 1631 1651 1665 executoribus
1680 1638 1893 1677 competunt
1925 1638 1987 1665 aut
2015 1644 2114 1665 com-

240 1702 364 1742 petere
387 1703 543 1742 possunt
566 1696 624 1731 vel
646 1696 782 1731 debent
803 1709 890 1743 erga
910 1697 1045 1731 dictum
1072 1697 1223 1732 militem
1249 1698 1442 1732 occasione
1467 1698 1647 1732 dictorum
1673 1697 1879 1732 debitorum
1903 1698 1947 1732 ab
1970 1698 2113 1740 eodem,

235 1763 338 1809 juxta
366 1763 516 1797 formam
546 1770 583 1797 et
610 1770 824 1809 potestatem
854 1764 926 1798 sibi
956 1765 1121 1798 traditam
1151 1777 1171 1798 a
1200 1765 1297 1798 dieto
1323 1765 1498 1811 magistro
1525 1764 1698 1807 Roberto,
1725 1772 1834 1810 prout
1856 1765 1894 1798 in
1924 1765 2020 1799 dicto
2046 1777 2113 1798 suo

241 1835 457 1864 testamento
486 1830 666 1864 contineri
691 1830 871 1873 dicebant,
903 1831 1096 1873 dederunt,
1123 1838 1317 1866 cesserunt
1345 1838 1380 1865 et
1404 1832 1637 1877 quitaverunt
1660 1843 1703 1865 ex
1736 1844 1830 1865 nunc
1860 1844 1980 1865 coram
2008 1831 2115 1866 nobis

242 1897 521 1943 congregationi
566 1897 744 1931 dictorum
789 1909 988 1944 pauperum
1025 1898 1282 1944 magistrorum
1319 1898 1540 1944 supradicte,
1578 1905 1614 1932 et
1649 1899 1686 1932 in
1723 1898 1872 1932 eandem
1911 1910 2114 1945 congrega-

242 1962 379 1997 tionem
407 1975 549 1998 exnunc
579 1963 737 1998 totaliter
766 1964 1032 1998 transtulerunt
1060 1965 1163 2010 juxta
1198 1965 1471 1999 ordinacionem
1508 1972 1544 1998 et
1580 1965 1739 1998 ultimam
1774 1965 1996 1999 voluntatem
2027 1965 2115 1999 dicti

243 2029 403 2063 defuncti
442 2030 606 2076 magistri
643 2030 791 2064 Roberti
829 2043 894 2077 pro
934 2031 1108 2077 porcione
1152 2031 1249 2065 illam
1286 2032 1579 2065 communitatem
1617 2032 1852 2078 contingente
1890 2034 1927 2065 in
1966 2032 2115 2065 residuo

243 2095 464 2142 supradicto.
501 2097 692 2141 Quitantes
728 2098 798 2144 ipsi
835 2104 1050 2132 executores
1090 2099 1236 2132 nomine
1272 2105 1506 2132 executorum
1544 2098 1630 2132 dicti
1667 2099 1872 2132 testamenti
1912 2099 2113 2144 predictum

244 2162 394 2196 militem
423 2169 461 2197 et
486 2162 643 2198 heredes
671 2164 789 2210 ipsius
819 2164 863 2198 de
894 2165 1001 2199 dictis
1031 2165 1194 2211 petivere
1224 2165 1391 2207 summis,
1421 2165 1452 2199 si
1482 2165 1578 2199 dicte
1602 2165 1850 2199 communitati
1876 2165 2011 2198 fuerint
2037 2177 2113 2211 per-

244 2228 377 2269 solute,
400 2235 436 2263 et
455 2230 708 2276 promittentes
730 2230 824 2265 bona
849 2231 920 2265 fide
946 2232 1093 2265 nomine
1123 2244 1195 2278 quo
1221 2232 1323 2278 prius
1348 2232 1446 2278 quod
1471 2239 1595 2266 contra
1621 2232 1867 2271 donationem,
1894 2232 2114 2274 cessionem,

246 2295 517 2330 translationem
545 2303 582 2330 et
610 2297 852 2343 quitacionem
887 2298 1069 2344 predictas
1097 2299 1182 2344 jure
1215 2298 1338 2344 aliquo
1373 2310 1439 2344 per
1471 2310 1511 2332 se
1545 2305 1607 2332 aut
1640 2310 1704 2344 per
1737 2298 1829 2331 alios
1866 2310 1939 2331 non
1968 2299 2116 2332 venient

246 2362 457 2396 infuturum.
489 2362 568 2406 Que
597 2369 716 2397 autem
745 2363 965 2406 audivimus,
996 2363 1063 2398 hec
1092 2363 1291 2410 cujuslibet
1320 2366 1404 2410 jure
1434 2364 1535 2398 salvo
1566 2371 1752 2405 testamur,
1784 2364 1820 2397 in
1851 2364 2113 2410 premissorum

247 2428 493 2462 testimonium
523 2429 567 2463 ad
596 2429 879 2475 requisicionem
909 2430 1089 2464 dictorum
1120 2437 1354 2464 executorum
1389 2430 1552 2476 sigillum
1587 2430 1687 2464 curie
1722 2430 1918 2464 Parisiens.
1963 2443 2115 2477 presen-

247 2494 344 2529 tibus
366 2494 498 2529 litteris
517 2502 754 2542 apponentes.
781 2497 859 2530 Dat.
885 2509 981 2531 anno
1004 2497 1149 2531 Domini
1172 2496 1366 2531 millesimo
1389 2497 1580 2532 CC·LXX⁰
1601 2497 1743 2543 quinto,
1767 2508 1892 2530 mense
1915 2497 2114 2532 decembri.

1511 2578 1542 2611 J.
1570 2587 1612 2610 m:
1639 2577 1674 2611 S.
1701 2578 1825 2611 Pmou.

340 2672 476 2706 Originnle
490 2673 516 2697 in
531 2673 636 2698 Archiv.
654 2677 707 2698 nat.
724 2675 750 2698 S.
766 2674 838 2703 62¹³,
857 2678 885 2698 n‘
900 2674 954 2698 153.
964 2674 1134 2707 ‚Appenditur
1148 2674 1300 2702 ueniolnm.
1316 2674 1406 2707 sigillo
1420 2674 1523 2700 :vul-o.

341 2756 364 2782 1.
382 2756 419 2782 De
433 2756 512 2782 rebus
527 2757 679 2783 mobilibus.
699 2757 763 2782 Vide
777 2758 809 2783 nd
825 2758 889 2783 baec
903 2766 985 2791 supr·
1000 2763 1030 2782 n⁰
1043 2758 1098 2788 1181,
1115 2766 1139 2782 n.
1156 2760 1179 2782 5.
