2580 3528
498 426 565 458 638·
1079 433 1398 456 CHARTULAfflUM
1434 431 1623 453 nulvssns.
1660 429 1788 451 PARls.
2271 418 2371 459 [1285

498 510 558 534 rius
575 509 623 537 IV,
640 512 678 531 n⁰³
692 509 808 532 688-691.
826 522 857 527 —
872 508 944 531 Sicut
964 516 1045 539 supra
1065 508 1098 531 11¹⁸
1118 509 1172 536 358,
1190 509 1254 530 358³
1275 507 1398 534 vidimus,
1419 504 1604 537 Augustiniuni
1624 503 1734 527 Parisiis
1754 503 1840 535 primo
1857 502 2014 527 habitabant
2030 506 2090 526 ante
2104 505 2210 534 portam
2232 503 2264 526 de
2279 502 2370 527 Mont-

498 557 622 583 martre,·
637 553 685 576 hoc
698 561 766 576 anno
781 553 842 576 1285
857 561 884 576 se
899 552 1095 576 transferebant
1109 553 1142 575 ad
1157 551 1335 578 Cardinetum,
1352 550 1397 573 ubi
1417 551 1602 573 remanserunt
1619 556 1702 579 usque
1717 548 1751 571 ad
1770 556 1868 571 anuum
1883 548 1952 576 1293,
1971 556 2023 579 quo
2038 555 2106 571 anno
2124 547 2162 571 eis
2181 546 2322 579 Philippus
2337 547 2372 570 IV

500 608 509 620 n
531 598 565 622 ol)
581 599 697 621 savorem
718 597 856 629 potissime
877 597 967 621 fratris
988 597 1075 628 Egidii
1094 597 1203 620 Romani
1224 596 1287 619 Ord.
1312 596 1385 618 fratr.
1408 595 1510 617 Herem.
1529 594 1555 616 S.
1574 592 1714 624 Augustini
1735 600 1809 616 sacre
1831 591 1929 624 pagine
1947 591 2134 624 professoris»
2151 592 2239 615 locum
2254 591 2370 620 donavit,

499 651 575 673 quem
591 643 685 665 fratres
701 642 840 665 Succorum
857 642 889 665 de
904 641 1047 672 penitentia
1061 641 1123 664 Jesu
1142 640 1239 664 Christi
1255 639 1388 662 habebant
1402 642 1427 662 et
1441 638 1613 669 reliquerunt,
1630 637 1662 660 de
1677 645 1728 668 quo
1744 636 1770 660 in
1786 639 1855 660 tomo
1871 637 1903 660 Π.

502 831 612 867 527.
639 840 763 865 Litterae
787 839 907 864 Ilonorii
927 847 1026 874 papae
1051 839 1095 863 IV
1118 837 1158 862 ad
1182 836 1333 862 Nicolaum
1358 835 1564 862 cancellar-ium
1588 835 1792 870 Parisiensem,
1821 834 1933 870 quibus,
1959 834 1999 860 ad
2022 833 2182 870 exemplum
2201 834 2371 870 pontificum

590 888 747 914 Innocentis·
760 889 807 921 JV,
824 887 987 913 Alexandri
1006 888 1053 920 JV,
1074 886 1224 912 Clementis
1246 886 1324 912 IVet
1348 884 1477 919 Gregorii
1491 884 1524 919 X,
1544 884 1676 921 providet
1696 887 1728 910 ut
1746 883 1852 918 clerici,
1871 883 1900 909 in
1915 883 2044 910 Arabica
2060 882 2161 918 lingua
2181 888 2207 910 et
2227 882 2256 910 in
2270 883 2372 910 ceteris

584 937 714 973 partium
737 936 925 962 Orientalium
946 935 1052 970 linguis
1074 934 1189 969 eruditi,
1211 934 1260 970 qui
1281 934 1415 960 Parisius
1431 933 1627 967 mittebantur,
1642 942 1696 969 pro
1717 933 1944 959 necessariorum
1965 932 2081 967 defectu
2096 932 2133 958 ab
2149 931 2260 969 incepto
2276 931 2374 959 studio

588 985 728 1012 desistere
743 994 798 1010 non
812 988 959 1019 cogalltlll'.

1474 1032 1549 1061 1286,
1565 1031 1684 1058 danum-17
1694 1032 1739 1061 23,
1756 1032 1850 1057 Romae
1865 1039 1904 1064 ap.
1922 1031 1944 1057 S.
1960 1031 2085 1057 Sabinam.

590 1108 727 1141 Dilecto
745 1108 819 1141 filio
839 1135 859 1140 ..
879 1107 1094 1140 cancellario
1116 1106 1271 1140 ecclesie
1288 1106 1519 1140 Parisiensis.
1542 1107 1594 1139 De
1616 1106 1807 1139 affectione
1824 1106 1881 1151 pia
1902 1112 1938 1139 et
1957 1105 2207 1139 moderatione
2223 1104 2375 1150 provida

503 1177 547 1209 se.
577 1187 627 1208 re.
656 1175 858 1208 innocentii
887 1186 976 1219 pape
1003 1175 1064 1216 IV,
1091 1173 1367 1219 predecessoris
1394 1173 1524 1214 nostri,
1546 1173 1683 1206 dudum
1711 1173 1876 1206 noscitur
1903 1172 2143 1218 processisse,
2173 1171 2272 1217 quod
2295 1171 2375 1217 ipse

502 1242 676 1287 quosdam
701 1241 868 1282 clericos,
893 1247 961 1273 tam
987 1241 1024 1273 in
1044 1240 1198 1273 Arabica
1219 1252 1325 1285 quam
1351 1240 1388 1272 in
1414 1239 1495 1273 aliis
1520 1239 1658 1285 linguis
1683 1239 1836 1284 partium
1864 1238 2095 1273 orientalium
2123 1237 2287 1271 eruditos
2313 1237 2375 1271 tali

501 1309 545 1341 de
565 1320 671 1341 causa
690 1308 782 1340 mitti
803 1307 985 1352 disposuit
1005 1307 1166 1340 Parisius
1187 1307 1230 1340 ad
1252 1307 1486 1348 studendum,
1509 1313 1549 1339 ut
1568 1306 1768 1339 doctrinam
1789 1317 1891 1339 sacre
1912 1306 2044 1352 pagine
2065 1305 2266 1346 consecuti,
2283 1303 2375 1338 alios

500 1375 543 1408 ad
569 1374 719 1408 salutem
747 1374 784 1407 in
812 1374 1063 1407 transmarinis
1084 1373 1248 1418 partibus
1270 1373 1494 1406 erudirent'.
1518 1373 1579 1406 Pie
1601 1385 1747 1418 quoque
1768 1372 1943 1406 memorie
1963 1371 2171 1405 Alexander
2195 1383 2286 1417 papa
2312 1371 2374 1413 IV,

502 1442 743 1487 predecessor
763 1447 901 1482 noster,
924 1453 968 1473 ne
990 1440 1099 1473 iidem
1121 1440 1259 1482 clerici,
1282 1440 1343 1485 qui
1365 1446 1467 1473 erant
1487 1446 1572 1473 tunc
1592 1439 1717 1472 decem
1739 1439 1913 1480 Parisius,
1935 1438 1979 1471 ab
2001 1439 2145 1484 incepto
2167 1437 2289 1471 studio
2310 1449 2376 1483 pro

501 1508 791 1541 necessariorum
819 1507 961 1540 defectu
988 1507 1167 1540 desistere
1193 1513 1427 1552 cogerentur,
1450 1506 1631 1552 quondam
1656 1533 1678 1539 ..
1705 1505 1922 1540 cancellario
1947 1505 2160 1547 Parisiensi,
2182 1504 2377 1550 predeces-

503 1575 576 1607 sori
604 1581 679 1616 tuo,
701 1574 745 1607 ad
772 1574 885 1607 instar
913 1574 1029 1619 ipsius
1057 1574 1333 1619 predecessoris
1359 1573 1577 1612 Innocentii,
1601 1573 1678 1606 suis
1705 1572 1775 1606 sub
1802 1579 1900 1606 certa
1927 1572 2040 1605 forma
2068 1571 2216 1605 dedisse
2245 1570 2378 1604 dicitur

503 1642 633 1674 litteris
663 1641 700 1673 in
729 1641 918 1681 mandatis,
949 1647 988 1674 ut
1016 1641 1107 1686 ipsis
1138 1641 1262 1674 decem
1294 1647 1330 1674 et
1359 1640 1509 1673 totidem
1539 1640 1634 1682 aliis,
1665 1652 1747 1672 cum
1778 1645 1904 1672 essent
1932 1638 2083 1680 ibidem,
2115 1637 2158 1671 ab
2193 1637 2377 1683 aliquibus

504 1707 733 1741 monasteriis
753 1707 811 1741 vel
836 1707 1003 1740 ecclesiis
1029 1707 1134 1752 regni
1155 1707 1318 1749 Francie,
1341 1707 1387 1740 ita
1410 1714 1528 1740 tamen
1553 1706 1654 1752 quod
1679 1706 1716 1739 in
1742 1705 1900 1752 singulis
1922 1705 2153 1738 monasteriis
2178 1704 2236 1738 vel
2261 1703 2379 1738 eccle-

503 1775 568 1807 siis
591 1774 741 1815 eisdem,
770 1773 926 1819 singulis
952 1774 1101 1819 prefatis
1127 1774 1285 1816 clericis,
1311 1773 1484 1807 videlicet
1507 1774 1651 1819 viginti,
1679 1773 1736 1807 vel
1761 1773 1842 1806 aliis
1867 1772 1921 1806 eis
1946 1771 2162 1805 cedentibus
2187 1771 2246 1805 vel
2271 1771 2378 1805 dece-

503 1840 674 1874 dentibus
695 1841 732 1873 in
758 1840 839 1873 loco
865 1840 1149 1874 succedentibus
1170 1840 1395 1882 eorumdem,
1418 1853 1536 1886 usque
1557 1840 1601 1873 ad
1622 1852 1813 1873 numerum
1839 1845 2062 1885 pretaxatum
2087 1838 2223 1871 faceret
2249 1849 2313 1883 per
2338 1849 2378 1871 se

502 1907 559 1941 vel
579 1919 643 1952 per
663 1907 771 1940 alium
792 1907 829 1940 in
849 1907 975 1940 decem
996 1907 1101 1940 libris
1122 1907 1315 1952 parisiens.
1338 1907 1443 1941 annis
1464 1907 1634 1953 singulis,
1653 1906 1826 1952 quamdiu
1842 1906 2003 1939 Parisius
2023 1904 2235 1950 hujusmodi
2256 1903 2378 1938 studio

504 1974 727 2015 insisterent,
754 1974 953 2019 provideri,
983 1974 1180 2007 dummodo
1212 1974 1472 2008 monasterium
1499 1973 1557 2007 vel
1583 1973 1751 2014 ecclesia,
1782 1972 1880 2018 quod
1909 1972 1967 2006 vel
1995 1983 2065 2017 que
2090 1983 2156 2017 per
2181 1970 2376 2004 triennium

503 2040 539 2073 id
567 2040 738 2082 solveret,
761 2053 871 2086 super
891 2040 958 2074 hoc
980 2053 1053 2074 non
1078 2047 1292 2086 gravaretur
1317 2041 1484 2082 ulterius,
1508 2040 1633 2073 eadem
1659 2039 1773 2085 gratia
1799 2045 1971 2084 quantum
1998 2038 2042 2071 ad
2067 2037 2135 2071 alia
2160 2037 2379 2071 monasteria

503 2107 559 2139 vel
587 2107 760 2140 ecclesias
788 2107 824 2140 in
852 2120 918 2140 suo
951 2107 1083 2140 robore
1117 2107 1378 2141 nichilominus
1405 2107 1639 2153 perdurante,
1662 2106 1964 2147 contradictores,
1992 2110 2058 2139 etc.
2086 2115 2191 2150 usque
2212 2115 2379 2150 compes-

503 2174 655 2206 cendo'.
684 2174 919 2207 Postmodum
944 2186 1045 2216 vero,
1074 2175 1121 2207 fe.
1152 2186 1202 2207 re.
1230 2174 1402 2208 Clemens
1428 2186 1531 2219 papa,
1560 2173 1803 2219 predecessor
1829 2179 1967 2214 noster,
1994 2171 2176 2217 quondam
2204 2170 2379 2217 magistro

503 2240 623 2274 Odoni
644 2241 688 2273 de
711 2241 839 2274 Sancto
861 2241 1050 2287 Dionysio,
1073 2241 1248 2274 canonico
1269 2240 1480 2283 Parisiensi,
1503 2241 1580 2274 suis
1602 2239 1670 2273 sub
1691 2246 1788 2273 certa
1808 2239 1922 2272 forma
1944 2238 2045 2272 dedit
2064 2238 2196 2271 litteris
2217 2237 2254 2270 in
2279 2248 2380 2270 man-

503 2307 608 2349 datis,
628 2314 665 2340 ut
685 2307 728 2340 ad
749 2308 997 2353 provisionem
1019 2308 1198 2341 dictorum
1220 2307 1345 2341 decem
1368 2314 1403 2340 et
1422 2307 1575 2341 aliorum
1598 2307 1723 2340 decem
1745 2306 1962 2339 clericorum
1983 2305 2148 2350 ejusdem
2170 2311 2279 2346 terre,
2297 2315 2378 2337 cum

504 2374 663 2406 parisius
693 2381 830 2416 essent,
861 2387 925 2420 per
953 2387 992 2407 sc
1022 2374 1080 2408 vel
1107 2386 1172 2420 per
1198 2374 1306 2408 alium
1335 2374 1552 2420 procederet
1575 2375 1678 2419 juxta
1705 2380 1869 2406 tenorem
1902 2372 2144 2418 predictarum
2178 2370 2379 2404 litterarum

504 2440 713 2473 eorumdem
740 2441 1045 2485 predecessorum
1070 2441 1275 2474 Innocentii
1297 2448 1332 2474 et
1351 2441 1548 2474 Alexandri
1568 2441 1612 2474 ad
1633 2441 1769 2474 dictum
1789 2439 2045 2473 cancellarium
2072 2438 2312 2480 directarum3
2339 2448 2379 2470 ac

506 2507 747 2550 postmodum,
777 2507 834 2552 pie
860 2508 1034 2540 memorie
1060 2508 1264 2553 Gregorius
1291 2520 1380 2553 papa
1406 2509 1450 2550 X,
1472 2507 1715 2553 predecessor
1739 2513 1877 2548 noster,
1904 2506 2022 2539 eidem
2050 2505 2225 2550 magistro
2259 2502 2380 2537 Odoni

506 2584 569 2616 per
594 2584 678 2605 suas
706 2573 887 2607 mandavit
910 2574 1062 2616 litteras,
1084 2581 1122 2607 ut
1142 2575 1185 2608 ad
1211 2575 1459 2620 provisionem
1487 2574 1666 2607 dictorum
1692 2573 1909 2607 clericorum
1938 2584 2003 2618 per
2030 2584 2068 2605 se
2095 2571 2154 2605 vel
2181 2583 2245 2616 per
2270 2569 2379 2603 alium

507 2638 722 2682 procederet
746 2640 947 2672 secundum
974 2641 1183 2674 earumdem
1210 2641 1295 2674 dicti
1321 2641 1598 2687 predecessoris
1628 2640 1829 2675 Clementis
1855 2638 2115 2672 continentiam
2140 2637 2378 2670 litteraru1n³.

506 2705 579 2737 Nos
596 2704 714 2749 itaque
731 2705 895 2738 volentes
917 2713 955 2739 ut
975 2707 1073 2752 quod
1093 2719 1158 2752 per
1179 2708 1364 2753 predictos
1386 2708 1671 2753 predecessores
1693 2713 1840 2740 nostros
1861 2706 1898 2738 in
1918 2705 1983 2738 hac
2004 2710 2104 2750 parte
2125 2703 2380 2736 demandatum

506 2770 622 2803 extitit
655 2770 800 2815 plenum
836 2780 1079 2817 consequatur
1110 2774 1291 2816 effectum,
1323 2775 1537 2807 discretioni
1570 2781 1629 2807 tue
1665 2785 1730 2819 per
1766 2772 1966 2818 apostolica
2000 2771 2133 2816 scripta
2168 2769 2380 2803 mandamus

506 2837 676 2882 quatinus
706 2837 749 2870 ad
779 2838 1025 2882 provisionem
1056 2839 1234 2873 dictorum
1264 2840 1495 2883 clericorum,
1527 2853 1592 2886 per
1621 2847 1655 2873 te
1684 2839 1743 2874 vel
1771 2851 1836 2885 per
1865 2838 1988 2880 alium,
2016 2836 2227 2870 auctoritate
2255 2842 2380 2870 nostra

506 2903 681 2948 procedas
714 2904 914 2936 secundum
944 2906 1154 2939 eorumdem
1189 2907 1369 2940 dictorum
1403 2907 1707 2952 predecessorum
1744 2912 1952 2938 nostrorum
1988 2903 2247 2937 continentiam
2282 2902 2379 2936 litte-

506 2982 637 3012 rarum,
659 2982 732 3002 non
758 2969 935 3011 obstante,
959 2971 989 3004 si
1010 2971 1171 3016 prelatis,
1193 2973 1251 3006 vel
1271 2973 1453 3019 collegiis,
1475 2980 1535 3007 aut
1555 2973 1724 3019 personis
1746 2971 2051 3005 monasteriorum
2079 2977 2113 3003 et
2140 2969 2379 3003 ecclesiarum
