2580 3528
467 434 533 467 668
1050 439 1367 463 CHARTULARIUM
1402 437 1592 460 umvsns.
1629 436 1759 459 PARls.

467 563 513 586 256
602 561 667 587 1255
775 560 897 585 Octobris
913 561 927 583 2
985 559 1105 591 Magistri
1121 562 1146 582 et
1160 558 1294 582 scholares
1308 557 1391 581 Paris.
1406 556 1523 580 omnium
1539 555 1695 579 facultatum
1710 554 1866 578 denuntiant
1880 555 2027 580 Alexandro
2042 555 2076 579 IV
2090 563 2118 579 se
2133 554 2255 579 omnibus

1016 603 1182 627 renuntiasse
1208 602 1366 634 privilegiis,
1393 601 1493 624 nullam
1521 608 1581 623 cum
1607 598 1736 623 fratribus
1762 599 1992 623 Praedicatoribus
2019 599 2171 624 societatem
2194 599 2256 623 iniri

1015 656 1103 680 posse,
1124 647 1280 670 dissolutam
1303 654 1360 669 esse
1382 645 1501 677 ipsorum
1523 644 1714 675 magistrorum
1736 643 1905 673 societatem;
1930 644 1954 668 si
1976 644 2010 668 ad
2031 644 2174 668 ineundam
2196 652 2256 667 cum

1008 691 1247 726 vPraedicatorihus
1263 690 1386 714 unionem
1401 692 1567 720 cogerentur,
1588 696 1616 712 se
1631 688 1711 712 malle
1726 696 1741 711 a
1756 687 1862 712 civitate
1877 688 2012 712 discedere
2015 705 2255 713 ..........
2300 688 2346 712 292

467 754 512 776 257
623 766 653 769 ——
816 766 844 770 —
899 752 927 774 23
985 750 1130 774 Alexander
1145 750 1178 772 IV
1193 748 1338 779 Reginaldo
1351 747 1475 778 episcopo
1488 746 1631 770 Parisiensi
1644 745 1752 769 mandat
1765 749 1793 769 ut
1806 746 2029 770 lntroductorium
2041 746 2067 770 in
2082 746 2256 778 Evangelium

1016 798 1151 817 aeternum
1166 796 1191 816 et
1206 792 1335 824 quasdam
1351 791 1490 815 schedulas
1511 791 1612 814 aboleri
1629 794 1703 814 curet
1706 807 2255 815 ......................
2300 791 2345 814 297

467 855 512 878 258
622 869 653 871 -
758 853 913 878 Novembris
928 854 942 875 4
985 851 1131 875 Alexander
1142 851 1175 874 IV
1186 850 1294 873 mandat
1304 849 1450 881 chinaldo
1458 849 1584 880 episcopo
1593 848 1668 872 Paris
1687 851 1716 872 ut
1726 848 1753 872 in
1764 848 1895 872 abolendo
1905 848 2099 872 Introductorio
2113 848 2257 881 prudenter

1015 896 1150 927 procedat,
1164 903 1195 918 ne
1212 896 1306 917 fratres
1322 894 1435 917 Minores
1451 902 1482 917 ex
1495 893 1545 916 hoc
1560 893 1646 916 ullum
1661 893 1836 925 opprobrium
1850 893 1987 917 incurrant
1990 910 2255 918 ...........
2300 893 2346 916 298

466 957 512 980 259
622 970 652 973 —
759 955 909 980 Decembris
927 956 939 978 7
985 953 1129 977 Alexander
1143 953 1176 976 IV
1191 953 1224 975 ad
1240 951 1417 975 llailuericum
1437 951 1625 975 cancellarium
1640 950 1816 975 Parisiensem
1831 954 1860 975 ut
1873 951 1983 983 regendi
2001 950 2111 975 Parisiis
2126 951 2153 974 in
2167 950 2257 983 aliqua

1017 998 1140 1021 facultate
1159 997 1256 1020 nemini
1276 996 1410 1020 licentiam
1429 995 1539 1025 tribuat,
1563 995 1608 1027 qui
1627 995 1730 1019 litteras
1755 995 1916 1027 apostolicas
1941 995 2028 1023 Quasi
2049 995 2162 1027 lignum
2183 995 2258 1020 vitae

1015 1042 1130 1065 noluerit
1141 1042 1283 1065 observare
1287 1057 2256 1066 ......................................
2300 1039 2346 1064 298

466 1103 511 1125 260
623 1117 649 1119 -
817 1115 845 1119 —
927 1102 939 1124 7
983 1100 1129 1124 Alexander
1144 1100 1177 1122 IV
1190 1099 1283 1122 scribit
1298 1098 1456 1122 cancellario
1470 1099 1497 1122 S.
1512 1098 1660 1123 Genovefae
1675 1098 1707 1122 de
1722 1098 1814 1122 eodem
1828 1098 1986 1130 argumento
1989 1114 2256 1122 ...........
2300 1097 2348 1122 299

466 1160 508 1183 261
621 1175 651 1177 -
815 1173 846 1175 ᾈ
926 1159 939 1181 7
984 1157 1130 1181 Alexander
1144 1158 1178 1180 IV
1192 1157 1301 1180 mandat
1315 1156 1458 1181 Guillelmo
1473 1156 1655 1180 Aurelianensi
1671 1159 1696 1180 et
1710 1156 1825 1180 Guidoni
1840 1156 2065 1180 Autissiodorensi
2078 1155 2211 1188 episeopis
2229 1159 2258 1180 ut

1015 1202 1158 1233 magistros
1174 1205 1199 1225 et.
1214 1201 1358 1230 scholares,
1372 1201 1417 1233 qui
1430 1201 1623 1224 ordinationem
1638 1200 1664 1224 in
1679 1200 1775 1224 litteris
1791 1201 1881 1228 Quasi
1893 1200 2008 1231 liynum
2020 1201 2095 1225 vitae
2108 1203 2257 1224 contentam

1014 1255 1066 1270 non
1079 1246 1228 1275 observent,
1244 1245 1398 1269 nominatim
1415 1245 1692 1269 excommunicationis
1706 1245 1835 1269 sententia
1846 1245 1964 1277 plectant
1966 1261 2256 1270 ............
2301 1242 2348 1269 299

465 1307 510 1329 262
620 1321 651 1324 -
815 1321 845 1323 -
910 1306 939 1329 10
983 1304 1129 1328 Alexander
1149 1304 1182 1327 lv
1205 1303 1347 1328 Guillelmo
1371 1303 1552 1327 Aurelianensi
1575 1306 1600 1326 et
1621 1302 1735 1327 Guidoni
1759 1303 1983 1326 Autissiodorensi
2006 1302 2138 1334 episcopis
2161 1302 2258 1326 iterum

1015 1349 1123 1372 mandat
1137 1352 1166 1372 ut
1180 1348 1316 1380 inquirant
1330 1348 1400 1371 cirea
1415 1348 1499 1371 relata
1515 1348 1547 1371 de
1564 1347 1706 1372 Guillelmo
1722 1347 1754 1371 de
1769 1348 1865 1371 Sancto
1881 1348 1975 1371 Amore
1993 1350 2072 1379 atque
2091 1347 2151 1371 aliis
2164 1346 2258 1379 judieii

1014 1393 1162 1422 veritatem,
1180 1393 1411 1424 inobedientesque
1427 1392 1522 1416 officiis
1537 1395 1563 1415 et
1579 1392 1714 1415 beneficiis
1737 1400 1882 1423 suspensos
1905 1392 2059 1415 denuntient
2068 1409 2257 1416 ........
2301 1393 2348 1416 800

465 1453 510 1476 263
600 1449 666 1476 1258
765 1453 885 1477 ,Ianuarii
901 1454 931 1476 28
984 1451 1130 1475 Alexander
1144 1451 1178 1474 IV
1192 1451 1226 1474 ad
1241 1453 1375 1474 cantorem
1390 1450 1576 1474 Belvacensem
1591 1453 1617 1473 et
1631 1449 1775 1474 Robertum
1787 1450 1819 1473 de
1834 1449 1932 1478 Duaco,
1947 1452 1977 1473 ut
1990 1449 2024 1473 ad
2039 1449 2259 1473 contribuendum

1014 1496 1041 1519 in
1054 1495 1176 1527 expensis
1195 1495 1229 1518 ah
1242 1495 1420 1519 Universitate
1433 1495 1509 1518 factis
1522 1494 1652 1526 pendente
1665 1494 1711 1518 lite
1728 1497 1819 1518 contra
1833 1495 1928 1518 fratres
1942 1494 2006 1518 Ord.
2018 1494 2111 1518 Praed.
2127 1494 2259 1518 neminem

1015 1541 1174 1571 compellere
1188 1543 1360 1571 praesumant
1364 1555 2258 1564 ...................................
2303 1539 2347 1563 301

466 1601 510 1623 2614
616 1614 648 1619 -
810 1615 836 1618 -
901 1601 930 1623 28
984 1598 1130 1622 Alexander
1144 1598 1176 1621 IV
1189 1598 1222 1621 ad
1238 1597 1408 1621 Guillelmum
1423 1597 1639 1620 Aurelianenscm
1654 1600 1679 1620 et
1691 1596 1839 1621 Guidonem
1851 1596 2108 1620 Autissiodorensem
2120 1597 2259 1628 episcopos

1015 1643 1047 1666 de
1067 1643 1159 1666 eodem
1179 1645 1335 1674 argumento
1339 1657 2259 1666 ....................................
2302 1641 2350 1664 302

466 1703 511 1725 265
622 1717 652 1720 —-
809 1717 839 1720 —
901 1703 928 1725 31
984 1701 1131 1724 Alexander
1146 1701 1179 1723 IV
1194 1700 1271 1724 fratri
1286 1699 1399 1724 Guidoni
1413 1699 1504 1723 abbati
1517 1699 1548 1723 de
1561 1699 1712 1723 Elemosina
1727 1699 1790 1723 Ord.
1808 1699 1917 1723 Cisterc.
1932 1707 1948 1722 a
1962 1699 2066 1723 duobus
2079 1698 2259 1723 cardinalibus

1016 1745 1042 1768 in
1057 1745 1131 1768 curia
1146 1745 1294 1768 examinato
1308 1744 1443 1768 licentiam
1457 1744 1562 1776 legendi
1578 1743 1687 1768 Parisiis
1704 1744 1749 1767 dat
1763 1743 1791 1767 in
1807 1744 1931 1768 facultate
1943 1743 2102 1775 theologica,
2117 1743 2260 1776 statuitque

1015 1793 1045 1813 ut
1059 1790 1191 1813 consortio
1211 1789 1402 1821 magistrorum
1422 1789 1612 1812 Parisiensium
1627 1790 1782 1820 perfruatur
1784 1805 2259 1813 ...................
2303 1788 2350 1812 302

466 1850 511 1872 266
623 1864 650 1867 —
809 1863 840 1866 —
902 1850 929 1872 31
985 1847 1131 1871 Alexander
1147 1848 1180 1871 IV
1192 1847 1359 1871 universitati
1374 1847 1565 1878 magistrorum
1581 1846 1772 1870 Parisiensium
1786 1846 1818 1870 de
1833 1846 1925 1870 eodem
1939 1849 2096 1877 argumento
2098 1862 2258 1870 .......
2304 1846 2351 1871 30³

466 1908 510 1930 267
622 1922 652 1925 ——
759 1907 895 1930 Februarii
911 1907 938 1929 11
985 1906 1131 1929 Alexander
1146 1906 1179 1928 lv
1194 1905 1287 1928 scribit
1301 1905 1446 1936 Reginaldo
1464 1905 1589 1936 episcopo
1604 1904 1748 1928 Parisiensi
1761 1904 1792 1928 de
1807 1903 2001 1928 contributione
2015 1904 2042 1927 in
2055 1903 2178 1935 expensis
2193 1903 2260 1928 Uni-

1016 1950 1159 1979 versitatis,
1176 1953 1201 1973 et
1215 1953 1244 1973 ut
1259 1950 1322 1978 illis,
1339 1949 1383 1982 qui
1399 1952 1542 1973 renuerunt
1555 1950 1683 1978 conferre,
1700 1949 1733 1972 ad
1749 1949 1880 1973 cautelam
1894 1948 2069 1972 absolutionis
2085 1951 2111 1972 et
2125 1948 2260 1980 dispensa-

1015 1995 1094 2018 tionis
1110 1994 1267 2018 beneficium
1279 1994 1416 2026 impendat
1419 2010 2260 2020 .................................
2304 1993 2350 2017 304

467 2054 512 2076 268
623 2068 653 2071 —
791 2055 878 2078 Martii
898 2055 907 2078 1
986 2053 1098 2076 Litterae
1121 2052 1239 2084 Philippi
1262 2052 1444 2081 Bituricensis,
1462 2052 1578 2076 Thomae
1594 2051 1738 2080 Remensis,
1755 2051 1861 2075 Hem-ici
1881 2051 2048 2079 senonensis,
2065 2050 2165 2074 Odonis
2180 2051 2261 2075 Roto—

1018 2097 1150 2129 magensis
1175 2097 1446 2129 archiepiscoporum,
1471 2096 1568 2128 quibus
1593 2100 1683 2120 notam
1708 2096 1808 2119 faciunt
1831 2095 2050 2127 compositionem
2074 2095 2168 2119 initam
2193 2095 2261 2119 inter

1017 2143 1111 2165 fratres
1127 2141 1324 2165 Praedicatores
1340 2145 1366 2165 et
1381 2141 1523 2172 magistros
1539 2140 1702 2164 Parisienses
1706 2156 2259 2165 ......................
2304 2140 2351 2163 304

468 2201 513 2223 269
623 2214 652 2218 —
820 2216 850 2219 ›-
896 2204 910 2225 3
986 2200 1131 2223 Alexander
1146 2200 1178 2222 IV
1190 2199 1321 2230 praecipit
1334 2199 1478 2230 Reginaldo
1489 2199 1614 2230 episcopo
1625 2198 1768 2222 Parisiensi
1780 2206 1870 2222 omnes
1881 2197 2146 2222 excommunicandos
2159 2197 2261 2230 magis-

1016 2247 1081 2273 tros,
1098 2244 1142 2276 qui
1158 2244 1292 2267 scholares
1306 2245 1418 2267 fratrum
1431 2243 1646 2267 praedicatorum
1660 2246 1686 2267 et
1701 2244 1797 2267 fratres
1812 2243 1885 2274 ipsos
1900 2242 2021 2266 lectionis
2034 2245 2060 2266 et
2072 2242 2260 2274 disputationis

1016 2292 1135 2320 tempore
1151 2297 1212 2312 suas
1229 2288 1334 2311 scholas
1353 2288 1453 2312 intrare
1473 2291 1499 2312 et
1517 2287 1570 2311 alia
1587 2289 1673 2312 facere
1691 2296 1742 2311 non
1757 2287 1915 2319 permittunt
1917 2303 2261 2311 ..............
2305 2287 2351 2311 305

468 2347 513 2370 270
623 2361 654 2364 —-
819 2362 850 2366 —
896 2350 910 2372 3
986 2347 1132 2370 Alexander
1158 2347 1191 2370 IV
1214 2346 1307 2370 laudat
1331 2346 1510 2370 Ilaimericum
1534 2346 1722 2370 cancellarium
1747 2345 1924 2370 Parisiensem
1946 2345 1980 2369 ob
2005 2353 2158 2369 concessam
2184 2344 2261 2369 fratri

1017 2391 1133 2415 Thomae
1149 2391 1180 2414 de
1196 2391 1297 2423 Aquino
1312 2390 1445 2414 licentiam
1462 2391 1582 2419 docendi,
1602 2390 1678 2422 eique
1700 2390 1809 2414 mandat
1828 2393 1858 2414 ut
1872 2390 2006 2422 quamcito
2025 2395 2085 2414 eum
2105 2389 2131 2413 in
2147 2389 2261 2413 Univer-

1018 2436 1095 2459 sitate
1108 2435 1251 2459 Parisiensi
1264 2435 1401 2467 regiminis
1414 2435 1576 2467 principium
1589 2435 1686 2459 habere
1705 2435 1799 2464 facian
1816 2438 1973 2459 conventum
1988 2434 2051 2459 Ord.
2067 2434 2161 2458 Praed.
2175 2433 2259 2458 Paris.

1018 2481 1229 2504 commendatum
1244 2480 1340 2504 habeat
1343 2495 2260 2505 ....................................
2305 2478 2350 2502 307

469 2534 512 2556 271
624 2547 655 2550 —
788 2534 885 2566 Aprilis
901 2536 915 2558 ll
987 2534 1132 2557 Alexander
1155 2534 1188 2557 lv
1212 2534 1364 2565 magistros,
1390 2533 1524 2558 scholares
1551 2534 1738 2565 auditoresque
1764 2533 1926 2557 Parisienses
1953 2532 2077 2556 admonet
2100 2535 2130 2556 ut
2152 2539 2262 2556 erronea

1017 2578 1130 2610 vestigia
1149 2578 1320 2606 declinantes,
1335 2578 1457 2610 partibus
1478 2578 1655 2607 seductorum,
1671 2577 1813 2610 praecipue
1829 2577 1951 2609 magistri
1969 2577 2104 2601 Guillelmi
2119 2576 2151 2600 de
2166 2576 2261 2600 Sancto

1018 2623 1112 2646 Amore
1127 2623 1270 2652 derelictis,
1286 2623 1388 2646 litteras
1405 2623 1565 2655 apostolicas
1582 2626 1732 2646 reverenter
1746 2622 1887 2646 observent
1889 2637 2260 2647 ...............
2305 2620 2351 2644 307

470 2675 515 2698 272
626 2689 656 2692 m
823 2690 855 2693 —
903 2677 916 2699 'A
988 2677 1133 2699 Alexander
1158 2677 1191 2699 lv
1212 2676 1356 2708 Reginaldo
1379 2676 1504 2708 episcopo
1526 2676 1670 2700 Parisiensi
1694 2676 1810 2705 mandat,
1834 2675 1977 2707 compellat
1999 2675 2129 2707 quosdam
2152 2674 2261 2698 clericos

1018 2720 1127 2744 Parisiis
1142 2724 1344 2749 commorantes,
1361 2721 1406 2753 qui
1419 2721 1501 2753 impio
1516 2721 1705 2744 diffamationis
1721 2729 1812 2744 morsu
1827 2720 1954 2744 Ordinem
1966 2719 2182 2743 Praedicatorum
2194 2718 2262 2742 lace-

1020 2765 1115 2788 rabant
1129 2768 1154 2788 et
1171 2766 1311 2788 nonnullos
1327 2767 1439 2789 fratrum
1458 2765 1576 2797 ejusdem
1589 2765 1727 2797 sacrilegis
1748 2765 1847 2788 ibidem
1857 2764 1980 2788 manibus
1996 2763 2151 2787 verberibus
2172 2762 2262 2786 affece-

1019 2813 1087 2838 rant,
1103 2813 1132 2833 ut
1147 2810 1224 2833 dietis
1245 2810 1372 2833 fratribus
1392 2810 1510 2842 plenarie
1529 2811 1561 2834 de
1576 2810 1732 2842 praemissis
1748 2809 1914 2833 satisfaciant
1933 2811 1958 2832 et
1973 2808 2007 2832 ab
2025 2816 2116 2832 eorum
2136 2807 2261 2831 molesta-

1019 2853 1088 2877 tione
1108 2854 1237 2878 desistant
1243 2869 2262 2879 ........................................
2306 2852 2352 2875 308

472 2906 517 2927 273
627 2919 658 2922 —
814 2904 898 2936 Aprili
990 2907 1159 2935 llumbertus,
1174 2916 1245 2939 mag.
1259 2908 1391 2939 generalis
1405 2908 1467 2932 Ord.
1480 2908 1583 2936 Praed.,
1597 2907 1690 2931 scribit
1701 2907 1786 2939 priori
1801 2910 1827 2931 et
1842 2906 1969 2931 fratribus
1984 2909 2128 2930 conventus
2141 2905 2262 2929 Aurelia-

1021 2951 1119 2974 niensis
1135 2951 1253 2983 ejusdem
1273 2952 1380 2976 Ordinis
1400 2953 1431 2976 de
1447 2952 1578 2984 angustiis
1602 2954 1714 2976 fratrum
1733 2951 1923 2976 Parisiensium
1937 2950 1972 2974 ab
1986 2950 2165 2975 Universitate
2186 2949 2262 2973 Pari—

1022 2995 1102 3018 siensi
1126 2995 1207 3018 illatis
1216 3010 2262 3021 .........................................
2306 2994 2352 3017 309
