2580 3528
487 375 551 407 488
1066 381 1382 404 CHARTULARIL'M
1417 379 1605 401 UNivssns.
1643 378 1771 400 PAnls.
2259 371 2359 412 [1270

487 503 599 540 433.
625 513 768 538 Statutum
785 512 983 546 magistrorum
1002 511 1160 536 medicinae
1183 514 1282 536 contra
1298 509 1465 543 magistrum
1482 509 1597 534 Petrum
1618 507 1653 534 de
1675 509 1798 544 Lengres
1814 513 1842 535 et
1861 513 1960 536 contra
1981 509 2169 537 baccalareos
2190 510 2356 538 licentiatos

573 565 673 587 contra
689 560 929 587 consuetudinem.

1753 603 1832 633 1270,
1848 602 1868 638 [
1867 603 1974 630 Parisiis
1973 603 1999 639 J.

575 681 680 712 Anno
701 680 845 713 Domini
867 680 918 711 M⁰
929 679 1003 712 CC⁰
1025 677 1308 723 septuagesimo,
1332 677 1507 722 magistro
1533 677 1640 709 Petro
1667 676 1712 709 de
1738 677 1964 711 Lemovicis¹
1991 685 2077 712 tunc
2103 679 2253 721 decano,
2275 692 2355 713 cum

487 747 797 791 compromisisset
826 752 920 778 stare
949 744 1175 777 ordinacioni
1197 743 1376 776 facultatis
1397 743 1442 776 de
1463 743 1534 776 alto
1561 750 1597 776 et
1620 742 1745 785 basso,
1767 745 1941 790 magister
1965 746 2094 779 Petrus
2121 746 2167 779 de
2193 747 2357 792 Lengres

485 813 645 847 Claudus
671 824 735 857 pro
762 824 804 844 eo
830 811 927 856 quod
952 811 1113 843 fraudem
1135 811 1270 842 fecerat
1290 810 1465 855 magistro
1492 821 1558 842 suo
1586 816 1619 842 et
1645 810 1882 844 advocaverat
1906 812 2081 857 quosdam
2107 812 2198 846 alios
2224 814 2358 859 magis-

485 886 560 912 tros
587 879 629 911 ad
656 879 851 911 tenendum
880 889 1107 910 communem
1137 888 1251 918 suam,
1282 876 1424 909 tandem
1454 877 1690 922 congregatis
1718 878 1904 923 magistris
1931 878 2111 912 medicine
2138 879 2176 912 in
2203 879 2358 915 ecclesia

486 946 612 978 Sancte
633 945 818 977 Genovefe
840 944 967 989 parve’
990 950 1024 976 et
1046 943 1238 976 sufficienti
1259 943 1349 975 sacta
1370 954 1481 988 super
1501 942 1569 976 hoc
1590 943 1829 988 inquisitione
1845 945 1912 978 fuit
1927 945 2193 979 sententialiter
2208 947 2357 991 punitus

483 1012 641 1056 prefatus
666 1011 839 1055 magister
864 1011 991 1042 Petrus
1013 1010 1049 1042 in
1070 1022 1091 1042 x
1111 1009 1223 1042 libras
1244 1016 1448 1051 turonens,
1471 1010 1516 1042 de
1537 1010 1671 1055 quibus
1696 1011 1764 1044 fuit
1788 1018 1906 1057 empta
1926 1012 2046 1045 insula
2069 1013 2165 1058 apud
2193 1013 2355 1047 Sanctam

483 1078 703 1111 Genovesam
733 1089 887 1121 parvam.
917 1078 1002 1109 Item
1032 1076 1129 1121 quod
1157 1088 1341 1121 nunquam
1370 1076 1540 1110 decetero
1569 1076 1708 1110 tenebit
1735 1090 1963 1112 communem
1992 1079 2029 1112 in
2054 1079 2221 1113 facultate
2247 1080 2356 1114 medi-

482 1144 575 1183 cine,
598 1144 667 1176 nisi
689 1143 756 1176 hoc
778 1150 847 1175 tota
869 1143 1018 1175 facultas
1040 1143 1275 1176 revocaverit.

573 1211 705 1243 Eodem
727 1222 834 1250 anno,
857 1210 936 1254 ipso
959 1210 1085 1242 eodem
1107 1210 1284 1243 existente
1306 1210 1459 1252 decano,
1480 1211 1549 1244 fuit
1569 1218 1740 1244 statutum
1763 1212 1861 1257 quod
1882 1213 2102 1258 quicumque
2127 1212 2356 1248 bachelarius

482 1277 631 1321 recipiet
657 1277 843 1309 licenciam
872 1283 995 1309 contra
1023 1277 1326 1310 consuetudinem
1352 1276 1533 1311 facultatis
1558 1278 1616 1311 vel
1641 1278 1815 1324 magister
1841 1279 1902 1324 qui
1927 1279 1996 1313 hoc
2022 1287 2246 1325 procuraret,
2274 1281 2355 1326 ipso

480 1344 571 1376 facto
593 1350 691 1376 esset
711 1343 871 1388 privatus
892 1344 929 1375 in
950 1344 1209 1388 sempiternum
1233 1344 1405 1377 societate
1426 1345 1684 1390 magistrorum
1707 1352 1743 1378 et
1762 1346 1860 1378 omni
1881 1353 1961 1379 actu
1982 1346 2176 1380 scolastico
2192 1347 2355 1392 predicte

480 1410 670 1443 facultatis.
700 1410 813 1443 Simili
842 1422 932 1455 pena
961 1411 1131 1455 punietur
1158 1411 1219 1455 qui
1248 1411 1411 1444 renuerit
1431 1412 1556 1456 jurare
1582 1419 1713 1445 statuta
1739 1419 1774 1445 et
1797 1413 1931 1446 formas
1957 1412 2067 1458 hujus
2094 1413 2190 1447 libri.
2221 1415 2264 1447 Et
2291 1426 2356 1460 per

477 1478 720 1520 juramentum
743 1476 971 1521 singulorum
993 1476 1145 1509 deberet
1164 1477 1425 1511 inviolabiliter
1445 1477 1644 1512 observari.

574 1574 635 1598 Cod.
652 1575 707 1598 vat.
724 1575 769 1598 lat.
786 1576 840 1603 406,
858 1575 901 1598 fol.
918 1576 955 1598 59.
973 1576 1038 1598 Mus,
1055 1575 1183 1602 Britann..
1201 1575 1287 1599 Addit.
1305 1584 1379 1604 mss.,
1395 1581 1424 1599 n⁰
1439 1577 1525 1607 17:304,
1544 1578 1589 1601 fol.
1605 1577 1663 1601 69¹³.
1680 1578 1758 1601 Deest
1772 1578 1798 1601 in
1813 1578 1876 1602 Cod.
1899 1579 2034 1603 Cheltenh.
2050 1593 2081 1597 —
2096 1579 2220 1608 Bulaeus,
2235 1580 2281 1609 111,
2298 1581 2354 1604 898.

480 1618 575 1642 Omisit
589 1619 724 1642 Jourdain.
740 1633 771 1636 —
785 1620 843 1643 Jam
859 1628 926 1642 saec.
943 1620 1010 1643 XVII
1026 1628 1076 1643 non
1092 1620 1213 1643 exstabat
1227 1620 1379 1652 nagistrum
1396 1622 1529 1645 facultatis
1545 1622 1689 1646 Medicinae
1704 1623 1821 1646 anterius
1837 1631 1904 1647 anno
1921 1624 1990 1653 1395,
2006 1627 2036 1648 ut
2053 1624 2137 1656 liquet
2155 1633 2187 1648 ex
2207 1624 2307 1656 scripto
2326 1625 2353 1648 in

478 1663 545 1686 Arch
560 1666 621 1687 mat.
633 1664 715 1686 Paris.
732 1664 764 1687 M.
781 1665 817 1692 70,
835 1668 862 1686 11⁰
876 1664 912 1692 11,
927 1668 1088 1688 conservato.
1107 1665 1231 1689 Libellus
1239 1666 1327 1690 rubeo
1337 1670 1485 1697 coopertus
1500 1667 1532 1691 in
1547 1674 1603 1698 quo
1616 1667 1798 1693 continentur
1812 1672 1918 1693 statuta
1933 1669 2080 1699 facultatis
2091 1677 2154 1693 vero
2165 1669 2221 1701 jam
2236 1673 2354 1702 tempore

478 1708 510 1732 cl.
527 1708 617 1731 Riolan
637 1710 704 1737 (saec
720 1709 796 1738 XVII)
812 1709 1019 1732 desiderabatur.
1037 1710 1119 1732 Tanto
1133 1709 1258 1733 libentius
1274 1710 1430 1734 documenta
1445 1710 1471 1734 in
1487 1719 1550 1735 mss.
1568 1720 1649 1743 supra
1664 1712 1779 1736 laudatis
1794 1716 1917 1737 contenta
1931 1717 2108 1745 acceptamus.

571 1793 591 1815 1,
612 1793 675 1816 Vide
691 1801 770 1824 supra
787 1798 815 1816 n⁰
829 1794 883 1817 416.
899 1808 930 1812 —-
945 1795 966 1817 2.
984 1795 1011 1817 In
1029 1794 1123 1818 insula.
1141 1795 1217 1818 Forte
1233 1795 1327 1819 medici
1345 1795 1394 1819 hac
1407 1799 1492 1819 aetate
1507 1797 1593 1820 adhuc
1608 1797 1635 1820 in
1650 1797 1739 1820 insula
1753 1797 1914 1821 residebant.

477 1958 588 1995 434.
614 1969 756 1994 Statutum
777 1969 929 2003 facultatis
950 1970 1109 1996 medicinae
1131 1975 1231 1997 contra
1254 1971 1356 1997 illicite
1376 1973 1584 2008 pmcticantes,
1602 1972 1713 1999 scilicet
1728 1982 1762 1999 ne
1785 1973 1849 2009 quis
1864 1973 1993 2000 Iudaeus
2009 1974 2038 1999 in
2053 1973 2184 2010 aliquam
2196 1983 2351 2011 personam

565 2017 636 2050 fidei
662 2017 838 2044 christianae
862 2019 1019 2053 chirurgice
1043 2029 1094 2046 seu
1119 2020 1331 2046 medicinaliter
1352 2022 1469 2057 operari
1489 2026 1671 2057 praesumat,
1694 2026 1722 2048 et
1745 2031 1780 2048 ne
1804 2023 1869 2058 quis
1894 2022 2053 2058 chirurgus,
2081 2023 2286 2059 apothecarius
2311 2023 2352 2051 vel

566 2064 715 2091 herbarius
732 2070 822 2092 metas
838 2069 959 2102 artificii
973 2069 1019 2093 sui
1035 2068 1164 2094 excedat.

1768 2117 1839 2145 1271,
1855 2116 1982 2151 [Parisiis
1982 2117 2007 2151 J.

564 2185 670 2217 Anno
701 2186 841 2227 eodem,
872 2187 1044 2220 videlicet
1073 2187 1268 2221 millesimo
1299 2188 1460 2222 CCLXX
1493 2189 1645 2234 primo⁴,
1677 2190 1911 2236 magistro-J.
1944 2191 1988 2224 de
2017 2191 2236 2225 Racheroles
2265 2199 2350 2226 tunc

477 2251 651 2284 existente
682 2252 817 2285 decano
850 2254 1028 2287 facultatis
1062 2254 1256 2296 medicine,
1290 2255 1453 2301 magistri
1485 2256 1579 2289 dicte
1608 2257 1788 2290 facultatis
1823 2258 2084 2292 ordinaverunt
2118 2265 2154 2292 et
2185 2259 2350 2293 fecerunt

477 2324 644 2350 statutum
667 2326 790 2352 contra
811 2320 901 2353 istos
926 2321 1162 2365 practizantes
1184 2322 1345 2355 Parisius
1366 2322 1423 2356 vel
1445 2323 1590 2356 circiter
1615 2324 1652 2356 in
1678 2324 1824 2357 modum
1852 2325 1912 2369 qui
1935 2326 2111 2371 sequitur.
2139 2327 2180 2359 In
2201 2326 2348 2360 nomine

478 2385 632 2426 Domini,
660 2398 774 2418 amen.
803 2387 979 2429 Quoniam
1006 2395 1123 2421 autem
1149 2389 1319 2422 nonnulli
1348 2390 1508 2422 nondum
1536 2390 1572 2422 in
1598 2397 1673 2423 arte
1702 2391 1882 2424 medicine
1903 2393 2065 2437 provecti
2086 2404 2214 2426 causas
2234 2393 2349 2426 medi-

476 2451 601 2483 cinalis
623 2453 744 2496 operis
766 2454 910 2497 penitus
932 2455 1145 2499 ignorantes
1172 2456 1351 2501 turpiter²
1378 2463 1411 2489 et
1438 2444 1686 2490 inverecunde
1707 2459 1919 2504 usurpando
1945 2459 2015 2492 sihi
2041 2466 2232 2493 assumunt
2250 2460 2348 2493 Pari-

477 2517 552 2550 sius
582 2518 736 2551 officium
768 2521 958 2564 practicalc
986 2522 1064 2554 sinc
1096 2523 1294 2567 peritorum
1323 2523 1479 2557 consilio
1504 2524 1799 2558 administrantes
1827 2525 2120 2572 quibuscumque
2150 2533 2185 2559 et
2210 2533 2347 2560 temere

478 2595 721 2629 quascumque
743 2587 940 2620 medicinas
961 2589 1065 2621 etiam
1088 2589 1279 2631 violentas,
1303 2590 1517 2635 ignorantes
1543 2592 1689 2636 penitus
1711 2592 1798 2637 quid
1824 2604 1889 2638 pro
1915 2592 2006 2634 basi,
2034 2593 2122 2638 quid
2142 2605 2208 2638 pro
2227 2594 2346 2635 freno,

478 2649 563 2693 quid
585 2662 648 2694 pro
670 2653 832 2685 acumine
855 2654 940 2697 poni
962 2654 1091 2687 debeat
1111 2655 1148 2687 in
1169 2655 1380 2701 hujusmodi
1401 2658 1607 2699 medicinis,
1635 2671 1724 2704 quas
1749 2671 1792 2692 ex
1811 2660 1960 2704 proprio
1980 2660 2096 2705 capite
2117 2659 2346 2705 simplicibus

478 2714 684 2749 hominibus
716 2719 971 2752 miserabiliter
1000 2721 1266 2762 administrant,
1298 2730 1333 2756 et
1363 2724 1499 2757 idcirco
1530 2725 1607 2758 suis
1637 2725 2014 2759 administrationibus
2044 2738 2116 2760 non
2143 2727 2342 2760 secundum

477 2788 587 2814 artem
610 2783 673 2815 sed
694 2785 808 2829 magis
830 2798 847 2817 a
869 2797 954 2818 casu
976 2793 1011 2819 et
1030 2799 1048 2819 a
1074 2788 1216 2821 fortuna
1243 2790 1345 2823 sactis
1373 2790 1508 2824 multos
1530 2793 1656 2825 mortis
1678 2792 1858 2838 supplicio
1886 2793 2084 2826 enormiter
2104 2793 2343 2830 tradiderunt.

477 2848 573 2892 quod
595 2855 646 2881 est
669 2850 705 2882 in
726 2851 888 2894 periculo
909 2852 1106 2885 animarum
1133 2866 1292 2897 suarum,
1322 2862 1357 2889 et
1382 2858 1534 2890 maxime
1560 2870 1640 2891 cum
1662 2859 1732 2904 ipsi
1753 2859 1790 2892 in
1810 2858 1879 2892 hoc
1900 2859 2116 2892 sententiam
2138 2871 2344 2893 excommu-

477 2914 667 2947 nicationis
687 2916 896 2949 auctoritatc
918 2917 1080 2951 officialis
1102 2921 1320 2954 Parisiensis
1341 2922 1444 2955 latam
1473 2924 1722 2958 indubitanter
1745 2926 1944 2968 incurrant,
1971 2932 2079 2971 prout
2103 2938 2168 2972 per
2188 2926 2341 2959 litteram
