2580 3528
226 421 324 462 1263]
561 430 608 453 ΑΒ
642 430 749 453 Anno
783 430 861 453 MCC
896 431 1028 460 usqua
1063 431 1112 453 An
1147 431 1378 454 nnmerum
1414 433 1454 454 iv
1488 433 1576 455 nso.
1614 434 1750 456 FRANC.
2038 426 2104 458 433

225 516 291 552 per
308 504 528 551 apostolicas
547 504 686 538 litteras
707 504 871 538 traditam
894 504 1113 550 procedatis.
1137 506 1215 538 Dat.
1237 505 1334 551 apud
1354 505 1488 539 Urbem
1510 507 1678 540 Veterem
1701 507 1751 552 iiij
1775 507 1843 540 kal.
1865 508 2102 553 Septembris,

224 582 320 606 anno
339 571 390 617 ij·.

318 669 382 701 neg.
397 669 455 694 vat.
472 669 578 694 Urbani
589 669 624 694 1v
637 678 679 694 an.
697 670 711 694 2
723 669 762 701 (ιιο
775 671 824 700 26),
837 678 879 702 ep.
894 671 949 699 222,
962 670 1006 694 fol.
1024 671 1054 694 74
1060 670 1080 694 b.

319 754 342 778 1.
360 754 435 778 Istud
449 754 604 778 mandatum
617 754 795 786 apostolicum
809 755 883 779 deest
894 754 921 779 in
935 755 1109 779 documentis.
1127 755 1166 780 Cf.
1184 758 1272 779 tamen
1286 763 1370 787 supra
1384 759 1413 779 n⁰
1427 756 1482 779 377.

226 938 338 977 392.
364 948 508 975 corardus
523 948 617 976 abbas
633 951 661 976 S.
679 949 814 976 Germani
827 948 864 976 de
878 950 978 975 Pratis
993 949 1143 976 Manliae-0
1159 948 1263 976 abbati
1277 953 1304 976 et
1319 949 1468 976 conventui
1484 951 1512 976 S.
1525 949 1657 985 Dionysii
1671 949 1801 976 concedit
1815 949 1971 986 quamdam
1988 954 2103 986 terram,

315 999 366 1026 ubi
378 1003 481 1037 postea
495 1004 620 1027 erectum
634 1004 678 1027 est
692 1000 842 1036 collegium
859 1002 887 1028 S.
904 1001 1043 1036 Dionysii.

1350 1045 1428 1075 1263.
1443 1045 1591 1072 Decembris
1604 1046 1651 1076 26,
1666 1045 1687 1081 [
1687 1046 1794 1073 Parlsiie
1793 1045 1819 1081 J.

315 1119 508 1154 Universis
533 1127 725 1166 presentes
748 1120 888 1155 litteras
914 1120 1136 1165 inspecturis
1162 1120 1341 1154 Girardus
1366 1120 1611 1166 permissione
1636 1120 1758 1155 divina
1786 1121 1906 1155 Sancti
1933 1122 2106 1155 Germani

226 1185 272 1220 de
306 1186 422 1220 Pratis
456 1187 675 1221 Parisiensis
708 1186 858 1220 humilis
890 1185 1016 1228 abbas,
1052 1186 1191 1220 domini
1226 1198 1318 1232 pape
1351 1186 1574 1232 capellanus,
1611 1193 1647 1220 et
1680 1187 1792 1221 totius
1831 1188 1995 1233 ejusdem
2035 1188 2106 1222 loci

226 1259 430 1287 conventus
457 1252 611 1287 salutem
638 1253 676 1286 in
703 1253 873 1287 Domino.
903 1253 1043 1287 Caritas
1072 1259 1108 1286 et
1131 1253 1297 1294 affectus,
1325 1252 1460 1298 quibus
1488 1253 1525 1286 in
1553 1253 1701 1287 Christo
1729 1253 1927 1299 religiosos
1955 1255 2056 1288 viros
2083 1281 2105 1288 ..

226 1318 416 1354 abbatem⁸
442 1325 479 1353 et
501 1326 721 1354 conventum
748 1320 869 1354 Sancti
890 1319 1056 1365 Dyonisii
1077 1319 1114 1352 in
1136 1319 1286 1352 Francia
1307 1331 1450 1353 necnon
1472 1320 1635 1365 ipsorum
1661 1321 1922 1354 monasterium
1950 1321 2108 1367 amplec-

226 1385 348 1428 timur,
370 1398 439 1420 nos
464 1386 643 1420 inducunt
667 1393 706 1420 ut
735 1398 861 1420 eorum
886 1386 982 1420 votis
1007 1392 1181 1432 quantum
1207 1397 1288 1419 cum
1317 1387 1393 1419 Deo
1420 1392 1456 1420 et
1479 1386 1622 1431 justitia
1651 1398 1862 1432 possumuS,
1891 1400 2107 1431 annuamus,

226 1459 417 1499 sperantes
441 1465 486 1487 ex
509 1452 578 1487 hoc
603 1453 711 1487 nobis
735 1452 780 1487 ab
800 1453 892 1499 ipsis
913 1464 1090 1487 successu
1111 1452 1288 1498 temporis
1309 1452 1347 1485 in
1367 1453 1504 1486 nostris
1525 1459 1561 1486 et
1580 1454 1792 1487 monasterii
1813 1454 1929 1487 nostri
1954 1455 2112 1503 agendis·

226 1518 444 1554 utilitatibus
463 1526 565 1566 grata
584 1519 840 1554 vicissitudine
861 1519 1091 1566 responderi.
1115 1520 1188 1553 Hac
1209 1519 1330 1564 itaque
1351 1519 1647 1553 consideratione
1668 1520 1806 1553 inducti
1829 1520 1967 1554 eisdem
1988 1521 2109 1555 abbati

225 1592 263 1620 et
285 1586 483 1622 conventui
509 1586 629 1621 Sancti
650 1586 816 1633 Dyonisii
837 1586 1033 1633 gratificari
1052 1585 1234 1628 volentes,
1257 1593 1388 1619 terram
1411 1593 1586 1629 nostram,
1613 1598 1719 1632 quam
1745 1586 1922 1621 habemus
1947 1588 2109 1622 Parisius

226 1653 265 1687 in
290 1654 404 1687 Laaso
431 1653 469 1687 in
497 1654 644 1688 censiva
669 1659 706 1687 et
729 1653 893 1687 dominio
918 1659 1060 1695 nostro,
1086 1653 1297 1699 contiguam
1322 1652 1367 1686 ab
1392 1665 1467 1686 uno
1491 1653 1604 1686 latere
1625 1653 1772 1699 jardino
1800 1654 1932 1688 domus
1958 1655 2108 1688 fratrum

226 1720 436 1754 Penitencie
456 1719 569 1755 Jhesu
589 1720 740 1763 Christi,
762 1727 799 1754 et
818 1733 863 1754 ex
882 1720 951 1754 alia
971 1727 1072 1766 parte
1093 1719 1218 1754 domui
1239 1719 1375 1753 nobilis
1395 1719 1464 1754 viri
1485 1720 1624 1753 domini
1645 1720 1791 1754 Gilonis
1813 1721 1899 1755 dicti
1926 1723 1974 1755 Le
1995 1723 2109 1764 Brun,

226 1786 487 1821 constabularii
512 1787 676 1830 Francis,
704 1787 906 1822 liberaliter
930 1787 1101 1821 duximus
1126 1786 1400 1821 concedendam
1427 1786 1496 1821 sub
1522 1787 1665 1833 capitali
1691 1799 1812 1821 annuo
1839 1800 1953 1822 censu
1979 1789 2110 1834 viginti

226 1853 431 1888 solidorum
456 1854 651 1901 parisiens.
677 1854 786 1888 nobis
806 1854 1075 1900 imperpetuum
1097 1860 1133 1887 et
1152 1853 1435 1888 successoribus
1456 1854 1594 1887 nostris
1614 1854 1652 1887 in
1673 1861 1800 1888 nostro
1826 1855 2046 1889 monasterio
2072 1856 2109 1889 in

225 1919 320 1955 festo
339 1919 436 1955 beati
457 1921 614 1968 Remigii
634 1921 741 1955 annis
761 1921 920 1968 singulis
941 1920 1204 1967 persolvendo,
1222 1920 1266 1954 ab
1282 1920 1374 1966 ipsis
1391 1920 1580 1966 religiosis
1600 1920 1803 1955 habendam
1825 1922 1905 1955 sine
1921 1922 2110 1956 coactione

225 1987 411 2022 vendendi
444 1994 507 2022 aut
538 1994 638 2022 extra
671 1999 816 2022 manum
852 1999 954 2022 suam
988 1987 1151 2034 ponendi
1186 1987 1356 2021 decetero
1392 1987 1667 2032 possidendam,
1699 1988 1746 2021 ita
1776 1994 1909 2031 tamen,
1940 1989 2039 2034 quod
2073 1989 2110 2022 in

227 2053 388 2100 predicta
412 2060 509 2088 terra
533 2054 674 2089 eisdem
697 2081 719 2088 ..
741 2054 862 2089 abbati
882 2061 919 2089 et
937 2054 1134 2089 conventui
1155 2054 1276 2088 Sancti
1298 2053 1465 2099 Dyonisii
1486 2053 1594 2088 liceat
1614 2055 1813 2089 oratorium
1837 2063 2052 2090 construere
2078 2057 2110 2090 si

226 2119 282 2154 eis
308 2119 495 2155 videbitur
521 2121 708 2168 expedire,
737 2121 838 2156 salvo
862 2122 947 2167 jure
977 2120 1210 2168 parrochiali,
1241 2120 1440 2154 dummodo
1471 2120 1689 2155 cimiterium
1720 2121 1869 2168 aliquod
1903 2123 2022 2156 facere
2052 2123 2109 2156 vel

227 2184 363 2220 habere
387 2183 524 2221 ibidem
548 2199 623 2221 non
648 2188 804 2234 possint,
831 2200 899 2222 nec
919 2199 1128 2234 campanam
1149 2186 1208 2221 vel
1233 2198 1439 2233 campanas,
1470 2199 1537 2220 nec
1562 2187 1766 2233 predictum
1792 2188 1911 2222 locum
1940 2189 1976 2222 in
2004 2189 2108 2222 aliam

229 2263 422 2299 personam
448 2253 731 2288 ecclesiasticam
751 2254 811 2289 vel
831 2254 1032 2289 secularem
1054 2260 1116 2288 aut
1138 2261 1278 2300 partem
1299 2254 1417 2299 ipsius
1443 2260 1554 2296 terre,
1581 2254 1643 2299 qui
1668 2266 1745 2288 eam
1773 2255 1810 2288 in
1836 2267 1943 2288 manu
1969 2262 2109 2289 mortua

228 2325 361 2361 teneat,
387 2320 665 2366 permutationis
689 2321 837 2355 nomine
861 2321 920 2355 vel
944 2320 1015 2354 alio
1040 2320 1146 2355 titulo
1172 2321 1370 2354 transferre
1396 2319 1520 2366 aliquo
1548 2320 1698 2366 ingenio
1723 2321 1781 2354 vel
1806 2321 1959 2362 cautela,
1992 2322 2110 2355 omni-

227 2385 334 2420 moda
360 2386 502 2432 justitia
536 2386 645 2421 nobis
674 2393 710 2421 et
738 2387 961 2421 monasterio
995 2393 1123 2421 nostro
1157 2387 1194 2420 in
1228 2387 1390 2432 predicta
1425 2392 1520 2420 terra
1555 2385 1817 2421 nichilominus
1851 2388 2110 2434 perpetualiter

227 2459 450 2487 remanente.
469 2453 510 2487 In
527 2454 632 2500 cujus
653 2453 706 2487 rei
726 2453 975 2488 testimonium
997 2452 1232 2500 presentibus
1251 2453 1384 2487 litteris
1405 2452 1527 2499 sigilla
1549 2459 1672 2486 nostra
1691 2453 1861 2488 duximus
1879 2455 2106 2501 apponenda.

228 2520 307 2554 Dat.
335 2531 430 2554 anno
451 2520 598 2554 Domini
623 2519 819 2555 millesimo
843 2521 919 2555 CC⁰
930 2521 1028 2554 Lx·-
1052 2517 1173 2562 tertio,
1202 2520 1261 2553 die
1282 2519 1454 2553 mercurii
1476 2519 1512 2552 in
1534 2520 1693 2553 crastino
1719 2520 1922 2555 Nativitatis
1947 2522 2106 2564 Domini,

227 2597 354 2621 mense
377 2586 583 2633 Decembri.

322 2685 486 2711 cartulaire
499 2685 625 2711 blancae
637 2685 836 2714 Sciat-Deraia.
853 2685 879 2710 in
894 2685 971 2710 Arch.
989 2688 1042 2710 nst.
1059 2685 1144 2710 Pari..
1159 2685 1207 2710 u..
1223 2685 1292 2714 1157,
1308 2693 1336 2717 p.
1353 2684 1407 2709 12¹1.
1424 2684 1480 2708 Sub
1495 2684 1602 2709 rubrica
1618 2693 1624 2708 2
1642 2694 1654 2709 ι
1670 2685 1706 2710 De
1720 2685 1809 2718 platea
1821 2686 1916 2710 domus
1931 2690 2020 2711 nostre
2032 2687 2108 2712 Pari-

226 2728 283 2754 sius
295 2728 370 2762 Juxta
385 2729 494 2755 domum
509 2730 622 2754 fratrum
637 2729 799 2754 penitentiae
813 2729 895 2755 ,hem
908 2729 1007 2754 Christi
1022 2738 1044 2754 a.
1066 2730 1095 2754 ln
1111 2729 1231 2762 margins
1245 2729 1344 2761 legitur
1364 2732 1425 2753 nou·
1446 2737 1515 2753 saec.
1537 2729 1647 2754 xv-xvl
1660 2737 1665 2754 z
1683 2738 1696 2754 a
1712 2730 1859 2762 Collegium
1882 2731 1969 2757 Sancti
1990 2731 2107 2763 Dyonisii

226 2773 311 2799 Puris.
327 2782 350 2798 ι.
365 2786 397 2793 -
411 2774 441 2799 ln
455 2773 506 2798 boe
526 2775 594 2804 loco,
613 2782 674 2799 cum
687 2774 811 2799 omnibu·
830 2774 907 2799 annis
922 2774 1147 2808 nub-equentibus
1162 2774 1243 2807 (1265,
1264 2774 1335 2803 12⁸5.
1354 2775 1416 2804 etc.)
1437 2773 1579 2806 adjunctis,
1599 2777 1716 2798 erectum
1735 2778 1776 2798 est
1796 2778 1889 2807 postea
1909 2776 2055 2808 Collegium
2075 2777 2108 2800 do

227 2817 402 2848 stium-nonin,
417 2818 460 2843 cui
475 2819 518 2844 vis
537 2819 661 2852 adj-cen-
677 2819 772 2844 ultum
787 2827 856 2844 saec.
872 2819 915 2844 XV
934 2819 1122 2852 appellabatur
1135 2826 1190 2845 rue
1201 2825 1235 2845 as
1249 2818 1397 2845 achonem
1410 2819 1443 2843 de
1459 2818 1676 2850 Samen-Devius.
1692 2819 1756 2843 Vide
1768 2819 1800 2843 do
1814 2819 1871 2852 ipsu
1888 2820 1966 2844 domo
1982 2821 2106 2849 Felibiem

226 2861 352 2895 Histoire
364 2863 399 2888 de
413 2863 442 2889 la
457 2863 525 2889 ville
540 2864 575 2889 de
586 2863 682 2893 Paris.
699 2864 719 2893 Ι,
734 2865 782 2888 40⁶
802 2872 841 2897 tq.
861 2863 1053 2896 Topoaraphie
1070 2863 1226 2896 historiques
1240 2864 1281 2888 du
1300 2864 1386 2888 ”teum
1396 2863 1492 2892 Paris,
1512 2871 1563 2895 pni-
1582 2863 1726 2888 'rinei-and
1742 2871 1748 2887 t
1766 2863 1874 2895 Region
1888 2866 2058 2891 occidentale
2074 2867 2107 2890 de

226 2906 245 2933 1:
250 2906 412 2937 Univmitd.
432 2915 460 2940 p.
475 2908 522 2932 22⁸
536 2916 605 2941 sqq..
621 2909 667 2933 2³³
684 2917 742 2942 sqq.
759 2908 899 2934 Sobel-rs·
914 2908 1068 2934 monn-terii
1083 2909 1110 2934 S.
1127 2908 1245 2941 Dionysii
1260 2908 1348 2941 primo
1363 2907 1522 2932 habitabant
1535 2908 1679 2940 quamdam
1693 2908 1810 2937 domum,
1829 2917 1896 2941 quac
1910 2913 1968 2933 orat
1987 2910 2107 2942 proximu

226 2950 366 2976 conventui
388 2952 416 2977 S.
435 2952 537 2982 Jncobi.
561 2952 625 2978 Ord.
647 2953 750 2982 Prned..
772 2957 802 2978 ut
822 2953 905 2987 liquet
927 2962 959 2979 ex
981 2953 1074 2978 charta
1096 2953 1243 2986 praepositi
1263 2956 1289 2977 st
1307 2952 1477 2977 scabinorum
1503 2955 1679 2977 mercatui-mn
1699 2961 1783 2985 aquae
1801 2954 1910 2977 Parisiis
1934 2954 2106 2978 hun-ntorum

227 2995 356 3025 natm,
379 2995 478 3021 mensis
492 2996 566 3025 sulit,
587 2996 613 3022 in
633 3005 686 3030 qua
705 2997 833 3023 frutribu-
852 2998 1083 3023 Prncdicntoribus
1098 3001 1151 3023 trs·
1169 2998 1261 3022 domo·
1281 2997 1436 3026 concedunt,
1455 3005 1467 3020 α
1483 3004 1596 3029 quarum
1611 3005 1663 3021 uns
1681 2997 1730 3021 cuit
1750 2998 1878 3030 Arnulphi
1898 2998 1998 3022 Lntomi
2014 2998 2064 3022 nita
2080 2998 2106 3022 in

353 3040 448 3066 Chare.
471 3040 551 3067 vniv.
568 3041 663 3068 Paris.
1949 3044 1979 3066 55
