2580 3528
440 369 486 404 84
802 379 805 382 ⁴
1026 379 1347 402 cuin-rumimunt
1381 377 1574 401 umvsns,
1611 378 1740 400 mnis.
2223 366 2322 408 [1217

442 459 564 499 potest
590 454 694 487 etiam
725 454 871 487 nemine
892 454 1102 499 pollicente,
1131 454 1214 499 quia
1235 453 1311 495 ille,
1339 453 1384 486 de
1409 454 1514 498 cujus
1540 464 1692 486 munere
1718 453 1819 486 venit
1842 459 1882 486 ut
1907 452 1977 486 sibi
2002 464 2020 485 a
2045 450 2218 485 fidelibus
2245 451 2323 485 suis

442 520 674 554 laudabiliter
701 521 893 562 serviatur,
920 521 980 554 dat
1004 521 1158 554 virtutes
1183 527 1219 553 et
1243 520 1380 565 premia
1401 519 1590 565 elargitur,
1612 525 1648 552 et
1666 519 1704 552 in
1724 531 1836 564 pauca
1856 518 1986 552 fideles
2006 518 2196 552 constituit
2214 529 2324 564 supra

537 685 674 717 Originale
696 685 723 709 in
745 686 822 710 Arch.
846 689 899 709 nat.
924 686 1008 709 Paris.
1032 686 1059 709 L.
1088 686 1142 714 239,
1164 689 1193 708 n⁰
1213 686 1250 708 20.
1273 685 1382 709 Restant
1401 684 1446 707 fila
1465 683 1576 707 cannah.
1596 696 1628 701 ——
1652 684 1715 715 Reg.
1737 684 1794 707 Vnt.
1817 684 1926 707 Honorii
1946 685 1983 708 111
2002 692 2044 708 an.
2066 684 2088 712 1,
2109 691 2151 715 ep.
2173 683 2226 707 190.
2248 682 2324 714 Apud

442 730 617 761 Raynaldum,
633 731 712 754 Arm.
727 730 803 758 eccl,
820 730 853 753 nd
869 738 911 753 nn.
928 730 998 758 1217,
1013 734 1043 752 n⁰
1057 731 1096 759 49,
1114 730 1300 761 fragmentum.

443 918 521 955 26.
546 928 689 953 Honorius
706 929 753 952 III
763 926 916 953 Robertum
939 927 1102 962 episcopum
1117 926 1345 960 Atrebatensem‚
1363 926 1601 952 archidiaconum
1617 926 1652 952 de
1671 926 1820 952 Ostrevant
1841 929 1869 951 et
1880 925 2080 961 praepositum
2094 923 2322 959 Atrebatensem,

526 976 642 1012 judices
664 976 812 1001 constituit
834 976 863 1001 in
885 984 977 1001 causa
998 975 1073 1001 inter
1084 978 1198 1011 partem
1221 974 1423 1001 archidiaconi
1443 974 1648 1001 Ambianensis
1663 978 1691 1001 et
1701 978 1817 1011 partem
1837 973 2008 1000 cancellarii
2028 973 2233 1000 Ambianensis
2248 972 2324 1009 quae'

532 1025 701 1060 magistrum
712 1025 868 1051 Jolzannem
884 1024 920 1050 de
929 1023 1124 1050 Abbatisvilla
1140 1027 1282 1058 regentem
1298 1024 1327 1050 in
1343 1023 1488 1059 theologia
1498 1024 1624 1049 Parisiis
1640 1024 1669 1050 in
1680 1023 1821 1050 decanum
1830 1022 2053 1049 Ambianensem
2068 1021 2203 1057 elegerat.

1632 1148 1635 1152 .
1668 1127 1738 1157 1217,
1754 1127 1843 1153 Martii
1856 1127 1894 1156 10,
1910 1126 2038 1152 Later-am:

533 1211 716 1256 Episcopo
757 1218 790 1243 et
825 1210 1080 1243 archidiacono
1115 1211 1152 1243 in
1191 1212 1393 1244 Hostrevan
1429 1218 1465 1244 et
1502 1211 1689 1256 preposito
1731 1210 1976 1244 Atrebatensi.
2021 1209 2185 1243 Dilectus
2227 1208 2326 1242 filius

441 1279 482 1311 N.
517 1278 756 1311 cancellarius
787 1277 1047 1310 Ambianensis
1083 1277 1295 1311 transmissa
1326 1277 1434 1311 nobis
1470 1278 1646 1323 petitione
1678 1278 1906 1319 monstravit,
1939 1276 2038 1322 quod
2070 1288 2151 1309 cum
2184 1276 2229 1309 ad
2259 1275 2325 1309 eli-

441 1345 602 1391 gendum
629 1345 805 1378 decanum
835 1345 871 1377 in
898 1344 1136 1377 Ainbianensi
1165 1344 1318 1378 ecclesia
1349 1345 1428 1378 dies
1456 1352 1556 1378 esset
1581 1344 1652 1378 sihi
1680 1351 1714 1378 et
1739 1345 1817 1378 suis
1843 1343 2100 1378 concanonicis
2127 1343 2324 1390 assignata,

442 1412 521 1458 ipse
542 1424 582 1445 ac
603 1411 707 1444 multi
728 1411 788 1444 alii
810 1411 1047 1445 concanonici
1069 1412 1126 1445 sui
1147 1412 1360 1457 magistrum
1382 1411 1584 1445 Johannem
1606 1412 1650 1445 de
1670 1411 1926 1445 Abbatisvilla¹
1950 1417 2139 1456 regentem
2165 1409 2202 1443 in
2223 1409 2326 1443 theo-

442 1479 539 1524 logia
571 1478 733 1512 Parisius
766 1478 959 1524 elegerunt.
987 1479 1220 1512 concorditer
1247 1479 1283 1512 in
1311 1479 1501 1520 decanum,
1541 1478 1819 1512 archidiaconus
1850 1485 1969 1511 autem
2000 1477 2260 1511 Ambianensis
2291 1482 2327 1510 et

443 1545 589 1591 quidam
610 1545 671 1578 alii
691 1545 927 1578 concanonici
950 1546 1029 1590 ejus
1050 1545 1086 1578 in
1108 1545 1307 1579 Evrardum
1330 1546 1375 1579 de
1397 1546 1484 1579 Roia
1500 1545 1785 1579 Ambianensem
1807 1545 2021 1579 canonicum
2043 1550 2323 1577 consenserunt.

443 1613 534 1646 Cum
561 1619 679 1645 autem
706 1624 825 1645 coram
852 1612 1053 1645 venerabili
1084 1613 1192 1645 fratre
1220 1620 1346 1646 nostro
1376 1612 1616 1646 Ambianensi
1646 1613 1821 1658 episcopo
1849 1624 1960 1657 super
1985 1611 2053 1644 hoc
2079 1618 2179 1644 esset
2202 1617 2326 1644 exorta

443 1679 693 1713 controversia
714 1679 809 1712 inter
829 1686 963 1724 partes,
986 1691 1069 1724 pars
1090 1679 1336 1713 archidiaconi
1358 1680 1401 1713 ad
1430 1680 1748 1725 metropolitanum
1769 1679 1998 1712 frustratorie
2019 1690 2144 1712 vocem
2166 1677 2325 1723 appella-

444 1746 554 1779 tionis
582 1746 716 1788 emisit,
745 1746 864 1779 dictus
891 1758 977 1779 vero
1011 1747 1250 1780 cancellarius
1276 1759 1319 1780 ex
1347 1759 1390 1779 eo
1417 1753 1591 1792 reputans
1617 1759 1656 1780 se
1683 1747 1839 1793 gravari,
1861 1746 1959 1791 quod
1984 1746 2103 1779 dictus
2129 1745 2325 1790 episcopus

442 1813 670 1846 frustratorie
702 1813 936 1858 appellationi
971 1813 1215 1846 archidiaconi
1252 1813 1439 1847 memorati
1474 1814 1618 1847 deferre
1652 1813 1810 1854 volebat,
1844 1825 1909 1858 pro
1942 1825 1982 1845 se
2013 1824 2053 1845 ac
2088 1812 2165 1845 suis
2200 1811 2324 1845 sedem

442 1879 677 1925 apostolicam
713 1879 919 1925 appellavit,
953 1880 1187 1925 appellationi
1219 1881 1324 1925 cujus
1358 1880 1477 1913 dictus
1514 1880 1710 1926 episcopus
1743 1880 1871 1913 detulit
1906 1885 2126 1913 reverenter.
2164 1878 2325 1923 Ideoque

443 1946 656 1979 discretioni
681 1953 803 1980 vestre
836 1958 901 1991 per
932 1946 1131 1991 apostolica
1165 1947 1298 1992 scripta
1324 1947 1549 1989 mandamus,
1578 1947 1749 1992 quatinus
1777 1947 1807 1979 si
1836 1953 1892 1979 est
1920 1946 1967 1979 ita
2000 1944 2164 1990 partibus
2191 1957 2326 1978 convo-

443 2013 544 2055 catis,
567 2019 646 2055 etc.,
667 2013 855 2055 facientes,
877 2019 955 2054 etc.,
977 2013 1139 2058 alioquin
1160 2020 1281 2058 partes
1307 2014 1351 2046 ad
1373 2014 1506 2059 prioris
1527 2014 1664 2058 judicis
1686 2013 1876 2046 remittatis
1898 2024 2061 2053 examen,
2083 2011 2324 2057 appellantem

443 2080 479 2113 in
502 2080 673 2125 expensis
694 2080 869 2125 legitimis
889 2080 1213 2125 condempnantes.
1232 2081 1361 2113 Testes
1382 2087 1514 2122 autem,
1536 2086 1600 2114 etc.
1620 2080 1726 2123 Quod
1748 2080 1779 2113 si
1800 2091 1873 2112 non
1895 2090 2035 2120 omnes,
2058 2084 2139 2120 etc.,
2157 2085 2195 2111 tu
2216 2078 2326 2111 frater

443 2147 630 2192 episcope,
651 2153 714 2181 etc.
738 2148 816 2180 Dat.
840 2147 1006 2180 Laterani
1027 2148 1059 2191 vj
1082 2147 1131 2180 id.
1155 2147 1288 2188 Martii,
1311 2147 1543 2192 pontificatus
1564 2147 1681 2180 nostri
1702 2159 1796 2179 anno
1818 2147 1947 2191 primo.

537 2246 599 2277 Reg.
617 2245 673 2268 Vnt.
691 2245 800 2268 Honorii
816 2245 852 2268 ΙΙΙ
868 2253 909 2268 an.
929 2245 950 2273 1,
967 2253 1008 2276 ep.
1026 2245 1080 2273 315,
1098 2245 1141 2268 sol.
1160 2246 1198 2268 82.

537 2331 559 2353 1.
575 2329 723 2354 ,Iohannem
739 2330 850 2361 llulgrin
865 2330 897 2353 de
913 2329 1097 2358 Abbatisvilla,
1114 2329 1188 2361 cujus
1205 2333 1308 2353 exstant
1323 2329 1398 2353 multi
1415 2337 1548 2353 sermones
1565 2329 1634 2360 (vide
1649 2329 1733 2360 Lecoy
1748 2329 1780 2352 de
1794 2329 1820 2352 la
1835 2328 1949 2357 Marche,
1962 2329 2005 2352 La
2020 2327 2118 2353 chaire
2128 2328 2274 2358 franpaise
2285 2333 2327 2352 au

443 2381 542 2406 moyen
556 2376 617 2406 aye,
634 2376 658 2397 2ε
669 2375 720 2403 ed„
732 2383 758 2406 p.
772 2375 836 2406 516),
846 2374 891 2406 qui
902 2374 1074 2397 nihilominus
1091 2376 1175 2398 factus
1187 2377 1228 2398 est
1242 2375 1365 2398 decanus.
1374 2374 1438 2398 Vide
1450 2374 1571 2397 Haureau
1583 2374 1609 2397 in
1620 2374 1729 2398 Notices
1739 2378 1764 2398 et
1779 2374 1897 2398 extraits
1905 2374 1952 2398 des
1962 2379 2039 2402 mss„
2050 2373 2115 2402 XXI,
2128 2373 2151 2401 2,
2162 2381 2188 2404 p.
2200 2372 2246 2395 166
2257 2380 2326 2404 sqq..

443 2419 488 2442 ubi
507 2422 595 2443 tamen
618 2419 691 2442 deest
713 2419 827 2450 epistola
849 2427 931 2450 supra
953 2419 1031 2442 edita.
1054 2420 1127 2442 Anno
1149 2419 1210 2442 1225
1231 2419 1365 2443 Johannes
1387 2419 1485 2442 electus
1509 2422 1549 2442 est
1573 2418 1599 2442 in
1622 2418 1852 2450 archiepiscopum
1867 2417 2049 2446 Bisuntinum;
2071 2418 2108 2440 26.
2126 2417 2248 2441 Decemb.
2264 2416 2326 2440 unni

442 2464 575 2495 sequentis
597 2463 727 2487 Honorius
748 2464 785 2487 111
806 2464 895 2495 ipsum
918 2465 1062 2487 transferre
1085 2463 1169 2487 voluit
1190 2464 1222 2487 nd
1246 2464 1335 2487 sedem
1356 2463 1563 2495 patriarchalem
1585 2462 1914 2494 Conssantinopolitanam,
1939 2463 1985 2486 sed
2007 2462 2131 2486 defuncto
2153 2461 2269 2485 Honorio
2289 2461 2327 2486 111

442 2508 581 2531 translatio
601 2508 721 2531 ess'ectum
737 2516 788 2531 non
803 2508 904 2531 hahuit.
926 2509 958 2531 At
977 2508 1121 2539 Gregorius
1138 2509 1171 2531 lx
1187 2516 1246 2531 eum
1266 2508 1295 2531 18
1311 2509 1382 2540 Sept.
1404 2516 1472 2531 anno
1493 2508 1553 2531 1227
1574 2507 1673 2531 creavit
1692 2507 1853 2531 cardinalem
1873 2510 1898 2530 et
1916 2510 2009 2538 postea
2027 2507 2146 2538 legatum
2165 2505 2326 2537 apostolicae

443 2552 522 2576 sedis.
546 2552 582 2575 De
604 2552 663 2583 ipso
685 2553 712 2575 in
737 2552 884 2577 Obituario
900 2553 991 2576 eccles.
1014 2553 1198 2576 Ambianensis
1215 2553 1300 2584 (Ar-ch.
1318 2553 1377 2584 dep.
1395 2553 1426 2576 de
1446 2553 1472 2576 ln
1495 2553 1600 2576 Summe
1622 2552 1755 2584 (Amiens),
1774 2551 1882 2576 cartul.
1902 2551 1946 2575 VI.
1963 2551 1993 2575 G.
2015 2551 2069 2579 344,
2087 2550 2131 2573 sol.
2153 2549 2224 2582 141³)
2247 2549 2280 2573 ad
2300 2549 2326 2573 ix

442 2597 494 2620 kal.
512 2596 603 2620 Octob.
621 2604 626 2619 z
645 2605 656 2619 «
673 2596 767 2620 Obitus
788 2597 871 2620 felicis
892 2597 1016 2620 memorie
1035 2597 1164 2620 Johannis
1180 2597 1211 2621 de
1233 2597 1409 2621 Abbatisvilla
1432 2598 1565 2629 quondam
1587 2596 1679 2620 decani
1699 2596 1794 2625 nostri,
1816 2599 1910 2628 postea
1931 2594 2126 2627 archiepiscopi
2147 2594 2279 2617 Biauntini
2299 2597 2325 2618 et

443 2641 528 2664 vocati
543 2641 712 2672 postmodum
732 2649 779 2672 per
799 2641 935 2664 dominum
955 2641 1100 2665 Honorium
1119 2645 1181 2664 tunc
1201 2650 1334 2665 summum
1354 2641 1505 2673 pontificem
1526 2642 1559 2664 ad
1578 2641 1789 2673 patriarchatum
1804 2639 2133 2671 Constantinopolitanum,
2150 2638 2196 2662 sed
2210 2646 2259 2670 pro
2280 2646 2327 2662 sue

443 2684 585 2717 probitatis
605 2688 630 2708 et
649 2685 756 2708 scientie
775 2685 926 2709 reverencia
946 2694 961 2709 u
980 2686 1049 2709 dom.
1071 2685 1199 2717 Gregorio
1219 2694 1287 2709 nono
1308 2686 1406 2709 detenti
1426 2686 1497 2717 apud
1518 2686 1606 2709 sedem
1626 2685 1809 2716 apostolicam,
1825 2684 1852 2708 in
1866 2692 1918 2716 qua
1938 2685 2023 2708 factus
2038 2686 2078 2707 est
2092 2683 2233 2714 episcopus
2253 2682 2327 2706 Sabi-

444 2730 541 2753 nensis.
567 2730 618 2753 Pro
642 2730 717 2761 eujus
742 2730 877 2759 memoria,
902 2730 1026 2761 quoniam
1051 2730 1189 2753 ecclesiam
1213 2733 1332 2753 nostrum
1355 2730 1539 2761 multipliciter
1562 2729 1702 2763 honoravit
1725 2729 1752 2752 in
1777 2729 1933 2752 Sanctorum
1961 2727 2081 2760 reliquiis
2110 2730 2136 2751 et
2163 2727 2325 2751 ornamentis

444 2774 629 2799 ecclesiasticis
645 2774 745 2803 multis,
762 2777 787 2797 et
802 2774 828 2798 in
845 2774 885 2797 sui
900 2774 1029 2805 regimine
1045 2775 1197 2803 decanatus,
1214 2774 1240 2797 in
1256 2774 1312 2806 ejus
1328 2774 1510 2798 anniversario
1526 2774 1552 2797 in
1567 2773 1686 2806 vesperis
1703 2773 1855 2797 dividentur
1869 2773 1894 2796 xl
1911 2773 1959 2796 sol.
1977 2781 1989 2796 n
2006 2775 2054 2796 etc.

2575 1097 2580 1107 a
2578 1058 2580 1062 .
2570 479 2580 1046 ‡„.-.,....½.-....-A.„........-A—em—.am.-m.-„n.z
2576 437 2580 446 ..
2577 412 2580 424 ..
