2580 3528
251 401 348 442 1271]
587 410 635 433 ΑΒ
668 410 775 433 ANNO
809 410 888 433 mcc
922 410 1055 439 usqua
1089 411 1138 432 An
1174 411 1405 433 ΡΗιωΡΡυΜ
1440 412 1482 434 iv
1515 412 1605 435 κερ.
1641 413 1779 436 rame.
2057 405 2124 439 489

249 484 337 518 dicti
356 483 522 518 officialis
541 490 691 530 apparet
709 483 912 526 manifeste,
935 484 1034 529 quod
1054 484 1161 518 etiam
1182 491 1238 518 est
1258 484 1460 530 periculum
1482 497 1556 518 non
1577 486 1758 519 modicum
1781 488 1941 520 omnium
1963 489 2124 522 Parisius

248 550 500 592 habitantium,
521 562 665 584 necnon
685 550 790 584 etiam
812 551 966 584 vertitur
984 551 1023 584 in
1044 551 1205 585 dedecus
1226 558 1261 585 et
1280 552 1318 584 in
1338 563 1485 597 gravem
1506 552 1688 586 infamiam
1707 554 1867 586 omnium
1889 554 1923 586 in
1946 555 2124 588 medicina

250 617 448 663 peritorum
473 629 480 650 :
501 617 639 651 idcirco
670 630 738 652 nos
767 617 938 652 doctores
967 618 1005 651 in
1035 618 1203 652 facultate
1232 618 1413 652 medicine
1442 619 1603 653 Parisius
1633 626 1805 666 regentes
1834 620 1878 653 ad
1909 621 2057 655 devotas
2092 628 2128 655 et

249 684 328 730 pias
344 684 632 730 supplicationes
647 673 1012 730 quamplurimorum,
1028 684 1201 719 videlicet
1214 684 1489 731 religiosorum,
1506 686 1736 728 clericorum,
1755 687 1963 730 scolarium,
1982 700 2126 721 necnon

250 750 447 784 multorum
477 751 609 784 civium
641 751 901 785 parisiensium
933 758 985 785 tot
1014 751 1216 794 erroribus,
1247 752 1421 798 periculis
1449 759 1485 786 et
1511 753 1692 787 scandalis
1722 766 1916 788 occurrere
1945 754 2124 797 volentes,

250 817 434 863 quoddam
463 824 635 852 statutum
666 825 831 852 nostrum
862 818 999 852 dudum
1028 819 1159 852 factum
1190 831 1256 864 per
1284 819 1467 865 predictas
1501 819 1639 854 litteras
1669 820 1857 854 officialis⁸
1891 821 2064 855 videlicet
2092 828 2128 855 et

251 884 357 918 etiam
387 884 564 930 regalium
594 885 763 919 vallatum
794 897 860 919 seu
889 885 995 919 etiam
1023 885 1274 919 confirmatum
1302 886 1450 920 nomine
1476 887 1656 921 facultatis
1684 899 1749 933 per
1769 889 1974 933 juramenta
2002 895 2125 922 nostra

251 951 509 985 confirmamus
535 951 574 985 in
599 951 696 985 hunc
723 952 884 994 modum,
914 951 1122 986 inhibentes
1148 952 1320 986 videlicet
1347 953 1416 986 sub
1445 966 1536 999 pena
1563 954 1600 987 in
1627 955 1776 1000 prefatis
1803 955 1934 989 litteris
1961 955 2126 990 officialis

252 1018 472 1052 Parisiensis
499 1025 534 1052 et
561 1018 738 1064 regalium
766 1025 948 1061 contenta,
975 1031 1118 1053 necnon
1144 1020 1251 1053 etiam
1276 1019 1344 1053 sub
1370 1021 1469 1053 omni
1495 1032 1587 1066 pena
1612 1021 1720 1054 nobis
1744 1021 1788 1054 ab
1813 1028 1965 1067 utraque
1985 1023 2128 1067 justitia

252 1091 322 1118 tam
348 1085 503 1119 seculari
532 1097 638 1131 quam
660 1085 906 1119 ecclesiastica
930 1086 1177 1128 concedenda,
1203 1098 1249 1120 ne
1269 1086 1402 1132 aliquis
1421 1087 1560 1121 Judeus
1588 1087 1645 1121 vel
1671 1088 1785 1122 Judea
1811 1089 1847 1121 in
1868 1089 2023 1134 aliquam
2046 1101 2128 1135 per-

253 1163 380 1186 sonam
414 1151 499 1185 fidei
533 1151 709 1186 catholice
738 1153 930 1199 cyrurgice
964 1165 1030 1186 seu
1061 1153 1327 1187 medicinaliter
1354 1154 1496 1199 operari
1525 1162 1721 1200 presumat.
1752 1156 1839 1189 Item
1870 1168 1951 1189 cum
1982 1156 2127 1202 quidam

253 1218 470 1252 manualiter
489 1225 684 1264 operantes
703 1218 844 1264 aliquas
869 1219 1119 1253 confectiones
1144 1227 1253 1265 agant
1279 1231 1344 1253 seu
1370 1221 1474 1254 etiam
1501 1220 1669 1263 habeant,
1696 1234 1816 1255 earum
1845 1229 1963 1256 tamen
1984 1235 2128 1257 causam

254 1292 291 1319 et
309 1285 486 1320 rationem
512 1285 659 1331 penitus
683 1285 866 1331 ignorant,
894 1286 983 1331 quin
1006 1286 1112 1319 etiam
1138 1286 1284 1320 modum
1311 1287 1589 1321 administrandi
1615 1295 1650 1321 et
1675 1295 1861 1334 aspectum
1882 1301 1975 1334 quos
1996 1289 2132 1324 habent

254 1352 435 1386 medicine
455 1352 500 1386 ad
520 1351 687 1386 morbum
709 1358 745 1385 et
764 1352 918 1386 maxime
944 1359 1114 1398 respectu
1139 1353 1411 1398 particularium
1432 1346 1592 1387 omnium
1615 1355 1796 1397 nesciunt,
1825 1368 1906 1389 cum
1928 1357 1995 1390 ista
2017 1357 2130 1402 potis-

254 1419 345 1453 sime
375 1419 482 1465 periti
512 1419 645 1453 medici
674 1418 854 1453 industrie
884 1426 1132 1461 reserventur,
1162 1420 1223 1454 isti
1253 1426 1372 1453 tamen
1402 1421 1588 1454 manuales
1617 1421 1775 1455 artifices
1804 1422 1931 1456 falcem
1962 1435 2062 1457 suam
2093 1425 2130 1457 in

254 1497 412 1520 messem
439 1485 593 1520 alienam
623 1493 802 1532 ponentes
828 1485 1121 1532 quibuscumque
1150 1486 1262 1528 curis,
1291 1493 1330 1520 ut
1356 1499 1422 1532 per
1448 1487 1717 1533 fldedignorum
1747 1489 1994 1522 testimonium
2023 1490 2131 1524 nobis

254 1559 409 1594 constat,
431 1559 568 1587 temere
593 1559 629 1586 et
653 1553 691 1586 in
716 1552 903 1599 publicum
929 1553 1139 1587 scandalum
1166 1565 1206 1587 se
1231 1554 1398 1595 miscent,
1427 1554 1464 1587 in
1488 1554 1557 1587 hoc
1583 1555 1688 1588 etiam
1711 1556 1910 1601 perjurium
1933 1563 1968 1590 et
1988 1569 2132 1590 excom-

255 1619 513 1654 municationis
544 1620 760 1654 sententiam
795 1620 1026 1654 incurrentes
1053 1632 1060 1653 :
1088 1620 1226 1654 idcirco
1260 1620 1412 1654 firmiter
1445 1620 1655 1655 inhibemus
1685 1634 1730 1655 ne
1760 1622 1892 1668 aliquis
1927 1623 2132 1670 cirurgicus

254 1699 320 1721 seu
355 1687 558 1733 cyrurgica,
588 1686 842 1733 apothecarius
870 1699 934 1721 seu
962 1686 1204 1733 apothecaria,
1234 1687 1427 1721 herbarius
1457 1699 1523 1721 seu
1553 1687 1719 1722 herbaria
1748 1701 1813 1734 per
1836 1690 2042 1735 juramenta
2069 1703 2133 1724 sua

255 1753 390 1787 limites
411 1765 478 1787 seu
498 1759 613 1787 metas
633 1753 691 1787 sui
716 1753 858 1787 artificii
884 1753 975 1787 clam
1001 1753 1059 1787 vel
1084 1753 1200 1800 palam
1226 1765 1291 1788 seu
1317 1754 1630 1800 qualitercumque
1656 1755 1834 1789 excedere
1860 1764 2058 1802 presumat,
2087 1757 2134 1791 ita

255 1820 355 1867 quod
381 1820 597 1866 cyrurgicus
624 1832 665 1854 se
694 1820 904 1854 nullatenus
931 1820 1147 1854 intromittat
1172 1821 1245 1855 nisi
1272 1821 1316 1854 de
1343 1821 1502 1855 manuali
1527 1822 1682 1867 practica
1709 1829 1744 1855 et
1767 1829 1807 1855 ut
1833 1823 1877 1856 ad
1905 1823 2023 1869 ipsum
2052 1836 2134 1870 per-

256 1889 364 1931 tinet3
387 1887 641 1934 apothecarius
668 1894 786 1921 autem
816 1899 883 1921 seu
910 1887 1102 1922 herbarius
1127 1888 1200 1921 nisi
1226 1887 1345 1921 solum
1377 1888 1421 1921 de
1448 1888 1678 1922 confectione
1699 1901 1763 1922 sua
1785 1896 1820 1923 et
1839 1889 1883 1923 de
1904 1890 2135 1924 administra-

255 1956 354 1990 tione
375 1954 495 1990 solum
517 1954 703 2002 magistris
724 1955 761 1988 in
782 1954 962 1988 medicina
982 1954 1146 1988 facienda
1169 1954 1228 1988 vel
1249 1955 1293 1988 de
1319 1967 1473 2001 quorum
1501 1955 1647 1989 licentia
1672 1956 1878 1990 constiterit
1897 1957 2067 1991 facultati.
2092 1959 2136 1992 Et

257 2035 303 2058 ne
324 2034 428 2057 error
448 2022 566 2068 possit
586 2022 672 2056 inde
692 2021 922 2068 contingere,
945 2021 1156 2056 ordinamus
1178 2021 1276 2068 quod
1297 2021 1551 2068 apothecarius
1572 2034 1638 2056 seu
1659 2022 1851 2057 herbarius
1872 2036 1938 2069 per
1957 2024 2135 2058 decanum

257 2096 421 2124 nostrum
447 2088 506 2123 vel
531 2101 596 2136 per
620 2089 783 2135 sigillum
809 2101 922 2135 super
946 2088 1018 2123 hiis
1044 2101 1187 2122 necnon
1214 2089 1320 2123 etiam
1342 2101 1454 2135 super
1473 2089 1554 2123 aliis
1580 2089 1717 2131 dubiis,
1746 2091 1777 2124 si
1804 2103 1874 2136 que
1900 2092 2134 2138 contigerint,
2175 2120 2179 2124 .

257 2155 478 2191 certificetur
507 2156 691 2190 decretum
719 2155 912 2198 facultatis,
941 2155 1178 2190 excludentes
1204 2162 1324 2190 tamen
1350 2168 1369 2189 a
1400 2156 1495 2190 dicto
1524 2163 1657 2190 statuto
1685 2157 1769 2191 illos
1800 2158 1862 2203 qui
1889 2159 2050 2192 Parisius
2077 2158 2135 2192 vel

258 2234 373 2270 prope
399 2234 473 2256 non
500 2222 699 2268 practicant
724 2234 792 2256 nec
818 2223 925 2256 etiam
953 2222 1172 2256 contrahunt
1197 2223 1437 2263 mansionem,
1465 2222 1599 2268 quibus
1625 2224 1793 2257 credatur
1819 2236 1884 2269 per
1908 2237 2013 2258 suum
2035 2226 2136 2270 jura-

259 2296 433 2324 mentum.
465 2290 554 2323 Item
580 2289 706 2323 nullus
733 2289 979 2335 predictorum
1007 2289 1163 2335 aliquem
1191 2289 1418 2323 infirmorum
1448 2290 1571 2323 visitet
1599 2297 1638 2323 ut
1667 2290 1700 2323 ei
1731 2290 1879 2335 aliquod
1909 2291 2135 2325 alterativum

260 2356 563 2390 medicamentum
591 2366 658 2389 seu
684 2355 876 2389 laxativum
901 2362 963 2389 aut
986 2355 1243 2401 quodcumque
1268 2355 1367 2389 aliud
1392 2355 1489 2401 quod
1515 2356 1559 2389 ad
1587 2356 1768 2390 medicum
1795 2357 1973 2402 pertineat
1997 2357 2136 2391 submi—

261 2423 391 2457 nistret
419 2434 486 2456 nec
518 2421 787 2456 administrari⁴
816 2421 984 2456 consulat
1011 2421 1069 2456 vel
1099 2428 1283 2468 procuret,
1315 2422 1385 2456 nisi
1416 2434 1481 2468 per
1509 2423 1723 2468 magistrum
1753 2423 1790 2456 in
1820 2423 1998 2458 medicina
2029 2431 2138 2470 prout

260 2489 431 2535 superius
454 2495 511 2523 est
531 2500 757 2534 expressum.
788 2489 832 2522 Et
850 2488 917 2522 hec
938 2488 992 2522 eis
1014 2500 1078 2534 per
1093 2489 1298 2534 juramenta
1319 2500 1383 2522 sua
1404 2488 1631 2534 injungimus
1652 2496 1687 2523 et
1707 2489 1776 2523 sub
1797 2502 1888 2535 pena
1910 2491 2071 2536 predicta
2092 2503 2136 2526 eo

260 2555 369 2590 modo
399 2567 471 2602 quo
501 2567 610 2601 supra
640 2554 776 2589 dictum
812 2561 881 2597 est,
916 2566 1059 2589 necnon
1089 2555 1194 2589 etiam
1230 2554 1299 2588 sub
1333 2555 1535 2601 privatione
1569 2555 1777 2590 omnimode
1811 2556 2137 2592 administrationis

260 2629 398 2657 nostre.
431 2621 505 2656 Sub
535 2622 673 2656 eisdem
704 2622 810 2668 penis
838 2622 946 2656 etiam
976 2622 1114 2656 eisdem
1145 2621 1379 2668 precipimus,
1410 2633 1456 2655 ne
1483 2621 1615 2668 aliquis
1645 2635 1770 2657 eorum
1799 2624 1898 2658 sanis
1925 2623 2136 2659 hominibus

259 2689 416 2736 aliquam
438 2688 680 2735 predictarum
703 2689 965 2723 medicinarum
987 2689 1066 2722 sine
1087 2688 1251 2735 magistri
1272 2688 1462 2735 presencia
1482 2688 1735 2723 administrare
1757 2697 1954 2736 presumat,
1976 2692 2137 2738 exceptis

260 2755 335 2790 illis
355 2767 426 2802 que
449 2756 691 2790 communiter
716 2755 826 2790 vendi
851 2755 983 2798 solent,
1010 2755 1215 2802 cujusmodi
1237 2761 1323 2789 sunt
1349 2767 1479 2789 sucura
1501 2762 1633 2799 rosata,
1662 2757 1787 2803 dragia
1806 2759 2023 2800 communis,
2046 2771 2136 2804 aqua

260 2834 409 2857 rosacea
438 2829 476 2857 et
504 2822 721 2865 consimilia,
753 2822 982 2857 excludendo
1012 2823 1066 2857 eis
1093 2834 1236 2856 omnem
1267 2822 1359 2856 viam
1390 2829 1426 2856 et
1454 2822 1601 2856 modum
1631 2823 1908 2858 administrandi
1939 2825 1974 2858 in
2003 2825 2137 2871 quibus

262 2889 396 2935 pericia
423 2888 556 2923 medici
584 2889 695 2923 fuerit
720 2889 951 2936 requirenda.
982 2890 1026 2923 Et
1052 2889 1221 2935 quoniam
1249 2888 1416 2923 nonnulli
1441 2895 1526 2923 sunt
1552 2890 1613 2936 qui
1635 2890 1742 2924 simul
1771 2898 1929 2936 querunt
1948 2891 2135 2925 scientiam

262 2961 299 2990 et
317 2954 463 2990 modum
485 2955 640 2998 sciendi,
663 2955 762 3002 quod
782 2962 839 2991 est
863 2956 1126 2991 inconveniens
1153 2956 1358 2998 maximum,
1386 2967 1465 2990 cum
1492 2968 1618 2991 eorum
1645 2969 1748 2991 error
1768 2957 1873 2991 etiam
1900 2958 1934 2991 in
1958 2958 2136 3003 principio

387 3014 483 3039 Chart-
504 3013 581 3039 vnio.
600 3013 696 3040 Paris.
713 3014 736 3040 Ι.
1980 3016 2011 3039 62
