2580 3528
270 398 368 440 1252]
612 409 659 431 AB
693 409 800 431 Auno
834 409 911 432 mcc
945 409 1078 439 USQUE
1112 411 1161 432 An
1196 411 1425 434 l‘lllLlPPUM
1460 413 1500 434 ιν
1534 414 1622 436 asc..
1660 415 1797 438 rimae.
2075 408 2142 442 233

268 482 314 516 de
333 482 446 516 verbo
466 482 511 515 ad
530 481 681 530 verbum
702 494 742 515 ac
763 482 1021 528 religiosorum
1043 483 1172 516 ordine
1193 496 1267 517 non
1287 485 1442 518 fecerint
1460 487 1694 529 mentionem,
1717 500 1829 534 super
1849 489 1920 523 hiis
1942 492 2140 535 procedere

268 561 342 582 non
362 546 520 590 omittas,
545 549 647 594 juxta
674 548 890 582 directarum
917 549 961 583 ad
987 556 1020 583 te
1046 550 1306 584 continentiam
1331 551 1547 594 litterarum,
1574 553 1685 587 salvis
1704 555 1809 600 penis
1830 556 1867 589 in
1888 556 2056 591 nolentes
2077 570 2140 591 sua

267 615 378 650 taxari
407 614 571 661 hospicia
603 627 670 661 per
701 615 884 661 antiquam
915 622 950 650 et
978 616 1211 663 approbatam
1242 624 1278 651 et
1305 617 1481 652 hactenus
1510 619 1659 665 pacifice
1689 620 1914 655 observatam
1945 631 2141 657 consuetu-

266 682 389 716 dinem
409 681 572 716 Parisius
591 682 823 716 introductis.
847 684 925 717 Dat.
948 684 1091 717 Perusii
1111 684 1149 730 iij
1172 684 1241 718 kal.
1263 685 1374 727 Junii,
1397 686 1629 731 pontificatus
1650 688 1766 722 nostri
1787 701 1881 722 anno
1903 702 2013 723 nono.

357 779 495 812 Originale
510 780 538 804 in
552 781 630 805 Arch.
646 784 700 805 nat.
717 781 801 806 Paris.
818 782 846 806 L.
868 782 922 810 247,
939 785 968 805 n⁰
983 782 1036 806 200.
1056 781 1274 814 Bulla'plumben
1289 783 1341 807 filis
1356 784 1468 811 cannah,
1487 785 1655 817 appenditur.
1672 786 1701 809 In
1716 794 1810 810 aversa
1827 787 1980 811 membr-ann
1994 796 1999 811 :
2016 796 2028 811 <t
2044 788 2092 812 Th.
2109 789 2141 812 de

266 824 362 848 Sancto
376 824 471 856 Egidio
489 833 512 849 ι).
527 825 657 850 Pertinuit
671 826 704 850 ad
719 826 862 850 Archivum
877 826 999 851 Univers.
1012 840 1044 845 —
1059 827 1123 851 Cod.
1139 828 1196 851 Vnt.
1213 828 1275 860 Reg.
1289 829 1346 858 406,
1365 829 1410 852 sol.
1432 829 1470 852 17.
1488 843 1520 848 —
1534 829 1602 853 Bibl.
1626 830 1759 862 Phillipps
1779 831 1806 854 in
1823 831 2004 862 Cheltenhom,
2020 840 2068 856 ms.
2085 834 2139 861 876,

264 869 308 893 rol.
328 869 367 898 18,
383 869 434 893 sub
448 869 556 894 rubrica
570 873 600 894 ut
614 878 696 902 supra
713 879 718 894 :
737 879 748 894 t(
763 871 798 895 Ut
810 871 985 895 cancellarius
998 871 1084 896 Paris.
1097 872 1230 904 astringat
1244 881 1267 901 ι),
1283 877 1331 898 etc.
1347 873 1485 902 Jourdnin,
1502 878 1532 897 n⁰
1543 875 1582 898 92.

357 954 381 978 1.
398 954 531 979 Ludovico
547 955 589 979 lx.
604 968 637 973 —
649 956 672 978 2.
691 955 731 979 Cf.
748 963 829 987 supra
844 960 873 979 n⁰
889 956 942 980 138.

263 1120 375 1159 204.
404 1131 586 1158 Innocentius
601 1132 646 1158 IV
659 1131 782 1158 Thomae
802 1131 1020 1169 archiepiscopo
1035 1133 1177 1168 Remensi,
1198 1133 1311 1160 Adamo
1333 1135 1466 1171 episcopo
1486 1143 1521 1160 ac
1543 1134 1652 1161 decano
1675 1135 1935 1163 Silvanectensibus
1959 1137 2083 1173 injungit
2109 1142 2139 1164 ut

351 1179 550 1207 molestatores
565 1181 766 1215 magistrorum
781 1184 810 1207 et
823 1180 998 1208 scholarium
1013 1182 1224 1208 Parisiensium
1236 1191 1290 1219 pet·
1303 1184 1475 1210 sententiam
1489 1185 1792 1211 excommunicationis
1808 1189 1999 1222 compescant.

1521 1274 1597 1303 7252.
1612 1274 1674 1300 uait·
1684 1275 1730 1304 30.
1746 1275 1851 1301 Perusii.

351 1343 588 1377 Innocentius
615 1344 811 1390 episcopus
839 1356 968 1378 servus
995 1357 1185 1379 servorum
1215 1347 1281 1379 Dei
1311 1347 1583 1381 venerabilibus
1613 1348 1785 1383 fratribus
1813 1376 1834 1382 ..
1861 1350 2138 1397 archiepiscopo

263 1410 434 1444 Remensi
464 1436 485 1442 ..
517 1410 690 1456 episcopo
725 1417 761 1443 et
795 1410 928 1444 dilecto
963 1411 1038 1445 filio
1067 1438 1087 1445 ..
1115 1412 1253 1446 decano
1289 1413 1623 1448 Silvanectensibus
1654 1415 1805 1448 salutem
1837 1423 1872 1449 et
1901 1417 2136 1462 apostolicam

262 1475 568 1510 benedictionem.
599 1476 779 1510 Affectum
808 1489 934 1510 eorum
963 1478 1038 1523 qui,
1070 1477 1271 1512 honestatis
1300 1479 1534 1514 intendentes
1563 1481 1688 1522 cultui,
1725 1482 1762 1514 in
1792 1483 1913 1515 studio
1945 1484 2140 1528 proficiunt

261 1541 477 1583 litterarum,
512 1540 684 1575 benivolo
718 1542 841 1575 favore
878 1542 1148 1588 prosequimur,
1184 1550 1220 1576 et
1257 1550 1296 1576 ut
1334 1543 1492 1577 obtatum
1529 1557 1593 1578 sue
1631 1546 1834 1579 affectionis
1871 1547 1907 1580 in
1939 1547 2004 1580 hac
2039 1555 2138 1593 parte

261 1614 533 1654 consequantur
562 1608 743 1650 effectum,
776 1608 935 1642 libenter
964 1609 1018 1642 eis
1048 1609 1287 1655 apostolicum
1318 1617 1427 1656 prout
1455 1611 1602 1656 expedit
1630 1612 1801 1646 auxilium
1836 1613 2063 1656 exhibemus,
2099 1627 2138 1647 ac

261 1674 299 1708 in
319 1686 363 1708 eo
391 1674 600 1720 specialiter
624 1675 788 1721 ipsorum
814 1687 926 1721 super
950 1675 1018 1709 hoc
1045 1675 1240 1710 desideriis
1266 1677 1387 1711 favere
1415 1678 1668 1723 proponimus,
1695 1686 1734 1712 ut
1758 1679 1811 1713 eis
1836 1686 1960 1714 contra
1989 1693 2135 1714 suorum

261 1741 536 1775 molestatorum
566 1741 752 1775 audaciam
782 1748 963 1788 oportuno
993 1754 1164 1776 curemus
1198 1743 1360 1777 remedio
1391 1743 1600 1778 subvenire.
1638 1745 1728 1779 Hinc
1764 1753 1831 1788 est,
1868 1747 1966 1792 quod
2001 1747 2135 1781 dudum

262 1807 556 1854 significantibus
581 1807 689 1842 nobis
714 1808 859 1842 dilectis
886 1808 971 1843 filiis
991 1835 1012 1842 ..
1032 1810 1216 1855 magistris
1242 1817 1278 1844 et
1304 1810 1508 1844 scolaribus
1533 1812 1815 1854 parisiensibus,
1845 1826 1884 1846 se
1910 1827 1927 1847 a
1949 1814 2137 1847 nonnullis

260 1874 479 1909 turbationis
505 1887 630 1908 eorum
657 1875 773 1909 avidis
799 1875 985 1910 molestias
1011 1876 1232 1923 multiplices
1258 1877 1426 1920 tolerare,
1454 1878 1560 1912 vobis
1588 1891 1653 1925 per
1673 1879 1892 1925 apostolicas
1913 1880 2051 1914 litteras
2072 1893 2137 1926 per

260 1942 491 1988 septennium
522 1941 771 1975 tantummodo
802 1942 974 1976 valituras
1003 1943 1172 1978 duximus
1199 1943 1479 1990 injungendum,
1509 1952 1549 1978 ut
1572 1946 1720 1991 prefatis
1748 1947 1931 1992 magistris
1959 1954 1994 1980 et
2021 1947 2137 1981 scola-

261 2008 364 2042 ribus
391 2009 528 2042 favoris
557 2008 719 2054 presidio
747 2009 941 2043 efficaciter
967 2010 1196 2052 assistentes,
1227 2023 1301 2044 non
1331 2012 1590 2056 permitteretis
1617 2025 1681 2046 eos
1709 2020 1833 2047 contra
1860 2013 1997 2047 indulta
2026 2015 2137 2059 privi-

261 2074 441 2121 legiorum
463 2075 564 2109 sedis
584 2075 783 2121 apostolice
804 2075 848 2109 ab
869 2076 1053 2122 aliquibus
1073 2077 1236 2111 indebite
1257 2077 1480 2112 molestari¹.
1507 2080 1582 2113 Nos
1610 2079 1722 2125 igitur
1747 2080 1914 2114 volentes
1934 2081 2059 2124 saetam
2082 2082 2135 2115 eis

260 2153 372 2188 super
400 2141 470 2175 hoc
504 2153 703 2188 prorogare
733 2142 883 2188 gratiam
914 2155 954 2176 ac
983 2143 1088 2177 etiam
1118 2144 1302 2190 ampliare,
1334 2144 1498 2191 ipsorum
1529 2145 1700 2191 precibus
1730 2147 1892 2180 inclinati
1923 2147 2134 2181 discretioni

260 2215 382 2243 vestre
402 2219 468 2254 per
487 2208 686 2254 apostolica
705 2209 839 2255 scripta
860 2221 925 2255 per
945 2210 1163 2244 decennium
1188 2223 1207 2244 a
1235 2211 1307 2244 fine
1328 2212 1482 2257 predicti
1507 2212 1750 2246 inchoandum
1777 2214 1959 2259 septennii
1984 2214 2134 2248 valitura

260 2275 487 2317 mandamus,
509 2275 680 2320 quatinus
701 2275 819 2309 dictos
844 2276 1039 2321 magistros
1066 2283 1102 2310 et
1127 2277 1288 2311 scolares
1313 2285 1437 2311 contra
1462 2278 1600 2312 indulta
1627 2279 1902 2325 privilegiorum
1924 2280 2133 2325 hujusmodi

262 2341 447 2376 molestari
472 2340 634 2375 indebite
659 2341 704 2375 ab
728 2341 912 2387 aliquibus
937 2354 1010 2376 non
1035 2343 1175 2386 sinatis,
1202 2344 1456 2378 molestatores
1479 2344 1689 2390 hujusmodi
1716 2358 1779 2391 per
1805 2358 1995 2380 censuram
2017 2347 2134 2380 ecclc-

260 2408 440 2443 siasticam
461 2407 704 2454 appellatione
732 2409 933 2454 postposita
958 2410 1240 2455 compescendo,
1267 2423 1340 2444 non
1368 2411 1547 2454 obstante,
1575 2412 1670 2445 siah
1696 2413 1820 2445 eadem
1841 2413 1929 2446 sede
1949 2413 2132 2458 aliquibus

260 2475 309 2509 eit
327 2475 524 2517 indultum,
545 2474 643 2520 quod
665 2475 969 2509 excommunicari
993 2482 1054 2509 aut
1079 2476 1247 2510 interdici
1273 2484 1455 2523 nequeant
1480 2478 1537 2511 vel
1563 2479 1753 2524 suspendi,
1779 2491 1844 2512 seu
1872 2480 2132 2513 constitutione

260 2541 305 2575 de
333 2541 476 2575 duabus
502 2541 611 2575 dietis
639 2541 735 2575 edita
761 2542 797 2575 in
825 2541 992 2576 Concilio
1012 2543 1188 2588 generali,
1215 2543 1412 2577 dummodo
1441 2544 1532 2578 ultra
1561 2545 1698 2578 tertiam
1727 2545 1784 2579 vel
1812 2552 1971 2591 quartam
2000 2546 2132 2592 aliquis

259 2614 358 2642 extra
378 2620 480 2643 suam
502 2608 677 2642 diocesim
699 2609 911 2642 auctoritate
931 2609 1155 2655 presentium
1177 2610 1219 2643 ad
1236 2610 1415 2655 judicium
1437 2623 1510 2644 non
1532 2611 1703 2645 trahatur.
1727 2613 1803 2645 Dat.
1828 2613 1967 2646 Perusii
1995 2613 2031 2658 iij
2062 2613 2130 2646 kal.

257 2675 369 2718 Junii,
392 2675 623 2721 pontificatus
643 2675 759 2709 nostri
778 2687 874 2709 anno
895 2687 1005 2709 nono.

352 2773 430 2799 Arcb.
451 2772 574 2797 Univern.
594 2773 678 2797 Paris.
700 2773 775 2797 theca
792 2773 833 2802 tv,
851 2774 879 2798 A.
896 2773 934 2803 1³,
950 2781 975 2803 a,
996 2773 1022 2797 in
1038 2773 1212 2798 insu-umento
1234 2776 1265 2798 ³0
1281 2775 1363 2807 April.
1381 2775 1442 2799 1³18
1456 2777 1584 2800 consecto.
1599 2776 1667 2800 Bibl.
1684 2776 1816 2808 phillipps
1833 2776 1859 2800 in
1879 2777 2060 2807 chetim-hum,
2083 2786 2131 2802 ms.

258 2818 313 2846 87⁶.
326 2818 370 2842 tot.
381 2817 436 2846 18¹³,
452 2817 502 2841 nub
514 2817 564 2841 bac
579 2817 684 2841 rubrica
697 2826 702 2842 z
720 2827 732 2842 ι
749 2818 884 2842 Gonu-uti·
900 2818 1096 2842 conservatoria
1111 2818 1211 2843 directa
1223 2819 1424 2852 archiepiscopo
1437 2820 1567 2849 Remensi,
1581 2821 1706 2852 opi-copo
1716 2824 1741 2845 et
1751 2821 1849 2845 decano
1863 2822 2051 2847 Silvanectens.
2069 2831 2091 2846 ι).
2103 2836 2132 2840 -

257 2861 395 2891 Jourdnin,
410 2866 440 2886 πθ
452 2863 492 2887 ⁹³.

352 2946 376 2971 1.
393 2946 434 2971 Cf.
448 2954 530 2979 supra
545 2949 574 2970 η’
587 2946 640 2970 1⁶³.

385 2990 480 3015 chart.
502 2989 582 3015 vniv.
599 2989 694 3016 Paris.
713 2989 733 3015 1.
1977 2995 2007 3017 3ο
