2580 3528
516 419 580 453 640
1102 426 1419 449 CHARTL‘LARIUM
1454 425 1644 447 uxivssns.
1682 424 1809 446 ranis.
2292 414 2392 455 [1286

517 502 693 535 debuerat
719 502 763 534 ad
788 501 932 534 easdem
954 501 1261 546 congregationes
1288 500 1475 540 accedere,
1507 499 1624 543 ipsum
1652 498 1697 530 de
1722 498 1827 539 tacto,
1850 509 1930 530 cum
1953 497 1998 531 de
2013 498 2097 543 jure
2119 510 2192 531 non
2212 504 2351 543 posset,
2372 510 2390 531 a

517 569 594 602 suis
614 568 835 602 lectionibus
857 575 892 601 et
912 567 1221 613 disputationibus
1243 566 1470 600 Universitas
1496 565 1658 610 predicta
1683 564 1889 609 suspendit,
1912 570 1947 598 et
1967 564 2227 598 nichilominus
2248 576 2331 598 eum
2350 576 2390 598 ac

515 635 620 668 etiam
643 646 769 668 omnes
791 634 835 667 de
856 635 932 679 ipsa
955 634 1211 674 Universitate,
1242 633 1303 677 qui
1333 632 1524 672 lectiones,
1554 630 1821 675 disputationes
1846 629 1905 664 vel
1930 630 2199 676 predicationes
2219 630 2388 665 audirent

515 701 627 743 illius,
650 701 707 734 vel
727 700 771 734 ab
792 701 872 746 ipso
893 700 1041 745 legendi
1062 700 1242 732 licentiam
1266 705 1444 744 peterent,
1470 697 1514 730 ab
1540 697 1705 742 ejusdem
1733 697 1990 730 Universitatis
2016 697 2202 730 consortio
2231 704 2267 730 et
2291 709 2390 730 com-

515 768 687 800 munione
709 767 964 813 magistrorum
988 768 1067 811 ejus
1088 772 1369 811 presumptuosa
1390 765 1591 798 temeritate
1617 763 1783 809 privavit,
1809 764 1975 797 faciendo
2001 764 2203 797 districtius
2231 763 2389 797 inhiberi

514 846 558 867 ne
579 834 739 867 scolares
756 834 981 866 Parisienses
998 844 1117 865 coram
1136 844 1178 865 eo
1194 832 1252 865 vel
1269 833 1349 876 ejus
1366 831 1510 864 officiali
1526 837 1782 876 presumerent
1797 830 2075 875 quomodolibet
2089 830 2246 876 litigare,
2263 830 2386 872 immo,

513 900 610 945 quod
644 900 791 944 gravius
824 899 1027 940 videbatur,
1059 925 1079 930 ..
1110 905 1229 931 rector
1263 898 1519 931 Universitatis
1553 897 1671 942 ipsius
1703 897 1839 942 passim
1874 908 2002 930 causas
2035 896 2205 930 audiebat
2237 903 2273 930 et
2304 896 2388 930 lites

512 966 677 999 faciendo
698 977 818 1008 coram
840 978 879 998 se
901 977 966 1010 per
985 965 1153 998 bedellos
1175 976 1262 998 suos
1284 976 1462 1009 personas
1490 975 1727 1009 quascunque
1745 964 1880 1006 vocari,
1902 964 2070 1009 cogendo
2100 964 2205 997 etiam
2234 975 2389 1009 respon-

513 1033 598 1065 dere
615 1039 771 1073 vocatas,
790 1032 875 1065 licet
895 1043 1002 1064 cause
1023 1031 1234 1076 hujusmodi
1252 1032 1328 1065 sive
1344 1031 1428 1064 lites
1450 1031 1493 1064 ad
1515 1031 1632 1076 ipsius
1653 1030 1860 1064 cancellarii
1879 1031 1998 1064 forum
2019 1037 2197 1076 spectent,
2215 1030 2387 1076 quodque

513 1106 595 1132 tunc
617 1099 710 1131 dicta
732 1098 959 1132 Universitas
981 1098 1258 1144 quampluribus
1286 1097 1491 1131 scolaribus
1519 1098 1556 1130 in
1584 1097 1763 1131 medicina
1785 1104 1821 1130 et
1840 1097 1998 1131 decretis
2023 1097 2178 1143 regendi
2204 1097 2385 1131 licentiam

512 1177 584 1198 non
605 1165 683 1198 sine
704 1165 815 1198 multa
836 1165 1036 1198 temeritate
1058 1165 1235 1198 duxerant
1261 1165 1547 1207 concedendam,
1570 1176 1785 1210 quamquam
1811 1164 2022 1209 hujusmodi
2049 1164 2231 1198 licentiam
2256 1176 2388 1198 conce-

510 1232 595 1264 dere
625 1232 670 1264 ad
699 1232 854 1264 eundem
890 1231 1144 1264 cancellarium
1179 1232 1391 1277 pertineret.
1428 1232 1592 1265 Prefatus
1625 1243 1713 1265 vero
1747 1231 1921 1277 magister
1946 1230 2130 1264 Johannes
2160 1243 2204 1264 ex
2231 1231 2386 1266 adverso

510 1299 711 1343 respondit,
735 1299 832 1343 quod
858 1298 1112 1331 cancellarium
1136 1298 1255 1343 ipsum
1278 1299 1314 1331 in
1336 1298 1437 1332 nullo
1459 1299 1687 1332 Universitas
1712 1305 1908 1331 memorata
1929 1297 2113 1343 gravabat,
2133 1298 2243 1331 immo
2265 1298 2386 1344 potius

509 1366 585 1410 ipsa
611 1365 827 1410 gravabatur
854 1365 889 1397 in
918 1364 1085 1410 pluribus
1106 1364 1149 1398 ab
1171 1365 1313 1406 eodem,
1335 1365 1524 1398 nonnullis
1552 1365 1785 1411 postmodum
1807 1364 1969 1398 articulis
1991 1365 2108 1398 eidem
2129 1365 2384 1410 predecessori

510 1438 578 1464 tam
599 1444 616 1464 a
638 1431 854 1464 cancellario
883 1444 988 1476 quam
1020 1432 1274 1477 procuratore⁸
1295 1432 1444 1478 prefatis
1466 1431 1651 1474 exhibitis,
1673 1432 1735 1477 qui
1761 1432 1922 1477 predicta
1951 1431 2035 1465 hinc
2065 1431 2150 1464 inde
2178 1431 2386 1477 gravamina

506 1498 766 1543 exprimebant.
785 1498 911 1531 Dictus
932 1498 1044 1544 igitur
1060 1499 1303 1544 predecessor
1324 1499 1535 1545 diligenter,
1557 1499 1653 1532 sicut
1672 1498 1828 1540 dicebat,
1845 1498 2038 1532 attendens
2055 1498 2153 1544 quod
2173 1497 2385 1543 hujusmodi

505 1565 625 1598 citatio
655 1564 930 1610 attemptabatur
956 1572 1080 1598 contra
1109 1566 1326 1599 Parisiensis
1353 1566 1508 1599 ecclesie
1536 1578 1575 1599 ac
1604 1566 1721 1611 ipsius
1751 1565 1958 1599 cancellarii
1983 1564 2187 1598 libertatem
2214 1571 2250 1598 et
2273 1565 2380 1599 etiam

506 1631 722 1664 laudabilem
753 1632 1056 1665 consuetudinem
1086 1633 1260 1666 anteactis
1291 1632 1519 1678 temporibus
1549 1632 1791 1674 observatam,
1818 1644 1899 1665 cum
1925 1632 2152 1665 Parisienses
2178 1631 2384 1666 cancellarii

506 1698 567 1743 qui
588 1699 730 1731 fuerant
750 1710 814 1743 pro
838 1705 999 1743 tempore
1021 1699 1064 1732 ad
1085 1700 1392 1744 congregationes
1418 1699 1630 1745 hujusmodi
1655 1705 1867 1733 reverenter
1888 1705 1923 1732 et
1942 1698 2157 1744 suppliciter
2181 1710 2384 1733 consueve-

507 1765 579 1797 rint
599 1765 753 1806 evocari,
776 1765 917 1798 notam‘
946 1765 1024 1798 fieri
1052 1766 1246 1808 mandavit,
1274 1778 1339 1811 per
1368 1778 1473 1811 quam
1502 1766 1706 1799 districtius
1733 1765 1921 1799 inhibebat
1949 1777 1994 1798 ne
2025 1765 2146 1798 citatio
2173 1764 2384 1810 hujusmodi

506 1838 635 1864 extunc
662 1831 740 1864 fieri
767 1831 929 1873 deberet,
952 1832 1080 1866 volens
1106 1833 1255 1866 omnino
1277 1840 1316 1866 ut
1335 1833 1431 1866 idem
1458 1833 1697 1866 cancellarius
1718 1839 1754 1866 et
1773 1844 2010 1866 successores
2035 1832 2152 1877 ipsius
2173 1832 2216 1865 ad
2237 1832 2382 1866 easdem

504 1898 810 1943 congregationes
831 1898 969 1944 absque
991 1899 1140 1944 sequela
1171 1912 1264 1945 pene
1296 1900 1513 1945 cujuslibet¹⁵
1543 1912 1624 1933 cum
1654 1900 1859 1934 reverentia
1889 1906 1924 1932 et
1951 1898 2123 1944 precibus
2152 1905 2381 1944 vocarentur.

504 1964 704 1998 Predictam
744 1965 895 2010 insuper
925 1966 1078 2011 regendi
1109 1966 1291 1999 licentiam
1323 1966 1367 1999 ab
1398 1967 1537 2008 eadem,
1570 1973 1609 2000 ut
1638 1966 1851 2012 predicitur,
1887 1965 2132 1999 Universitate
2170 1977 2381 2007 concessam

504 2031 648 2075 penitus
670 2031 877 2073 revocabat,
900 2032 984 2065 illos
1006 2033 1067 2077 qui
1089 2045 1165 2066 eam
1188 2033 1351 2078 recipere
1378 2039 1678 2078 presumpserant
1699 2033 1902 2066 decernens
1930 2032 1976 2065 ob
2001 2032 2157 2078 exempli
2183 2032 2380 2077 perniciem

504 2109 569 2130 nec
591 2110 656 2142 pro
677 2098 871 2131 licentiatis
893 2111 1012 2144 neque
1040 2111 1105 2144 pro
1132 2100 1317 2145 magistris
1338 2099 1484 2141 haberi·,
1508 2106 1543 2133 et
1564 2100 1722 2145 rigorem
1746 2099 1908 2132 debitum
1931 2100 2025 2132 circa
2052 2099 2137 2132 illos
2165 2099 2210 2132 de
2239 2099 2383 2132 miseri-

503 2164 625 2197 cordia
653 2165 888 2209 temperando
917 2164 1077 2210 benigne
1105 2165 1330 2199 concedebat
1359 2166 1457 2211 quod
1487 2177 1552 2211 per
1579 2166 1735 2199 eundem
1764 2165 2018 2198 cancellarium
2042 2166 2143 2210 juxta
2170 2172 2380 2199 consuetam

501 2230 650 2263 sormam
672 2231 850 2264 licentiari
871 2231 1046 2273 valerent,
1070 2232 1100 2265 si
1122 2244 1186 2265 eos
1207 2232 1302 2265 idem
1324 2232 1564 2266 cancellarius
1591 2233 1774 2266 inveniret
1792 2232 1958 2277 ydoneos
1979 2239 2015 2265 et
2034 2232 2206 2278 expedire
2226 2232 2379 2266 videret.

503 2297 539 2329 Si
560 2309 646 2330 vero
667 2297 841 2331 licentiati
871 2297 1082 2343 hujusmodi
1109 2298 1178 2332 hoc
1208 2299 1349 2332 nollent
1374 2300 1527 2332 forsitan
1553 2306 1753 2344 acceptare,
1776 2299 1878 2344 ipsos
1904 2298 2080 2332 reddebat
2105 2310 2259 2344 prorsus
2280 2297 2382 2332 inha-

503 2363 596 2396 biles
627 2364 669 2396 ad
698 2365 871 2409 predicta.
903 2365 1096 2398 Mandabat
1124 2366 1229 2398 etiam
1259 2366 1356 2408 illos,
1386 2366 1448 2411 qui
1478 2366 1689 2411 hujusmodi
1717 2365 1803 2399 dare
1829 2366 2010 2399 licentiam
2043 2372 2078 2399 et
2103 2365 2228 2398 talium
2255 2371 2381 2399 tenere

504 2430 679 2475 principia
706 2438 1021 2476 presumpserunt,
1049 2444 1088 2465 ac
1116 2444 1194 2475 eOS,
1220 2433 1281 2477 qui
1307 2433 1487 2478 quendam
1515 2433 1755 2466 baccalarium
1785 2432 2009 2466 licentiatum
2036 2444 2100 2478 per
2125 2431 2379 2465 cancellarium

504 2497 749 2540 supradictum
780 2498 816 2530 in
847 2510 919 2530 non
946 2499 1124 2531 modicam
1159 2499 1366 2532 cancellarii
1396 2500 1560 2544 ejusdem
1589 2500 1756 2544 injuriam
1787 2499 1969 2533 licentiam
2004 2499 2048 2532 ab
2081 2499 2220 2532 eisdem
2250 2499 2378 2532 iterato

505 2562 665 2607 recipere
696 2566 928 2609 coegerunt⁶,
960 2577 1025 2610 per
1055 2577 1118 2598 eos
1145 2578 1238 2610 quos
1266 2566 1310 2599 ad
1337 2566 1374 2599 id
1403 2566 1668 2600 deliberaverat
1693 2566 1882 2612 deputare,
1907 2573 2015 2611 prout
2043 2566 2115 2611 ipsi
2139 2564 2380 2599 consideratis

504 2627 699 2672 diligenter
719 2630 835 2674 culpis
856 2628 1000 2663 illorum
1022 2631 1153 2664 honori
1179 2633 1344 2677 ejusdem
1372 2633 1579 2666 cancellarii
1600 2645 1639 2666 ac
1660 2633 1739 2678 paci
1767 2639 1803 2666 et
1827 2632 2078 2677 tranquillitati
2103 2632 2265 2677 predicte
2290 2631 2380 2665 Uni-

502 2694 684 2726 versitatis
709 2695 875 2728 viderent
899 2697 1083 2742 expedire,
1107 2699 1262 2743 puniri⁷.
1284 2699 1388 2732 Alios
1410 2706 1574 2745 preterea
1601 2699 1831 2744 supradictos
1858 2710 2055 2744 processus
2076 2704 2200 2731 contra
2221 2697 2378 2730 eundem

503 2759 756 2792 cancellarium
785 2774 848 2806 per
878 2763 1172 2804 Universitatem,
1204 2772 1379 2807 rectores,
1412 2772 1445 2799 et
1474 2766 1641 2799 bedellos
1676 2766 1835 2811 prefatos
1869 2764 2012 2798 habitos
2046 2763 2267 2805 annullabat,
2297 2763 2379 2796 irri-

505 2825 610 2867 tabat,
646 2826 810 2859 cassabat
846 2835 881 2860 et
917 2829 1050 2871 nullos,
1080 2842 1219 2873 cassos,
1248 2838 1284 2864 et
1312 2832 1436 2865 irritos
1473 2831 1674 2873 nuntiabat,
1709 2837 1834 2877 utpote
1864 2831 1901 2864 in
1931 2830 2018 2864 dicti
2046 2830 2253 2864 cancellarii
2281 2829 2378 2875 juris

505 2891 671 2936 injuriam
697 2899 962 2938 attemptantes.
987 2896 1030 2928 Et
1049 2896 1308 2931 nichilominus
1334 2898 1549 2944 injungebat
1574 2898 1748 2943 predictis
1775 2897 1894 2930 taliter
1919 2897 2138 2942 deputandis
2159 2903 2198 2930 ut
2216 2896 2377 2929 Parisius

504 2958 561 2990 vel
589 2959 632 2991 ad
659 2959 776 2992 locum
805 2959 912 2992 alium
941 2968 1204 3006 competentem
1234 2964 1287 2996 illi
1308 2965 1481 3006 vicinum,
1503 2965 1547 2997 ad
1568 2976 1674 3009 quem
1701 2970 1821 3009 partes
1842 2963 2015 2997 accedere
2037 2970 2072 2997 et
2092 2964 2129 2996 in
2151 2975 2221 3009 quo
2244 2962 2376 2996 morari
