2580 3528
494 406 561 440 334
1076 417 1392 439 cuam-uminum
1427 417 1617 441 umvnas.
1653 418 1782 441 PARlS.
2269 408 2369 451 [1256

493 491 781 532 fundamentum,
815 491 858 523 ad
888 490 948 523 illa
983 497 1083 523 tuum
1118 490 1259 523 lihitum
1295 491 1478 524 convertis
1509 498 1544 524 et
1569 491 1743 533 studium,
1774 504 1844 537 que
1874 492 1912 525 in
1941 493 2020 537 ejus
2054 498 2254 537 conspectu
2283 498 2370 526 sunt

495 558 652 602 placida,
670 557 813 602 sibique
835 557 1086 590 delectabilem
1108 558 1266 590 referant
1286 557 1497 590 suavitatem
1520 557 1658 599 odoris,
1681 558 1718 590 in
1739 558 1977 604 benignitate,
1999 559 2202 602 clementia,
2225 559 2369 593 miseri-

493 625 629 665 cordia,
653 631 688 657 et
707 624 864 657 caritatis
885 623 1062 657 subsidiis
1087 631 1121 657 te
1146 623 1395 669 principaliter
1419 624 1636 657 exercende.
1660 624 1731 658 Sed
1752 631 1788 658 et
1807 625 1838 658 si
1858 624 1925 658 hec
1946 625 1983 658 in
2004 637 2160 671 persona
2180 632 2239 660 tua
2258 625 2368 659 velud

495 691 615 724 sidera
640 690 820 723 luminosa
842 690 1113 735 resplendeant,
1135 696 1192 723 est
1210 696 1330 722 tamen
1355 689 1406 722 ibi
1431 689 1542 731 aliud,
1570 690 1668 735 quod
1693 690 1860 735 ampliori
1884 691 2028 737 fulgore
2054 691 2188 734 rutilat,
2215 698 2251 725 et
2274 692 2369 726 sicut

495 758 671 791 luminare
697 758 812 802 majus
839 764 874 790 et
898 757 1005 790 altius
1031 757 1169 801 profert
1187 756 1296 801 jubar
1316 756 1411 789 inter
1431 756 1498 789 alia
1519 757 1556 788 in
1577 763 1612 789 te
1632 756 1803 798 lucentia,
1825 758 1929 802 quasi
1949 758 2039 791 solis
2060 758 2219 792 innuens
2239 759 2368 803 majes-

494 831 614 865 tatem,
637 824 697 856 illa
718 823 889 857 videlicet
913 823 1045 855 ardens
1067 829 1102 855 et
1124 822 1252 855 lucens
1273 822 1415 863 caritas,
1439 834 1507 867 qua
1527 835 1704 868 personas
1725 823 1919 869 religiosas
1939 831 1975 857 et
1994 824 2128 859 divinis
2149 825 2368 871 mancipatas

494 891 653 924 servitiis
681 890 841 935 gratiose
870 889 1119 934 prosequeris,
1143 900 1203 921 eas
1227 895 1350 921 tenere
1373 888 1575 934 diligendo,
1597 890 1719 922 favore
1746 890 1944 923 muniendo
1971 891 2088 938 regio,
2111 891 2235 925 multis
2256 891 2368 925 bene-

494 957 586 989 fieiis
607 956 848 996 confovendo,
875 955 1128 1000 amplectendo
1154 954 1311 987 libenter
1335 955 1651 988 conversationem
1673 956 1833 1001 ipsarum
1856 963 1892 989 et
1911 968 1971 990 eas
1992 957 2029 990 in
2050 963 2109 990 tua
2129 957 2368 991 familiaritate

491 1022 698 1067 specialiter
723 1022 926 1054 retinendo.
955 1023 1053 1054 Inter
1079 1033 1167 1065 quas
1194 1020 1347 1054 dilectos
1375 1021 1471 1054 filios
1496 1022 1625 1055 fratres
1651 1022 1903 1056 Predicatores
1929 1029 1965 1057 et
1988 1023 2163 1065 Minores,
2201 1030 2367 1069 tanquam

492 1090 673 1134 perfectos
708 1088 843 1122 Christi
879 1100 1019 1129 servos,
1048 1087 1208 1120 cultores
1243 1087 1526 1121 fideiâ€˜eruditos
1556 1095 1591 1122 et
1620 1089 1820 1134 prudentes
1856 1101 1894 1123 ac
1930 1090 2103 1135 providos
2137 1090 2368 1124 consiliarios

490 1156 687 1188 animarum
711 1161 770 1187 tue
793 1154 1062 1187 mansuetudini
1089 1154 1253 1199 precipui
1278 1154 1412 1187 amoris
1432 1155 1579 1188 vinculo
1600 1155 1811 1188 astrinxisti.
1834 1156 1943 1190 Certe
1963 1157 2135 1202 congruit
2154 1164 2190 1190 et
2209 1157 2366 1202 expedit,

492 1222 589 1267 quod
624 1222 794 1266 princeps
829 1227 898 1253 tam
931 1220 1131 1253 catholicus
1161 1220 1356 1254 familiares
1386 1221 1516 1254 habeat
1545 1228 1613 1255 tam
1645 1221 1795 1261 electos,
1828 1223 1926 1267 quod
1957 1223 1994 1255 in
2024 1223 2141 1268 ipsius
2171 1223 2304 1256 munda
2333 1229 2369 1257 et

492 1289 602 1321 nitida
624 1288 722 1320 curia
742 1288 810 1320 viri
833 1288 911 1320 sine
933 1294 1015 1320 nota
1042 1294 1077 1319 et
1102 1287 1250 1320 macula.
1265 1295 1543 1330 conversentur,
1566 1288 1737 1334 quodque
1759 1289 1889 1322 domus
1910 1290 1990 1334 ejus
2011 1289 2174 1334 generali
2193 1289 2367 1335 preconio

490 1355 630 1388 laudata
653 1367 716 1399 per
737 1354 861 1387 orbem
884 1354 989 1386 etiam
1012 1366 1055 1386 ex
1075 1353 1291 1387 famulorum
1314 1361 1349 1387 et
1369 1355 1619 1388 ministrorum
1646 1355 1786 1389 domini
1812 1356 1984 1389 societate
2006 1368 2045 1389 ac
2066 1357 2250 1402 presentia
2269 1368 2368 1390 com-

490 1422 695 1455 mendetur.
723 1423 858 1454 Horum
890 1433 1044 1466 namque
1071 1421 1218 1454 fratrum
1241 1421 1328 1454 clari
1350 1421 1509 1454 Ordines
1531 1422 1744 1467 jamdudum
1772 1435 1791 1455 a
1817 1422 1904 1455 sede
1931 1422 2130 1468 apostolica
2155 1423 2250 1456 sicut
2274 1423 2367 1457 sacri

491 1496 527 1522 et
545 1488 734 1534 conspicui
756 1488 943 1533 approbati
964 1488 1064 1521 velut
1088 1488 1283 1521 eminentia
1309 1488 1524 1522 candelabra
1545 1495 1582 1522 et
1602 1489 1674 1522 duo
1700 1501 1829 1535 magna
1854 1489 2050 1526 luminaria
2066 1490 2103 1522 in
2123 1490 2279 1523 ecclesia
2300 1490 2367 1524 Dei

491 1556 626 1596 lucent,
655 1555 823 1600 quoniam
847 1554 890 1587 ab
910 1554 981 1587 hiis
1010 1561 1133 1588 sancte
1164 1555 1328 1588 doctrine
1354 1554 1478 1589 lumen
1506 1555 1642 1600 ubique
1670 1567 1735 1600 per
1762 1556 1934 1589 mundum
1961 1557 2110 1601 copiose
2136 1557 2366 1599 diffunditur,

490 1622 534 1655 ab
555 1622 625 1654 hiis
647 1621 783 1655 Christi
806 1621 1042 1666 Evangelium
1069 1621 1239 1654 ardenter
1259 1628 1295 1654 et
1314 1621 1508 1656 efficaciter
1528 1622 1749 1667 predicatur,
1771 1621 1815 1655 ab
1836 1622 1907 1655 hiis
1933 1629 2028 1656 recta
2050 1629 2086 1656 et
2104 1635 2190 1656 sana
2214 1623 2367 1656 consilia

491 1695 527 1721 et
556 1688 717 1733 exempla
748 1688 917 1721 salutaria
947 1687 1176 1720 exhibentur.
1209 1688 1480 1722 Convenienter
1509 1689 1629 1734 itaque
1660 1689 1760 1734 regia
1790 1689 1968 1722 serenitas
1996 1689 2033 1721 in
2063 1695 2130 1722 tam
2167 1689 2366 1735 proborum

490 1755 650 1788 virorum
680 1762 715 1787 et
739 1755 997 1800 religiosorum
1025 1762 1093 1787 tam
1119 1754 1317 1788 illustrium
1345 1755 1531 1788 consortio
1558 1755 1788 1797 ioeundatur,
1811 1755 1894 1800 quia
1920 1767 1962 1788 ex
1987 1755 2056 1788 hoe
2083 1756 2162 1801 ipsa
2182 1763 2218 1789 et
2237 1756 2366 1789 merito

490 1822 623 1854 crescit
648 1829 682 1854 et
707 1822 810 1863 fama,
833 1828 868 1854 et
889 1821 1117 1867 principibus
1143 1821 1223 1855 aliis
1249 1822 1293 1854 ad
1318 1821 1512 1855 honestum
1535 1829 1570 1855 et
1590 1821 1725 1855 bonum
1753 1822 1900 1855 materia
1921 1829 1978 1855 est
1997 1829 2032 1855 et
2052 1822 2172 1855 index.
2195 1823 2247 1855 De
2271 1829 2366 1856 tanta

490 1901 579 1934 ergo
610 1888 855 1922 benivolentia
886 1895 921 1921 et
950 1889 1077 1934 gratia,
1109 1901 1214 1934 quam
1243 1888 1381 1921 eisdem
1407 1888 1580 1922 fratribus
1606 1889 1749 1922 sincere
1775 1888 1940 1922 ostendis
1965 1895 2000 1922 et
2024 1888 2188 1930 exhibes,
2219 1889 2367 1922 celsitu-

490 1955 610 1988 dinem
648 1962 741 1988 tuam
778 1955 1027 2000 multipliciter
1061 1955 1098 1988 in
1135 1955 1290 1988 Domino
1326 1955 1635 1997 commendantes,
1673 1955 1802 2000 dignas
1836 1955 1901 1988 tibi
1940 1955 2134 2000 gratiarum
2174 1956 2367 1989 referimus

490 2022 664 2062 actiones,
697 2029 1020 2067 recognoscentes,
1052 2034 1118 2055 nos
1149 2022 1226 2054 sore
1257 2021 1322 2055 tibi
1350 2022 1395 2055 de
1425 2021 1493 2055 hoc
1523 2022 1720 2067 specialius
1748 2021 1944 2068 obligatos,
1971 2022 2054 2067 quia
2080 2028 2117 2055 tu
2145 2034 2184 2055 es
2210 2022 2302 2067 ipsis
2329 2022 2367 2055 in

490 2089 707 2121 necessitate
738 2088 883 2133 plenum
914 2088 1134 2129 subsidium,
1165 2095 1289 2121 contra
1320 2088 1506 2121 molestias
1538 2095 1651 2122 tutum
1683 2088 1898 2133 presidium,
1930 2095 1965 2121 et
1991 2088 2028 2120 in
2057 2088 2275 2121 adversitate
2309 2088 2367 2122 sui

491 2162 605 2187 status
631 2155 786 2188 solidum
814 2133 1208 2188 fimnmnentumssane
1235 2155 1389 2188 dilectos
1415 2154 1511 2188 filios
1538 2155 1734 2201 magistros
1758 2154 1959 2188 Johannem
1986 2161 2022 2188 et
2045 2155 2190 2188 Petrum
2212 2154 2366 2188 clericos

490 2228 525 2254 et
550 2222 697 2255 nuntios
722 2228 821 2262 tuos,
854 2234 946 2266 quos
976 2222 1018 2254 ad
1045 2221 1169 2254 sedem
1196 2221 1431 2266 apostolicam
1458 2221 1667 2263 destinasti,
1699 2222 1896 2255 affectuose
1921 2221 2144 2266 recepimus,
2174 2227 2209 2254 et
2233 2221 2271 2254 in
2295 2220 2366 2255 hiis

490 2300 559 2332 que
588 2295 859 2333 proposuerunt
885 2295 920 2321 et
945 2289 1152 2333 petiverunt
1176 2300 1219 2321 ex
1245 2295 1344 2333 parte
1370 2295 1428 2321 tua
1455 2300 1520 2334 pro
1547 2288 1685 2321 eisdem
1707 2288 1893 2330 fratribus,
1924 2288 2083 2334 benigne
2111 2288 2213 2333 ipsos
2239 2287 2365 2322 audire

487 2355 694 2387 curavimus
724 2362 759 2387 et
789 2355 980 2388 efficaciter
1010 2355 1193 2388 exaudire.
1232 2356 1275 2388 Et
1304 2367 1389 2388 ecce
1423 2355 1587 2388 libellum
1619 2355 1721 2388 illum
1752 2355 1999 2400 perniciosum
2030 2361 2066 2388 et
2099 2354 2363 2397 detestabilem,

490 2433 595 2465 quem
622 2421 764 2465 quidam
793 2434 893 2454 sacre
918 2422 1098 2466 scripture
1122 2421 1400 2466 intelligentiam
1428 2434 1466 2455 se
1492 2421 1626 2454 habere
1652 2422 1820 2463 fatentes,
1847 2421 1913 2455 sed
1938 2421 2161 2455 divertentes
2185 2432 2203 2453 a
2224 2420 2364 2454 tramite

490 2488 576 2519 recti
600 2500 745 2528 sensus,
768 2495 893 2521 contra
914 2488 1051 2522 Christi
1074 2500 1253 2534 pauperes
1274 2489 1346 2522 vite
1368 2500 1433 2521 sue
1455 2488 1619 2521 subsidia
1641 2488 1836 2522 salubriter
1858 2488 2122 2529 mendicantes,
2145 2498 2364 2532 componere

490 2561 804 2598 presumpserunt,
841 2555 996 2587 delatum
1028 2555 1071 2588 ad
1107 2567 1173 2588 nos
1205 2567 1269 2600 per
1303 2555 1451 2588 eosdem
1487 2555 1649 2596 nuntios,
1689 2561 1856 2599 tanquam
1890 2554 2068 2599 iniquum,
2099 2553 2295 2586 scelestum
2330 2559 2367 2586 et

490 2619 743 2659 execrabilem,
766 2627 801 2652 et
821 2620 1081 2654 instructiones
1108 2628 1143 2654 et
1168 2621 1384 2654 documenta
1412 2621 1448 2653 in
1475 2633 1517 2654 eo
1540 2621 1667 2654 tradita
1688 2627 1812 2666 utpote
1832 2631 1952 2666 prava,
1979 2619 2068 2652 salsa
2089 2626 2125 2652 et
2148 2619 2297 2660 nefaria,
2319 2618 2364 2652 de

490 2685 637 2717 fratrum
670 2692 876 2718 nostrorum
907 2687 1062 2720 consilio
1090 2688 1302 2721 auctoritate
1332 2688 1530 2733 apostolica
1559 2694 1730 2732 presente
1760 2699 1888 2732 magna
1922 2686 2084 2719 fidelium
2118 2685 2363 2727 multitudine,

491 2750 717 2795 reprobanda
739 2752 920 2790 duximus,
943 2760 976 2785 et
998 2754 1034 2785 in
1055 2761 1268 2799 perpetuum
1291 2754 1604 2799 condempnanda,
1622 2753 1786 2786 districte
1807 2753 2064 2798 precipientes,
2086 2758 2126 2784 ut
2145 2751 2363 2796 quicumque

491 2816 653 2849 libellum
683 2817 799 2861 ipsum
831 2817 1008 2860 habuerit,
1032 2832 1112 2852 eum
1142 2820 1232 2853 infra
1260 2827 1340 2854 octo
1367 2821 1460 2862 dies,
1482 2832 1526 2853 ex
1551 2831 1622 2865 quo
1647 2819 1857 2864 hujusmodi
1883 2825 2043 2851 nostram
2069 2817 2363 2862 reprobationem

491 2889 526 2915 et
546 2883 909 2928 condempnationem
936 2885 1095 2927 sciverit,
1118 2899 1271 2930 prorsus
1292 2887 1482 2920 destruere
1504 2893 1540 2919 et
1560 2886 1707 2919 abolere
1728 2891 1911 2931 procuret,
1934 2891 1970 2917 et
1989 2885 2026 2917 in
2047 2883 2145 2926 illos,
2167 2884 2228 2928 qui
2254 2883 2363 2928 hujus

491 2949 606 2981 nostri
628 2950 788 2994 precepti
809 2950 944 2983 suerint
963 2958 1246 2996 contemptores,
1265 2953 1650 2986 excommunicationis
1672 2952 1887 2985 sententiam
1907 2950 2195 2996 promulgantes,
2212 2950 2364 2983 firmiter

2568 206 2580 217 i
2551 0 2580 198 tw

2559 675 2580 975 1:827.Â»â€˜ffl=â´fflÎ‡Î‡mw''Â²afflsssswzet
2562 658 2564 661 â€™
2567 606 2580 621 â´0*
2565 526 2580 599 'â€œ.Â³=Â³Í¾e'â€¹..-
2569 510 2580 518 â´Â¹:
2573 493 2576 494 =

2571 1105 2580 1160 ..aar
2575 1095 2580 1097 s
2572 1078 2580 1087 1
