2580 3528
232 403 330 446 1264]
572 412 616 436 ΑΒ
649 412 756 435 anno
789 411 867 435 ucc
901 412 1036 441 usqua
1070 412 1119 434 AD
1154 413 1387 436 rnimrrtm
1422 414 1463 436 iv
1497 415 1587 437 nse.
1625 416 1762 438 ruane.
2040 409 2104 442 441

228 491 413 538 antiquior
441 502 486 525 ex
514 490 654 525 eisdem
683 490 869 537 magistris
898 490 936 524 in
965 497 1047 524 actu
1072 490 1226 537 regendi
1255 503 1389 525 nomen
1419 492 1546 525 decani
1576 492 1706 526 habeat
1733 494 1828 527 inter
1858 506 1922 528 eos
1952 502 1987 529 et
2015 496 2106 541 ipsis

227 558 365 593 indicat
391 558 484 592 festa
507 569 574 604 per
597 557 765 591 nuntium
789 557 992 604 proprium,
1014 564 1050 591 et
1073 557 1142 591 alia
1161 558 1267 591 faciat
1286 570 1357 604 que
1382 557 1428 591 ad
1452 570 1558 592 suum
1585 566 1787 593 noscuntur
1812 560 1968 594 officium
1996 563 2107 607 perti-

227 636 316 660 nere
327 625 354 668 ¹,
380 631 500 659 tamen
525 624 621 659 idem
650 623 891 658 cancellarius
921 636 1125 670 quanquam
1153 637 1227 659 non
1253 625 1301 659 sit
1323 625 1508 671 antiquior
1532 625 1569 659 in
1594 625 1759 672 regendo
1785 627 1851 660 sed
1875 628 2036 661 Parisius
2061 629 2105 662 de

227 703 323 727 novo
343 703 475 738 regere
494 691 676 738 inceperit
694 692 732 725 in
751 691 921 726 facultate
941 691 1116 738 predicta,
1134 692 1281 738 propria
1302 692 1504 726 temeritate
1525 692 1596 726 sibi
1617 705 1751 727 nomen
1771 693 1899 727 decani
1915 706 2106 730 assumens

227 770 269 793 ea
288 770 360 805 que
384 758 429 793 ad
449 758 608 793 officium
633 759 753 804 ipsum
775 758 960 804 pertinent
982 765 1108 793 contra
1122 759 1302 804 justitiam
1323 771 1495 793 exercere
1514 760 1694 805 presumit
1713 760 1750 793 in
1771 761 1971 794 eorundem
1994 763 2106 808 magi-

226 832 386 860 strorum
407 825 651 872 prejudicium
672 831 709 859 et
726 837 935 872 gravamen.
958 826 1051 860 Sane
1072 826 1182 859 iidem
1204 826 1369 872 magistri
1389 833 1514 860 contra
1535 826 1691 860 eundem
1717 827 1972 861 cancellarium
1995 840 2106 874 super

225 891 298 927 hiis
313 891 384 927 sub
399 892 510 927 certis
529 893 657 926 formis
677 892 722 926 ad
740 919 762 926 ..
780 892 956 926 decanum
972 894 1242 927 Tornacensem
1263 900 1407 927 nostras
1427 893 1566 927 litteras
1587 894 1843 940 impetrarunt3
1861 907 1987 929 verum
2009 895 2104 929 idem

226 959 388 994 decanus
416 960 663 994 Tornacensis
689 972 708 993 a
735 959 808 993 fine
835 960 1055 994 Parisiensis
1083 960 1244 994 diocesis
1275 960 1368 994 ultra
1398 960 1488 994 duas
1518 961 1634 995 dietas
1664 968 1826 995 remotus
1854 962 1976 996 existit
2005 969 2040 996 et
2068 963 2105 996 in

226 1026 438 1072 hujusmodi
463 1026 597 1060 litteris
622 1016 759 1060 mentio
780 1039 854 1060 non
874 1026 1029 1061 habetur
1049 1027 1094 1060 de
1114 1027 1375 1061 constitutione
1397 1027 1442 1061 de
1462 1027 1605 1062 duabus
1625 1028 1734 1062 dietis
1755 1028 1851 1062 edita
1875 1029 1912 1062 in
1938 1029 2104 1064 Concilio

225 1093 404 1140 generali,
431 1093 558 1140 sicque
582 1093 670 1127 dicti
694 1093 861 1140 magistri
886 1093 1053 1127 dubitant
1076 1106 1122 1127 ne
1147 1100 1298 1140 propter
1321 1093 1390 1128 hoc
1414 1094 1559 1140 possint
1582 1094 1793 1140 hujusmodi
1819 1096 1965 1142 negotia
1993 1103 2106 1130 retar-

226 1160 316 1194 dari.
344 1161 465 1204 Quare
485 1149 641 1206 predicti
661 1160 826 1206 magistri
846 1159 954 1194 nobis
974 1160 1162 1194 humiliter
1181 1161 1433 1207 supplicarunt
1453 1167 1492 1195 ut
1512 1161 1706 1207 providere
1727 1173 1839 1208 super
1863 1162 1932 1195 hoc
1956 1169 2104 1208 paterna

227 1226 477 1261 sollicitudine
515 1238 742 1261 curaremus.
782 1228 858 1261 Nos
895 1227 1017 1273 itaque
1054 1227 1222 1261 volentes
1261 1234 1300 1261 ut
1337 1228 1483 1273 negotia
1522 1228 1600 1274 ipsa
1637 1228 1794 1262 celerem
1832 1236 2105 1275 consequantur

226 1293 394 1328 effectum
415 1300 450 1327 te
471 1293 651 1327 decisioni
671 1294 904 1340 negotiorum
926 1293 1091 1340 ipsorum
1113 1294 1251 1328 decano
1267 1295 1492 1328 Tornacensi
1513 1294 1757 1341 subrogamus
1776 1295 1907 1329 eidem.
1925 1297 2104 1340 Quocirca

224 1359 438 1394 mandamus
463 1360 634 1406 quatinus
659 1360 696 1393 in
722 1359 898 1406 predictis
923 1361 1083 1406 negotiis
1103 1361 1282 1406 procedas
1300 1373 1366 1406 per
1386 1367 1420 1394 te
1440 1359 1584 1407 velffier
1604 1361 1712 1395 alium
1732 1363 1834 1407 juxta
1859 1363 2103 1408 predictarum

225 1426 444 1461 directarum
468 1426 514 1460 ad
539 1427 696 1460 eundem
722 1427 899 1460 decanum
924 1428 1195 1461 Tornacensem
1222 1427 1482 1461 continentiam
1509 1427 1725 1470 litterarum,
1752 1429 1892 1462 etiamsi
1917 1430 2103 1474 predictus

225 1493 386 1534 decanus
415 1493 617 1540 procedere
645 1493 824 1540 inceperit
853 1506 919 1540 per
947 1494 1109 1536 easdem⁷
1140 1494 1339 1528 dummodo
1369 1495 1413 1528 ad
1442 1494 1517 1528 litis
1549 1495 1850 1529 contestationem
1882 1496 2029 1530 minime
2057 1497 2113 1530 sit*

222 1550 453 1607 processum,
484 1572 662 1607 processu
690 1567 812 1594 tamen
839 1560 957 1607 ipsius
987 1561 1152 1607 legitimo
1183 1561 1214 1595 si
1243 1562 1326 1607 quis
1355 1562 1466 1595 fuerit
1493 1561 1701 1596 observato.
1733 1563 1811 1596 Dat.
1843 1563 1938 1608 apud
1968 1563 2102 1596 Urbem

222 1628 394 1663 ’Veterem
414 1628 447 1674 vj
470 1627 540 1661 kal.
561 1627 662 1671 sulii,
678 1639 774 1662 anno
794 1628 914 1662 tertio.

316 1726 379 1759 λος.
394 1726 454 1751 Vat.
469 1725 572 1750 Urbani
589 1725 624 1751 lV
637 1734 680 1750 an.
693 1727 708 1751 3
723 1727 763 1757 (¹1⁰
775 1727 824 1757 2⁹),
840 1735 881 1759 ep.
899 1727 945 1750 710
961 1728 1036 1757 (890),
1053 1727 1098 1751 fol.
1115 1727 1168 1751 189.

222 1840 226 1842 ἡ
317 1810 341 1836 1.
357 1810 396 1835 Cf.
419 1818 502 1843 supra
517 1814 547 1835 11⁰
565 1811 620 1835 89⁶.
640 1798 676 1829 —⁴
691 1812 714 1835 2.
735 1811 764 1836 In
783 1811 833 1836 hoc
852 1811 920 1842 loco,
939 1811 985 1844 qui
1008 1811 1077 1836 sicut
1096 1814 1181 1836 totum
1203 1812 1389 1836 documentum
1409 1811 1546 1844 hucusque
1567 1811 1638 1836 viros
1658 1812 1749 1836 doctos
1772 1812 1848 1844 fugit,
1867 1812 1984 1844 primum
2009 1820 2103 1836 nomen

223 1854 334 1885 decani,
350 1855 452 1880 seilicet
465 1863 516 1888 pro
531 1855 656 1880 facultate
671 1855 829 1888 theologica,
844 1856 961 1881 occurrit
975 1857 1085 1889 ejusque
1102 1851 1196 1881 sensus
1216 1859 1242 1881 et
1255 1857 1374 1881 officium
1393 1857 1549 1889 explicatur.
1567 1857 1599 1881 Et
1613 1865 1672 1881 cum
1691 1866 1703 1881 (ι
1721 1857 1845 1889 antiquae
1859 1861 1885 1881 et
1899 1857 2063 1889 approbatae
2077 1860 2103 1881 et

222 1898 351 1925 haetenus
368 1900 479 1933 pacifice
493 1900 650 1925 observatae
669 1901 868 1926 consuetudinis
885 1909 896 1924 n
913 1901 1010 1926 mentio
1030 1901 1086 1931 fiat,
1102 1901 1202 1934 liquide
1221 1905 1334 1931 constat,
1349 1902 1428 1934 longe
1447 1905 1508 1926 ante
1528 1910 1571 1926 un.
1589 1902 1651 1926 1264
1672 1902 1785 1934 singulis
1806 1902 1976 1926 facultatibus
1992 1902 2060 1926 inter
2074 1910 2102 1926 ss

223 1944 356 1970 &fincti-
370 1945 499 1970 demum
509 1945 667 1978 praefuisse.
683 1949 792 1978 excepta
806 1946 979 1971 universitate
994 1946 1160 1976 artistarum,
1175 1946 1218 1971 cui
1233 1950 1319 1971 rector
1332 1946 1510 1979 praesidebat.

222 2132 337 2172 4oe.
365 2143 496 2171 Urbanus
518 2145 564 2172 W
578 2143 689 2172 decano
710 2144 830 2172 ecclesie
851 2145 888 2172 de
910 2144 1106 2172 Abbatisvilla
1130 2146 1345 2182 inquisitionem
1367 2145 1503 2182 querelae
1523 2145 1724 2181 magistrorum
1747 2145 1924 2180 theologicae
1946 2145 2101 2181 facultatis

311 2192 408 2220 Paria.
431 2193 590 2230 committit,
615 2193 692 2231 quod
717 2194 881 2231 Stephanus
903 2193 1098 2221 cancellarius
1123 2195 1202 2222 [voni
1222 2195 1335 2222 Britoni
1358 2198 1386 2222 et
1408 2194 1534 2221 Iohanni
1557 2194 1593 2221 de
1619 2194 1787 2222 Aurelianis
1810 2195 1931 2231 propria
1957 2194 2101 2222 voluntate

311 2240 430 2276 regendi
443 2241 590 2269 licentiam
604 2243 800 2270 concessisset.

1275 2294 1350 2324 120⁴,
1365 2293 1437 2320 -ΙνηῘΙ
1445 2294 1490 2324 20,
1505 2294 1575 2326 apud
1586 2293 1675 2320 Urbem
1691 2294 1814 2320 Ueterem.

312 2365 458 2399 Decano
479 2364 635 2400 ecclesie
655 2366 700 2400 de
722 2366 960 2402 Abbatisvilla
985 2367 1244 2402 Ambianensis
1271 2368 1443 2402 diocesis.
1471 2367 1612 2402 Perlato
1633 2367 1677 2401 ad
1698 2367 1916 2401 audientiam
1939 2374 2096 2401 nostram

223 2430 322 2478 quod
340 2430 427 2466 licet
446 2432 622 2479 magister
638 2432 843 2479 Stephanus
863 2434 1103 2468 cancellarius
1119 2434 1338 2468 Parisiensis
1358 2434 1580 2481 prestitisset
1598 2434 1837 2480 corporaliter
1851 2435 2098 2479 juramentum

222 2504 330 2546 prout
359 2498 464 2532 etiam
495 2505 659 2545 prestare
688 2507 960 2535 consueverunt
989 2501 1273 2547 predecessores
1301 2501 1358 2535 sui
1388 2500 1614 2534 Parisienses
1641 2500 1860 2542 cancellarii,
1891 2500 1990 2546 quod
2020 2500 2098 2547 ipse

222 2564 314 2599 nulli
334 2565 488 2612 regendi
505 2566 668 2600 Parisius
688 2566 725 2600 in
745 2566 914 2601 facultate
935 2567 1140 2614 theologica
1161 2567 1381 2602 concederet
1400 2567 1581 2602 licentiam
1603 2567 1674 2602 nisi
1696 2567 1872 2613 requisito
1889 2567 2098 2601 testimonio

221 2631 479 2678 magistrorum
505 2633 667 2668 omnium
693 2633 829 2668 ibidem
858 2641 939 2668 actu
967 2635 1171 2681 regentium
1200 2634 1237 2668 in
1264 2634 1475 2680 hujusmodi
1499 2634 1680 2677 facultate,
1711 2641 1830 2668 tamen
1859 2634 2098 2669 cancellarius

220 2698 300 2745 ipse
319 2705 445 2733 contra
465 2698 676 2745 hujusmodi
692 2701 938 2746 juramentum
967 2707 1103 2735 temere
1126 2701 1279 2735 veniens
1304 2701 1489 2748 magistris
1515 2701 1617 2735 lvoni
1642 2701 1799 2735 Britoni¹
1814 2688 1858 2735 'et
1876 2701 2031 2735 Johanni
2052 2701 2097 2735 de

219 2765 446 2800 Aurelianis¹
468 2766 649 2801 licentiam
671 2767 825 2814 regendi
846 2767 1007 2802 Parisius
1027 2768 1065 2802 in
1084 2768 1252 2802 facultate
1278 2768 1439 2815 predicta
1464 2768 1719 2814 magistrorum
1746 2767 1836 2802 inibi
1860 2775 1940 2803 actu
1967 2780 2098 2815 regen-

220 2831 309 2866 tium
329 2831 366 2866 in
387 2833 512 2867 eadem
535 2834 744 2869 testimonio
766 2835 914 2869 minime
940 2835 1117 2882 requisito
1138 2835 1284 2882 propria
1306 2835 1490 2870 voluntate
1509 2842 1756 2878 concesserat,
1777 2835 1975 2870 venerabili
1998 2835 2095 2869 fratri

220 2904 347 2933 nostro
370 2925 392 2933 ..
414 2899 713 2936 Autisiodorensi
741 2901 938 2948 episcopo³
961 2902 1098 2937 nostris
1125 2902 1274 2937 dedisse
1299 2902 1455 2936 dicimur
1475 2902 1607 2937 litteris
1628 2902 1664 2936 in
1686 2902 1863 2936 mandatis
1888 2909 1927 2936 ut
1946 2902 1976 2935 si
1998 2908 2097 2935 esset

220 2964 268 2999 ita
302 2971 338 3000 et
369 2966 457 3001 dicti
490 2967 657 3014 magistri
692 2969 755 3003 lvo
792 2975 829 3003 et
861 2968 1048 3004 Johannes
1078 2981 1152 3003 non
1186 2969 1412 3016 incepissent
1441 2982 1584 3016 regere,
1612 2981 1656 3003 ne
1684 2969 1888 3015 inciperent
1915 2968 2095 3002 inhiberet

347 3023 443 3049 ciart.
463 3024 543 3050 vnio.
560 3025 656 3051 Parsa.
674 3025 695 3051 1.
1940 3027 1970 3049 ⁵⁶
