2580 3528
497 396 563 428 494
1078 404 1398 427 CHARTULAIUUM
1432 402 1622 425 cmvssns.
1660 402 1792 425 Panis.
2269 394 2366 436 [1271

493 489 650 534 Regum,
673 487 951 533 Parlipomenon
974 488 1111 533 primus
1138 494 1173 520 et
1197 486 1393 520 secundus.
1423 487 1510 519 Item
1539 485 1687 527 EsdraS,
1714 485 1994 520 Machabeorum
2020 487 2160 532 primus
2186 493 2222 521 et
2241 499 2367 521 secun—

498 555 580 596 dus,
602 556 751 588 Ammos
763 555 787 596 ³,
810 555 941 600 glosati
967 555 1003 587 in
1030 567 1101 587 uno
1126 554 1323 587 volumine.
1352 554 1441 586 Item
1466 552 1513 597 xij
1535 551 1725 597 prophete,
1751 552 1884 598 glosati
1904 553 1941 586 in
1962 565 2035 587 uno
2055 554 2254 588 volumine.
2277 555 2365 588 Item

497 621 710 654 Psalterium
732 621 912 666 glosatum
934 627 970 653 et
989 620 1220 665 completum.
1243 620 1331 652 Item
1354 618 1510 664 epistole
1531 618 1630 651 Pauli
1651 618 1805 664 glosate.
1833 620 1921 653 Item
1947 620 2163 654 Psalterium
2184 620 2365 666 glosatum

497 695 532 721 et
565 688 795 733 completum.
832 689 920 720 Item
954 687 1090 732 ystorie
1125 686 1328 719 scolastice.
1361 686 1448 718 Item
1481 692 1636 730 quatuor
1670 685 1867 732 Evangelia
1902 686 2053 733 glosata.
2086 689 2173 721 Item
2211 688 2366 734 epistole

497 755 596 787 Pauli
624 755 777 800 glosate,
813 767 892 787 cum
925 754 1055 786 minori
1083 753 1198 798 glosa.
1234 754 1322 785 Item
1351 752 1593 785 Psaltherium
1618 752 1800 798 glosatum
1830 760 1866 787 et
1892 754 2125 800 completum.
2155 756 2244 788 Item
2271 755 2367 789 liber

495 820 772 854 Machabeorum
801 821 938 865 primus
964 827 999 853 et
1023 819 1221 859 secundUS,
1249 831 1365 863 usquc
1391 819 1434 851 ad
1461 819 1641 852 decimum
1667 819 1863 864 capitulum
1889 820 2067 866 glosatus.
2094 822 2182 855 Item
2209 834 2366 868 evange-

494 887 580 920 lium
604 887 750 920 Marchi.
775 886 969 932 Evangelia
990 886 1140 932 glosata.

581 955 655 986 Nos
681 965 766 986 vero
794 953 1024 998 supradictus
1051 952 1215 986 officialis
1242 954 1280 986 in
1308 953 1600 998 supradictorum
1629 954 1791 986 omnium
1817 953 1926 987 fidem
1952 961 1988 988 et
2010 955 2259 989 testimonium
2284 968 2367 1002 pre-

493 1020 658 1053 sentibus
679 1020 809 1052 litteris
831 1019 992 1065 sigillum
1013 1019 1112 1053 curie
1140 1020 1358 1053 Parisiensis
1385 1019 1554 1053 duximus
1580 1020 1850 1065 apponendum,
1878 1033 1949 1054 una
1974 1033 2054 1055 cum
2084 1021 2207 1068 sigillo
2228 1022 2365 1056 cancel-

491 1087 569 1120 larii
605 1087 803 1127 memorati,
840 1087 996 1132 optantis
1032 1094 1066 1120 et
1100 1087 1277 1132 rogantis,
1314 1093 1352 1120 ut
1385 1099 1622 1120 successores
1657 1087 1715 1121 sui
1748 1087 1967 1130 cancellarii,
2004 1089 2066 1134 qui
2100 1101 2166 1134 pro
2200 1096 2364 1136 tempore

490 1154 635 1194 fuerint,
667 1153 837 1186 ordinent
865 1161 900 1186 et
934 1154 1062 1186 faciant
1093 1153 1137 1186 de
1167 1153 1272 1186 libris
1302 1153 1490 1199 predictis,
1522 1154 1644 1187 divine
1674 1154 1819 1199 pietatis
1848 1155 1995 1198 intuitu,
2030 1155 2231 1189 secundum
2266 1157 2364 1202 quod

489 1221 695 1253 continetur
729 1221 764 1252 in
800 1220 960 1253 clausula
995 1221 1213 1266 supradicta.
1250 1222 1328 1254 Dat.
1365 1233 1459 1254 anno
1495 1221 1640 1254 Domini
1674 1221 1870 1256 millesimo
1904 1223 2104 1257 CC⁰LXX⁰
2138 1223 2269 1268 primo,
2303 1223 2363 1258 die

489 1288 658 1320 mercurii
679 1288 716 1319 in
736 1288 829 1320 festo
850 1287 1098 1332 apostolorum
1121 1288 1289 1333 Symonis
1310 1294 1346 1321 et
1363 1288 1468 1321 Jude.

577 1356 665 1387 Item
698 1354 813 1387 Biblia
844 1354 1023 1399 postillam
1055 1355 1090 1387 in
1122 1354 1267 1388 duobus
1296 1354 1560 1396 voluminibus,
1592 1367 1697 1400 quam
1727 1356 1883 1389 contulit
1911 1356 2108 1402 episcopus
2143 1357 2360 1403 Stephanus.

489 1423 575 1454 Item
599 1421 776 1466 originale
799 1422 1065 1454 Sententiarum
1094 1422 1259 1467 magistri
1287 1422 1383 1455 Petri
1411 1421 1608 1455 Lumbardi
1630 1411 1671 1455 in
1701 1422 1857 1467 quodam
1885 1421 1980 1456 libro
2002 1430 2174 1469 cooperto
2195 1424 2241 1457 de
2261 1424 2361 1458 corio

487 1488 652 1529 vitulino,
671 1489 743 1532 jam
767 1488 869 1532 quasi
891 1488 1055 1533 depilitO,
1077 1501 1157 1521 cum
1179 1488 1290 1521 clavis
1313 1488 1481 1522 rotundis
1503 1489 1547 1522 de
1568 1501 1681 1534 cupro
1702 1489 1739 1521 in
1761 1489 1961 1523 asseribus.

578 1586 719 1617 Maymcm
734 1586 883 1610 Pastorale
898 1586 962 1610 eccl.
978 1586 1072 1611 Paris.
1090 1587 1115 1609 in
1133 1587 1208 1610 Arch.
1225 1590 1279 1610 nat.
1293 1587 1378 1611 Paris.
1394 1587 1443 1611 LL.
1461 1587 1514 1616 175,
1530 1595 1557 1619 p.
1572 1588 1625 1610 737.
1642 1601 1673 1604 —
1688 1587 1816 1616 emersu-d,
1835 1588 1944 1612 cartul.
1961 1589 1995 1612 de
2012 1587 2113 1619 l'dylise
2131 1589 2165 1612 de
2179 1588 2362 1614 Notre-Dame

485 1631 518 1654 de
532 1631 624 1660 Paris,
642 1631 674 1658 11,
689 1632 743 1653 495.
759 1631 863 1658 Delisle,
882 1631 998 1655 Cabinet
1013 1632 1059 1657 dos
1075 1638 1149 1659 mss„
1164 1632 1210 1659 111,
1227 1633 1249 1655 2.

578 1724 601 1747 ‘l.
616 1724 748 1747 Johannes
767 1725 797 1747 de
818 1724 964 1747 Aurelianis
984 1724 1039 1748 sive
1059 1725 1090 1748 de
1110 1725 1212 1748 Atlodio
1229 1725 1270 1755 (de
1285 1733 1336 1756 quo
1353 1733 1434 1757 supra
1454 1725 1487 1748 ῃΙΙΙ
1506 1726 1561 1754 400,
1578 1726 1633 1756 416)
1654 1726 1745 1750 eodem
1765 1734 1842 1754 anno,
1863 1725 1889 1749 id
1908 1729 1949 1750 est
1971 1726 2040 1754 1271,
2062 1726 2091 1749 10
2110 1726 2185 1756 Nov.,
2206 1726 2360 1758 homagium

486 1768 545 1791 fecit
558 1768 682 1799 episcopo
698 1769 830 1800 Stephano
845 1769 877 1792 de
894 1770 1051 1792 cancellaria
1067 1770 1219 1793 Purisiensi.
1239 1770 1278 1793 Cs.
1298 1770 1426 1798 Gue'rard,
1445 1771 1522 1795 Cart.
1538 1771 1570 1794 de
1588 1770 1691 1801 l'dylise
1705 1772 1739 1795 de
1757 1770 1943 1796 Notre-Dame
1960 1771 1992 1795 de
2005 1771 2101 1801 Paris,
2119 1771 2139 1799 1,
2157 1771 2210 1795 195.
2228 1771 2361 1795 Successit

483 1812 609 1844 magistro
626 1813 740 1840 Nicolao,
757 1813 801 1844 qui
815 1814 999 1837 cancellariam
1013 1823 1072 1837 cum
1087 1814 1303 1838 archidiaconatu
1320 1815 1465 1838 Parisiensi
1479 1815 1659 1838 commutavit.
1677 1815 1811 1839 Johannes
1827 1815 1878 1839 fuit
1891 1815 2066 1839 cancellarius
2082 1823 2166 1847 usque
2183 1816 2217 1840 ud
2236 1823 2278 1839 an.
2298 1816 2360 1840 1280

484 1859 543 1887 (non
559 1858 637 1889 1281),
654 1866 705 1889 quo
720 1866 797 1886 anno,
814 1858 855 1881 die
870 1859 900 1881 20
914 1858 1021 1890 Aprilis,
1037 1859 1162 1883 Ordinem
1177 1859 1270 1883 Praed,
1287 1859 1404 1883 intravit.
1425 1859 1490 1883 Vide
1505 1859 1609 1884 Archiv
1628 1862 1648 1891 Ῑὶ
1670 1859 1843 1884 Litteratur-
1859 1866 1888 1884 u.
1904 1860 2122 1891 Kirchenyesch.
2145 1861 2191 1884 des
2203 1860 2358 1890 Mittelalt„

483 1903 515 1930 11,
532 1903 585 1930 208,
602 1906 630 1924 n0
645 1903 682 1929 32,
699 1910 723 1925 n.
739 1903 762 1925 ¹1.
781 1902 876 1927 Gallia
893 1903 1002 1933 Christ„
1018 1904 1073 1929 VII.
1090 1903 1238 1932 lustrum„
1255 1913 1281 1935 p.
1299 1904 1353 1927 118.
1367 1918 1396 1922 —
1409 1905 1430 1927 2.
1447 1904 1486 1928 Cf.
1503 1912 1585 1936 supra
1599 1908 1629 1927 n⁰
1642 1905 1697 1933 422,
1714 1913 1739 1928 n.
1757 1905 1779 1929 1.
1795 1918 1826 1922 —-
1841 1906 1863 1928 3.
1881 1913 1893 1927 ((
1909 1912 2000 1927 omncs
2014 1906 2047 1927 »Ρ

482 2099 594 2136 438.
618 2109 769 2145 Philippus
789 2112 839 2139 ΙΙΙ,
859 2112 1029 2137 Francormn
1051 2121 1110 2146 rex,
1136 2113 1213 2138 Ivoni
1235 2112 1337 2138 abbati
1357 2117 1383 2138 el
1408 2113 1555 2139 conventui
1572 2112 1698 2139 Cluniae.
1723 2112 1853 2139 concedit
1873 2113 2072 2139 commutando
2095 2113 2246 2148 quemdam
2267 2112 2356 2139 vicum

565 2159 653 2193 juoeta
668 2159 742 2185 duas
757 2159 856 2185 domus
873 2169 968 2186 eor-um
983 2161 1108 2186 Parisiis
1124 2161 1164 2186 ad
1177 2161 1228 2187 hoc
1245 2165 1275 2187 ut
1290 2162 1371 2197 ipsas
1384 2163 1497 2198 possint
1511 2163 1681 2198 conjungere
1697 2165 1725 2188 et
1736 2164 1886 2198 perficere.

1493 2265 1563 2294 1271.
1579 2264 1726 2291 Decembris
1739 2266 1785 2295 23,
1802 2266 1870 2297 apud
1881 2266 1991 2291 Mentem
2005 2265 2070 2298 Argi.

571 2344 758 2390 Philippus
786 2346 849 2378 Dei
875 2347 988 2391 gratia
1015 2347 1235 2380 Francorum
1262 2359 1325 2380 rex
1349 2348 1534 2382 universis
1560 2355 1751 2393 presentes
1776 2348 1916 2382 litteras
1942 2348 2163 2394 inspecturis
2189 2347 2354 2381 salutem.

484 2411 613 2443 Notum
643 2410 793 2444 facimus
826 2413 922 2457 quod
955 2425 1036 2446 cum
1061 2414 1130 2446 viri
1161 2414 1327 2459 religiosi
1353 2414 1464 2448 abbas
1491 2422 1526 2448 et
1550 2422 1752 2448 conventus
1778 2415 1941 2458 Cluniae.
1969 2427 2036 2448 nos
2062 2414 2299 2460 requisierint
2318 2421 2357 2448 ut

485 2477 662 2520 quendam
688 2477 804 2510 vicum
834 2485 997 2512 nostrum
1027 2480 1135 2513 situm
1163 2480 1325 2514 Parisius
1346 2482 1448 2526 juxta
1477 2481 1623 2514 domum
1652 2494 1765 2523 suam,
1796 2494 1901 2527 quam
1924 2482 1997 2527 jam
2026 2481 2088 2514 diu
2115 2487 2170 2514 est
2195 2480 2355 2514 Parisius

485 2542 652 2575 edificare
678 2551 863 2588 ceperunt,
892 2557 1004 2590 prope
1030 2546 1176 2579 domum
1202 2547 1350 2580 fratrum
1378 2548 1649 2581 Predicatorum
1675 2549 1872 2582 Parisiens.
1900 2560 1943 2582 ex
1963 2559 2033 2581 una
2054 2554 2166 2593 parte,
2196 2554 2232 2580 et
2250 2547 2354 2580 aliam

486 2608 629 2640 domum
652 2609 813 2653 ipsorum
835 2610 973 2644 abbatis
995 2619 1030 2645 et
1050 2620 1266 2655 conventus,
1289 2626 1358 2659 que
1384 2615 1451 2648 snit
1477 2615 1659 2660 quondam
1686 2615 1816 2649 domus
1842 2615 1908 2648 Dei
1933 2615 2145 2655 Parisiens.,
2167 2626 2210 2647 ex
2229 2613 2353 2655 altera,

487 2686 551 2718 per
570 2674 765 2720 legitimam
789 2679 1161 2722 recompensationem
1183 2680 1332 2714 alterius
1357 2682 1427 2715 vici
1454 2694 1546 2727 eque
1572 2681 1659 2715 boni
1683 2682 1742 2715 vel
1763 2681 1868 2715 etiam
1896 2681 2059 2714 melioris
2079 2680 2209 2714 nobis¹
2232 2680 2269 2713 in
2290 2691 2354 2714 sua

486 2746 580 2773 terra
606 2742 750 2786 propria
775 2743 971 2776 faciendam
986 2745 1010 2785 ²,
1042 2746 1179 2778 eisdem
1203 2746 1322 2781 abbati
1343 2755 1378 2781 et
1398 2749 1593 2782 conventui
1614 2748 1792 2782 vellemus
1817 2747 2020 2781 concedere
2042 2747 2174 2780 intuitu
2195 2747 2352 2792 pietatis,

485 2813 525 2839 ut
544 2807 724 2852 predictas
746 2808 873 2841 domos
894 2821 978 2842 suas
999 2812 1139 2855 possint
1161 2814 1333 2859 jungere,
1359 2815 1535 2860 perficere
1565 2822 1600 2848 et
1623 2827 1839 2848 consumare
1864 2814 1901 2847 in
1926 2814 2022 2847 dicto
2048 2813 2128 2847 vico
2149 2813 2354 2846 edificando

487 2873 580 2906 sicut
599 2873 669 2906 sibi
690 2874 860 2919 expedire
881 2875 1059 2919 viderent,
1086 2885 1121 2911 et
1145 2879 1236 2924 ipsis
1262 2880 1369 2914 nobis
1395 2888 1430 2915 et
1455 2881 1735 2916 successoribus
1762 2881 1898 2914 nostris
1919 2880 1956 2913 in
1977 2880 2356 2926 recompensationem.

485 2939 555 2972 vici
584 2939 792 2984 hujusmodi
824 2941 859 2973 in
889 2942 1049 2986 predicta
1080 2949 1172 2977 terra
1203 2958 1266 2978 sua
1296 2948 1548 2981 concesserint
1577 2955 1613 2981 et
1645 2947 1929 2981 deliberaverint
1961 2958 2072 2980 unum
2105 2946 2224 2980 vicum
2260 2958 2352 2992 eque
