2580 3528
249 434 346 475 1246]
592 443 639 465 ΑΒ
674 442 780 464 Asso
813 442 892 464 mcc
926 441 1058 470 usQus
1093 442 1142 463 An
1177 441 1406 463 PHHAPPUM
1443 442 1482 463 ιν
1516 442 1605 464 neo.
1643 443 1779 465 ransc.
2063 436 2124 468 191

245 529 400 552 assensu
435 529 613 563 personas
645 523 786 550 vestras
821 523 857 550 et
889 515 1024 557 locum,
1054 515 1091 548 in
1122 527 1194 561 quo
1224 515 1294 549 sub
1325 515 1556 549 observantia
1588 515 1745 562 regulari
1778 517 1912 562 degitis
1943 517 2128 564 theologie

245 584 368 618 studio
398 584 635 622 desudantes,
663 582 732 616 sub
759 582 855 616 beati
883 582 979 616 Petri
1007 589 1043 615 et
1072 588 1195 616 nostra
1226 582 1453 628 protectione
1481 582 1703 628 suscipimus
1732 590 1765 616 et
1791 583 1973 628 presentis
2001 585 2126 629 scripti

245 650 446 697 patrocinio
466 650 747 691 communimus,
764 649 871 683 vobis
892 649 936 682 de
958 649 1107 695 speciali
1128 649 1241 694 gratia
1263 649 1522 691 concedentes,
1540 655 1579 682 ut
1598 649 1816 695 privilegiis,
1834 650 2076 696 indulgentiis
2092 658 2126 684 et

244 717 475 752 libertatibus
495 716 625 751 Ordini
646 716 884 751 Cisterciensi
906 715 950 749 ab
971 715 1169 761 apostolica
1200 715 1288 749 sede
1318 716 1507 749 concessis
1537 716 1632 749 sicut
1657 716 1769 749 ceteri
1799 716 1929 750 fratres
1960 717 2124 762 ejusdem

244 783 386 818 ordinis
421 783 624 830 gaudeatis.
657 783 753 816 Nulli
789 795 893 829 ergo,
927 788 1008 821 etc„
1044 789 1169 816 nostre
1203 782 1443 828 protectionis
1483 789 1518 816 et
1558 783 1825 823 concessionis,
1856 789 1921 817 etc.
1965 783 2001 817 Si
2041 784 2126 828 quis

243 856 375 892 autem,
392 855 457 885 etc.
480 851 558 883 Dat.
581 850 751 895 Lugduni
773 850 833 894 xiij
857 849 926 883 kal.
948 849 1048 889 Julii,
1071 849 1304 895 pontificatus
1325 849 1441 883 nostri
1462 861 1557 883 anno
1579 850 1698 883 tertio.

336 948 472 981 Originale
488 949 514 972 in
529 948 606 972 Areh.
622 951 676 972 nat.
689 948 772 972 raris.
785 948 812 972 L.
825 949 880 976 245,
890 952 920 971 n⁰
931 948 984 971 129.
996 949 1073 973 Deest
1080 947 1153 971 bulla
1164 947 1298 979 plumbea.
1310 948 1339 971 ln
1347 948 1607 971 aversa'membrana
1617 948 1716 980 legitur
1731 948 1772 972 bis
1783 948 1935 972 charactere
1950 949 2126 973 cancellariae

241 993 336 1026 pontit.
353 1001 360 1017 z
377 1002 390 1017 α
405 993 555 1018 Cardinalis
570 993 648 1016 albus
662 1001 712 1024 pro
727 992 875 1016 scolaribus
891 992 1087 1016 Parisiensibus
1102 1000 1124 1015 ».
1141 993 1194 1016 lste
1210 1001 1221 1015 ει
1238 992 1387 1016 cardinalis
1403 992 1480 1016 albus
1496 1000 1508 1015 n
1526 992 1576 1016 fuit
1589 992 1724 1016 Johannes
1739 993 1771 1016 de
1791 993 1903 1022 Tolleto,
1921 993 1985 1018 ord.
2002 993 2124 1023 eistete„

240 1038 330 1070 presb.
346 1038 419 1062 eard.
434 1037 475 1062 tit.
491 1038 518 1062 S.
537 1037 671 1062 Laurentii
693 1037 720 1061 in
737 1037 846 1061 Lucina.
866 1037 896 1061 ln
915 1037 992 1061 Arch.
1008 1037 1068 1069 dep.
1085 1037 1117 1060 de
1136 1036 1227 1061 l'Aubs
1246 1037 1365 1069 (Ti-oyes)
1388 1037 1503 1061 occurrit
1517 1037 1642 1063 vidimus
1658 1045 1664 1061 2
1682 1046 1694 1061 σ
1710 1038 1849 1061 Universis
1863 1041 2000 1070 presentes
2019 1038 2124 1063 litteras

242 1082 401 1114 inspecturis
416 1082 508 1106 Frater
522 1082 638 1106 Jacobus
654 1082 823 1106 miseratione
838 1081 928 1105 divina
944 1082 1121 1105 Humanensis
1137 1081 1279 1114 episcopus
1299 1082 1411 1105 salutem
1431 1081 1458 1105 in
1472 1082 1592 1106 Domino.
1613 1081 1755 1111 Noveritis,
1777 1083 1847 1114 quod
1867 1091 1914 1106 nos
1934 1091 2002 1106 anno
2018 1083 2122 1107 Domini

241 1127 339 1151 H⁰CC⁰
352 1126 558 1159 quadragesimo
577 1129 650 1151 sexta
670 1126 722 1158 xvij
738 1127 790 1150 kal.
807 1126 919 1158 Augusti
934 1126 1050 1150 vidimus
1065 1129 1091 1150 et
1105 1126 1247 1158 diligenter
1266 1126 1428 1158 inspeximus
1444 1127 1515 1158 apud
1531 1126 1637 1150 Claram
1651 1127 1753 1150 Vallem
1773 1127 1969 1159 indulgenciam
1985 1128 2122 1152 monachis

240 1171 345 1196 deloco
360 1171 405 1203 qui
420 1171 518 1195 dicitur
532 1170 607 1195 Beati
621 1171 751 1195 Bernardi
766 1170 895 1195 Parisieu.
914 1170 948 1194 ab
963 1170 1110 1202 apostolica
1125 1171 1186 1194 sede
1206 1179 1358 1194 concessam
1374 1170 1458 1194 serico
1478 1171 1607 1194 bullatam
1627 1171 1659 1194 de
1678 1171 1760 1194 verbo
1779 1171 1813 1194 ad
1834 1171 1943 1195 verbum
1964 1171 2077 1196 fideliter
2096 1175 2122 1195 et

240 1215 370 1240 veraciter
383 1224 431 1248 per
445 1215 534 1240 omnia
548 1215 690 1244 continere,
707 1215 776 1239 sicut
790 1215 816 1239 in
831 1215 948 1247 presenti
958 1215 1057 1247 pagina
1073 1215 1183 1239 inferius
1198 1215 1354 1239 continetur.
1372 1215 1538 1239 lnnocentius
1554 1223 1576 1244 ι),
1592 1219 1641 1240 etc.
1659 1215 1727 1239 sicut
1741 1224 1832 1247 supra.

334 1300 356 1324 1.
375 1309 387 1323 s
402 1300 498 1324 Beatus
513 1300 666 1324 Bet-nardus
678 1307 689 1322 n
702 1299 889 1323 nominabatur
904 1299 955 1323 isto
970 1302 1088 1331 tempore
1103 1307 1154 1322 non
1170 1299 1311 1331 collegium
1327 1299 1353 1323 in
1364 1300 1513 1328 Cardineto,
1526 1300 1570 1332 qui
1587 1301 1673 1324 adhuc
1688 1309 1739 1324 non
1754 1301 1906 1329 exsistebat,
1918 1301 1964 1324 sed
1979 1300 2118 1330 habitatio,

239 1345 272 1368 ds
286 1352 339 1376 qua
354 1352 437 1376 supra
452 1348 482 1367 n⁰
496 1345 534 1368 58.

243 1470 353 1509 158.
377 1480 559 1506 Innocentius
574 1481 620 1507 IV
627 1479 740 1506 clericis
750 1488 806 1516 per
820 1479 1038 1515 Lugdunensem
1049 1479 1227 1516 provinciam
1242 1480 1406 1506 constitutis
1421 1483 1450 1506 et
1464 1480 1493 1506 ιἰι
1507 1479 1615 1506 scholis
1631 1480 1809 1515 theologicae
1823 1480 1979 1515 facultatis
1993 1483 2119 1516 fratrum

329 1529 470 1555 Minorum
496 1528 709 1556 Divionensium
732 1528 916 1555 studentibus
944 1528 1074 1563 indulget
1095 1533 1125 1554 ut
1152 1528 1353 1564 beneficiorum.
1381 1538 1497 1555 suorum
1520 1533 1675 1565 proventus
1697 1529 1814 1564 integre,
1840 1539 1875 1556 ac
1895 1530 1923 1556 si
1942 1530 2067 1556 Parisiis
2090 1522 2118 1556 in

327 1577 425 1604 eodem
440 1577 537 1605 studio
552 1581 740 1613 morarentur,
755 1577 929 1614 percipiant.

1484 1628 1561 1658 124⁶,
1575 1628 1647 1654 «lunii
1656 1628 1700 1658 22.
1716 1628 1831 1661 Lugduni.

328 1702 520 1736 Universis
545 1701 690 1735 clericis
715 1713 781 1747 per
808 1702 1092 1748 Lugdunensem
1116 1702 1337 1747 provinciam
1360 1702 1582 1736 constitutis.
1611 1702 1777 1736 lnclinati
1800 1702 1971 1748 precibus
1996 1702 2118 1736 dilecti

237 1767 302 1802 filii
342 1767 478 1803 nobilis
521 1769 589 1802 viri
625 1795 647 1802 ..
681 1768 786 1802 ducis
830 1769 1063 1814 Burgundic⁴
1107 1769 1320 1802 auctoritate
1363 1768 1469 1802 vobis
1513 1769 1737 1814 presentium
1788 1769 2037 1815 indulgemus,
2081 1777 2120 1803 ut

237 1835 458 1882 quicumque
494 1842 654 1870 vestrum
686 1835 723 1868 in
759 1835 871 1869 scolis
899 1835 1048 1869 fratrum
1082 1835 1264 1869 Minorum
1306 1835 1498 1869 Divionen.
1543 1836 1747 1882 Lingonen.
1793 1836 1953 1870 diocesis
1996 1836 2119 1870 studio

237 1902 437 1936 institerint
460 1901 668 1948 theologice
697 1902 890 1944 facultatis,
918 1901 1180 1936 beneficiorum
1207 1913 1356 1936 suorum
1385 1909 1585 1948 proventus
1610 1903 1754 1949 integre
1782 1903 1995 1949 percipiant,
2021 1915 2061 1937 ac
2087 1903 2117 1937 si

237 1968 398 2003 Parisius
419 1969 455 2002 in
472 1969 600 2003 eodem
623 1969 746 2003 studio
768 1975 1007 2003 morarentur.
1026 1968 1123 2002 Nulli
1146 1981 1251 2014 erg0,
1266 1974 1347 2010 etc„
1362 1975 1488 2002 nostre
1503 1969 1772 2010 concessionis,
1793 1975 1858 2004 etc.
1881 1970 1916 2003 Si
1939 1970 2035 2015 quis,
2051 1975 2115 2004 etc.

237 2036 315 2069 Dat.
338 2035 508 2081 Lugduni
530 2047 551 2068 x
571 2034 641 2068 kal.
663 2035 763 2077 Julii,
784 2047 881 2069 anno
902 2035 1022 2069 tertio.

331 2132 394 2164 ng.
410 2132 467 2157 Vnt.
485 2133 628 2157 lnnacentii
645 2133 678 2156 Π
692 2141 735 2156 an.
752 2134 775 2161 ³,
791 2141 832 2165 ep.
849 2134 905 2163 624,
922 2133 966 2157 fol.
983 2133 1056 2157 298¹».
1072 2148 1103 2152 -
1119 2134 1255 2162 Sbnrnlea,
1270 2134 1348 2159 Ball.
1366 2134 1522 2163 &anci-ec„
1539 2135 1558 2163 Ι,
1576 2134 1630 2162 416,
1647 2139 1676 2158 n⁰
1693 2135 1745 2158 137.

330 2217 352 2240 1.
369 2217 486 2242 sadoni-
501 2217 548 2242 111.

240 2330 350 2368 159.
374 2340 555 2367 Innocentius
571 2342 587 2367 1
593 2341 615 2367 V
624 2341 666 2367 ad
690 2340 884 2368 Theobaldum
907 2341 1042 2368 abbatem
1066 2344 1092 2368 S.
1123 2343 1280 2376 Genovesae
1301 2341 1409 2376 Paris„
1434 2345 1465 2367 ut
1486 2341 1613 2367 hanzines
1635 2350 1704 2367 suos
1722 2350 1777 2377 pro
1796 2340 1973 2368 scholarium
1991 2350 2067 2378 pace
2089 2345 2117 2368 et

324 2389 482 2415 securitate
496 2389 538 2415 ad
551 2398 587 2416 ea
603 2389 790 2425 constringat,
804 2389 845 2416 ad
860 2398 936 2426 quae
947 2398 1002 2426 per
1016 2389 1114 2425 regale
1128 2389 1308 2426 privilegium
1323 2390 1396 2416 cives
1411 2390 1594 2417 Parisienses
1607 2390 1816 2425 astringuntur.

1476 2479 1551 2509 12⁴0.
1566 2479 1638 2506 «lunii
1649 2479 1695 2509 ²6,
1711 2479 1827 2512 wadum*-

324 2553 561 2586 lnnocentius
595 2553 792 2599 episcopus
826 2565 956 2587 servus
991 2565 1180 2587 servorum
1211 2554 1275 2587 Dei
1310 2553 1444 2587 dilecto
1479 2553 1554 2587 filio
1573 2580 1594 2586 ..
1617 2552 1736 2587 abbati
1771 2559 1895 2587 sancte
1924 2554 2113 2588 Genovel'e

234 2619 452 2654 Parisiensis
473 2619 625 2654 salutem
647 2626 683 2654 et
702 2620 937 2666 apostolicam
960 2619 1266 2654 benedictionem.
1289 2620 1380 2654 Cum
1403 2632 1475 2653 non
1497 2620 1692 2654 deterioris
1713 2620 1778 2654 sed
1799 2620 1965 2654 melioris
1985 2620 2114 2654 condi—

237 2685 361 2728 tionis,
381 2691 445 2721 εἰς.
466 2686 560 2721 sicut
579 2697 691 2732 supra
710 2692 750 2719 n⁰
769 2688 824 2721 88.
848 2687 926 2720 Dat.
951 2686 1119 2733 Lugduni
1139 2688 1172 2732 vj
1195 2686 1264 2720 kal.
1285 2686 1386 2727 Julii,
1408 2687 1640 2732 pontificatus
1661 2687 1776 2721 nostri
1798 2699 1894 2720 anno
1914 2687 2035 2721 tertio.

326 2783 463 2816 originale
477 2784 503 2808 in
519 2784 596 2809 Areh.
612 2787 666 2809 nat.
683 2785 766 2809 Paris.
785 2785 812 2809 1..
825 2786 880 2814 245,
891 2789 921 2809 n⁰
932 2786 970 2809 76.
984 2785 1059 2809 Bulla
1075 2785 1200 2817 plumbea
1216 2785 1268 2809 filis
1283 2785 1395 2809 cannsb.
1407 2786 1521 2817 append.
1534 2785 1562 2809 ln
1574 2793 1667 2809 aversa
1684 2786 1838 2818 membrana
1853 2785 1947 2809 harum
1963 2785 2111 2810 litterarum

234 2827 303 2852 sicut
315 2831 342 2853 st
355 2828 474 2861 proxime
494 2829 659 2862 sequentium
678 2837 747 2862 quas
765 2829 828 2853 olim
848 2829 973 2854 extabant
992 2830 1018 2853 in
1040 2829 1144 2854 Archiv.
1167 2829 1299 2858 univers..
1315 2830 1467 2854 charactere
1485 2829 1593 2862 antiquo
1608 2830 1706 2862 legitur
1721 2838 1727 2854 :
1748 2839 1760 2854 <i
1777 2829 1943 2855 Universitas
1959 2838 1981 2854 ι).
2002 2844 2033 2849 -
2047 2831 2110 2855 eod.

235 2872 290 2896 Vnt.
307 2872 370 2905 ng.
385 2873 442 2903 ⁴⁰6,
466 2873 511 2898 tol.
527 2873 584 2898 1¹1³.
610 2874 679 2898 Bibl.
700 2874 834 2907 phillipps
849 2874 876 2898 in
891 2874 1073 2903 Cheltenham,
1090 2883 1138 2898 ms.
1155 2875 1210 2903 876,
1229 2875 1275 2898 Iol.
1300 2874 1356 2903 15¹²,
1373 2874 1417 2898 ubi
1434 2875 1503 2899 sieut
1523 2875 1594 2907 apud
1609 2875 1747 2904 Jonrdain,
1764 2879 1793 2898 n⁰
1808 2875 1838 2899 73
1861 2883 1874 2898 a
1890 2875 1933 2906 vij.
1951 2875 2004 2899 kat.
2019 2875 2083 2899 Julii
2100 2884 2112 2898 ι

233 2916 385 2942 neu-ibitur.
403 2918 478 2950 Apud
493 2918 622 2943 Jonrdsin
637 2921 774 2951 praeterea
789 2927 930 2951 perperam
945 2919 978 2943 ad
995 2927 1037 2943 an.
1055 2919 1116 2943 1245
1131 2920 1252 2944 refertur.
