2580 3528
514 417 578 449 544
1097 425 1413 448 CHARTULARIUM
1448 423 1637 446 vmvssns.
1673 423 1803 447 mmm.
2289 413 2386 457 [1277

516 500 710 533 millesimo
732 501 807 534 CC⁰
828 500 1099 546 septuagesimo
1121 506 1234 540 sexto,
1254 499 1312 531 die
1334 498 1527 538 dominica,
1550 509 1619 542 qua
1639 503 1803 530 cantatur
1821 498 1955 532 Letare
1972 499 2206 541 leerusalem,
2224 499 2262 532 in
2288 499 2387 533 curia

515 567 723 600 Parisiensi.

861 620 1027 665 Explicit
1047 619 1210 664 epistola.
1233 619 1435 664 Sequuntur
1454 629 1599 652 errores
1615 618 1781 652 annotati
1802 618 1838 652 in
1861 618 2032 654 rotul0¹⁸.

605 702 633 733 1.
661 701 766 744 Quod
788 701 886 733 Deus
911 712 984 733 non
1013 706 1069 733 est
1094 699 1211 732 trinus
1232 705 1268 732 et
1292 710 1399 740 unus,
1429 698 1599 743 quoniam
1621 698 1763 731 trinitas
1788 710 1862 732 non
1887 705 1957 733 stat
1980 712 2061 733 cum
2087 712 2226 734 summa
2247 700 2387 746 simpli-

513 767 630 801 citate.
654 767 723 800 Ubi
745 767 839 799 enim
862 774 917 800 est
939 766 1125 811 pluralitas
1151 765 1272 806 realis,
1301 765 1351 798 ibi
1380 765 1588 798 necessario
1616 771 1672 798 est
1695 765 1832 799 additio
1860 772 1896 799 et
1919 767 2148 812 compositio.
2171 768 2383 813 Exemplum

513 834 558 866 de
579 845 707 866 acervo
728 833 901 878 lapidum.

601 901 631 932 2.
661 900 766 942 Quod
798 901 895 932 Deus
925 911 998 932 non
1030 906 1150 944 potest.
1179 911 1356 944 generare
1385 898 1457 932 sibi
1485 898 1654 932 similem.
1686 898 1794 942 Quod
1823 899 1920 932 enim
1949 906 2158 945 generatur,
2187 900 2232 934 ab
2261 900 2383 946 aliquo

514 966 622 999 habet
642 966 873 1010 principium,
897 978 915 998 a
943 978 1013 1010 quo
1036 965 1231 1010 dependet.
1260 967 1316 1007 Et,
1338 966 1436 1010 quod
1461 965 1498 998 in
1519 967 1594 998 Deo
1615 977 1792 1011 generare
1818 977 1891 999 non
1917 966 2050 1000 esset¹⁸
2074 967 2220 1013 signum
2241 968 2383 1013 perfec-

511 1033 632 1066 tionis.

599 1100 630 1132 3.
660 1099 765 1141 Quod
788 1100 886 1132 Deus
908 1111 981 1131 non
1002 1099 1194 1144 cognoscit
1213 1099 1280 1132 alia
1302 1111 1320 1132 a
1342 1111 1394 1132 se.

599 1167 630 1198 4.
659 1166 764 1208 Quod
786 1165 897 1198 nichil
918 1172 974 1199 est
995 1172 1160 1199 eternum
1181 1178 1199 1198 a
1220 1173 1320 1211 parte
1341 1166 1439 1208 finis,
1461 1166 1560 1211 quod
1580 1179 1654 1200 non
1675 1167 1722 1200 sit
1742 1173 1907 1200 eternum
1928 1179 1947 1200 a
1968 1175 2068 1213 parte
2088 1168 2273 1214 principii.

600 1234 630 1265 5.
658 1232 763 1274 Quod
785 1232 906 1265 omnia
927 1239 1089 1277 separata
1110 1239 1281 1266 coeterna
1302 1239 1387 1266 sunt
1407 1233 1523 1278 primo
1545 1233 1737 1279 principio.

598 1299 629 1332 6.
657 1298 763 1341 Quod
785 1298 1026 1332 redeuntibus
1047 1299 1266 1344 corporibus
1287 1299 1487 1333 celestibus
1508 1299 1680 1333 omnibus
1701 1300 1739 1333 in
1759 1300 1855 1333 idem
1877 1307 2065 1346 punctum,
2087 1301 2185 1346 quod
2201 1301 2241 1335 fit
2259 1301 2297 1335 in
2317 1313 2386 1335 xxx

510 1377 573 1398 sex
594 1365 741 1398 milibus
762 1377 951 1407 annorum⁷
975 1365 1147 1399 redibunt
1166 1366 1262 1399 idem
1285 1367 1448 1408 effectus,
1472 1367 1533 1411 qui
1555 1373 1640 1400 sunt
1658 1367 1818 1400 modost.

598 1433 628 1465 7.
656 1432 762 1475 Quod
783 1432 991 1466 intellectus
1013 1445 1086 1466 non
1108 1439 1164 1466 est
1181 1433 1296 1466 forma
1317 1433 1536 1478 corporis¹⁶‚
1563 1434 1635 1467 nisi
1657 1434 1751 1467 sicut
1771 1441 1878 1468 nauta
1898 1435 2013 1476 navis,
2041 1447 2108 1468 nec
2133 1442 2189 1469 est
2208 1435 2383 1481 perfectio

508 1499 714 1532 essentialis
735 1498 906 1532 hominis.

596 1566 628 1598 8.
657 1565 763 1608 Quod
783 1565 1003 1607 intellectus,
1027 1566 1171 1611 quando
1192 1567 1282 1608 vult,
1305 1567 1452 1600 dimittit
1471 1579 1619 1613 corpus,
1641 1574 1677 1601 et
1696 1568 1841 1613 quando
1861 1568 1950 1610 vult7
1972 1568 2140 1602 induit¹⁷.

597 1634 629 1665 9.
657 1632 764 1675 Quod
792 1644 865 1665 non
891 1633 958 1665 fuit
985 1633 1124 1678 primus
1151 1633 1275 1675 homo7
1304 1646 1370 1667 nec
1396 1634 1465 1667 erit
1490 1634 1652 1676 ultimus,
1682 1634 1792 1668 immo
1820 1646 1966 1680 semper
1991 1635 2059 1668 fuit
2085 1641 2120 1668 et
2145 1647 2291 1681 semper
2315 1636 2385 1669 erit

508 1698 694 1743 generatio
715 1698 872 1732 hominis
894 1711 937 1732 ex
957 1699 1115 1733 homine.

598 1766 649 1798 10.
678 1766 784 1808 Quod
804 1767 993 1811 generatio
1014 1766 1173 1801 hominis
1195 1774 1251 1801 est
1270 1768 1472 1810 circularis,
1500 1780 1543 1801 eo
1565 1768 1664 1814 quod
1683 1768 1798 1802 forma
1818 1768 1977 1802 hominis
1998 1769 2093 1802 redit
2112 1768 2251 1814 pluries
2271 1778 2383 1815 super

506 1831 658 1864 eandem
680 1839 817 1877 partem
838 1833 1037 1866 materie¹⁸.

596 1900 648 1931 11.
676 1899 783 1942 Quod
804 1899 912 1933 homo
934 1907 991 1934 est
1009 1900 1119 1934 homo
1142 1908 1264 1946 preter
1283 1902 1437 1935 animam
1458 1901 1682 1935 rationalem.

597 1967 648 1998 12.
676 1966 794 2008 Quod,
818 1966 902 2011 quia
923 1967 1225 2002 Socrates'factus
1247 1975 1303 2002 est
1322 1968 1432 2001 non¹'
1454 1969 1680 2014 receptibilis
1701 1969 1915 2010 eternitatis,
1938 1969 1969 2002 si
1990 1968 2100 2002 debet
2114 1980 2197 2002 esse
2218 1975 2381 2011 eternus,

503 2043 654 2064 necesse
676 2039 731 2065 est
751 2039 790 2066 ut
810 2039 1074 2067 transmutetur
1094 2041 1220 2068 natura
1241 2041 1276 2068 et
1296 2036 1431 2080 specie.

593 2099 645 2131 13.
674 2099 781 2142 Quod
806 2112 850 2133 ex
879 2101 1055 2134 sensitivo
1084 2108 1120 2134 et
1145 2101 1368 2135 intellectivo
1381 2102 1408 2120 ²⁰
1435 2102 1472 2135 in
1499 2102 1648 2136 homine
1674 2115 1748 2136 non
1775 2103 1815 2136 fit
1840 2115 1951 2136 unum
1977 2115 2042 2148 per
2067 2102 2277 2144 essentiam,
2309 2102 2381 2136 nisi

504 2165 599 2198 sicut
619 2177 662 2198 ex
682 2166 925 2212 intelligentia
947 2174 982 2200 et
1001 2167 1104 2209 orbe,
1126 2168 1194 2201 hoc
1216 2175 1283 2210 est,
1306 2181 1417 2202 unum
1440 2181 1505 2214 per
1525 2170 1773 2215 operationem
1786 2170 1825 2203 ¹¹.

594 2233 645 2264 14.
674 2233 783 2275 Quod
808 2233 916 2266 homo
942 2246 1008 2278 pro
1036 2241 1134 2267 tanto
1163 2234 1295 2268 dicitur
1320 2235 1542 2281 intelligere,
1564 2248 1630 2281 pro
1651 2243 1785 2281 quanto
1811 2236 1928 2269 celum
1954 2237 2087 2269 dicitur
2111 2248 2155 2270 ex
2179 2248 2219 2270 se
2245 2235 2381 2269 intelli-

505 2308 604 2342 gere,
635 2299 692 2331 vel
719 2299 854 2341 vivere,
881 2300 939 2333 vel
966 2301 1119 2342 moveri,
1149 2301 1186 2334 id
1214 2308 1281 2343 est,
1311 2302 1393 2347 quia
1421 2314 1535 2347 agens
1563 2303 1651 2336 istas
1678 2303 1840 2336 actiones
1867 2310 1924 2336 est
1950 2303 1983 2336 ei
2012 2303 2153 2336 unitum
2190 2309 2228 2336 ut
2262 2307 2380 2336 motor

506 2363 643 2405 mobili⁷
667 2372 702 2398 et
723 2378 795 2398 non
817 2366 1116 2400 substantialiter.

595 2432 646 2464 15.
674 2432 782 2474 Quod
802 2432 910 2466 homo
932 2440 1014 2478 post
1036 2441 1188 2467 mortem
1210 2435 1339 2469 amittit
1359 2447 1465 2469 omne
1487 2435 1636 2469 bonum.

596 2500 646 2531 16.
675 2499 781 2540 Quod
809 2499 854 2531 de
883 2499 954 2533 fide
982 2512 1056 2534 non
1087 2508 1142 2534 est
1171 2502 1385 2544 curandum⁷
1417 2503 1448 2536 si
1478 2503 1618 2536 dicatur
1647 2503 1784 2549 aliquid
1814 2515 1896 2537 esse
1925 2503 2138 2544 hereticum,
2169 2502 2293 2548 quia²²
2320 2508 2377 2536 est

506 2569 629 2595 contra
651 2564 770 2597 fidem.

596 2630 647 2662 17.
675 2631 780 2672 Quod
807 2643 879 2664 non
904 2633 1118 2678 contingit²³
1151 2646 1286 2679 corpus
1313 2643 1524 2681 corruptum
1552 2637 1671 2670 redire
1697 2637 1793 2670 idem
1819 2648 1984 2678 numer0‚
2012 2648 2078 2669 nec
2103 2635 2198 2669 idem
2225 2646 2377 2668 numero

505 2698 687 2739 resurget.

599 2762 649 2794 18.
678 2763 782 2804 Quod
813 2766 1032 2798 resurrectio
1063 2767 1181 2800 sutura
1213 2780 1285 2801 non
1317 2768 1426 2802 debet
1453 2770 1607 2803 concedi
1637 2782 1655 2803 a
1686 2769 1919 2815 philosopho,
1954 2769 2036 2814 quia
2065 2768 2293 2813 impossibile
2323 2774 2379 2802 est

508 2838 584 2859 eam
615 2828 827 2874 investigari
858 2842 921 2875 per
950 2832 1139 2866 rationem.
1169 2854 1213 2859 —
1243 2836 1366 2876 Error,
1399 2836 1481 2880 quia
1511 2837 1618 2870 etiam
1653 2836 1895 2882 philosophus
1930 2835 2038 2869 debet
2066 2835 2245 2880 captivare
2275 2834 2377 2868 intel-

506 2893 639 2926 lectum
661 2894 697 2926 in
719 2894 934 2940 obsequium
957 2897 1103 2931 Christi.

600 2962 650 2993 19.
679 2961 784 3004 Quod
805 2962 921 2996 anima
942 2971 1104 3009 separata
1126 2965 1226 2998 nullo
1248 2968 1356 3001 modo
1378 2969 1511 3013 patitur
1531 2969 1575 3002 ab
1596 2970 1693 3015 igne.
