2580 3528
247 413 344 455 1280]
586 421 634 444 ΑΒ
667 421 774 444 Auno
807 420 885 444 mcc
918 420 1051 450 usqua
1085 420 1135 443 An
1170 420 1400 443 PHILIPPUM
1435 421 1475 443 1v
1509 421 1598 444 nse.
1635 422 1772 444 ΝΛΜ.
2050 411 2113 445 587

245 497 397 538 sivistis,
418 496 477 530 vel
503 495 661 529 libenter
687 494 977 540 requisivissetis
1005 494 1036 528 si
1063 494 1254 528 commode
1279 495 1506 540 potuissetis,
1528 495 1574 528 ita
1603 495 1700 540 quod
1726 494 1866 528 nullum
1898 495 2020 528 dolum
2049 505 2114 528 seu

243 562 407 598 fraudem
433 554 590 608 aliquam
617 573 704 607 erga
733 561 946 608 magistrum
967 567 1128 595 vestrum
1150 560 1219 594 sub
1240 573 1312 606 quo
1337 561 1459 595 fuistis
1485 561 1692 594 licentiatus
1719 568 1890 606 quantum
1921 561 1965 594 ad
1992 561 2116 606 incep-

242 630 379 664 tionem
411 635 567 663 vestram
601 628 830 674 aliquatenus
865 627 1075 662 intendetis.
1111 628 1200 661 Item
1235 627 1428 661 servabitis
1463 627 1628 661 ordinem
1665 627 1742 661 sive
1774 627 2039 660 ordinationem
2071 627 2115 660 de

244 696 354 730 modo
379 695 529 742 legendi
554 695 733 729 lectiones
757 694 960 728 ordinarias
985 701 1022 728 et
1045 694 1268 740 disputandi.
1291 695 1380 728 Item
1402 693 1544 728 stabitis
1569 706 1650 727 cum
1676 694 1862 740 magistris
1890 692 2117 727 secularibus

245 769 281 797 et
303 762 522 796 deffendetis
546 768 691 802 statum,
713 767 857 803 statuta,
879 767 916 794 et
939 760 1130 807 privilegia
1156 760 1356 794 eorundem
1382 767 1457 794 toto
1481 767 1645 806 tempore
1669 761 1742 795 vite
1766 766 1902 801 vestre,
1923 760 1967 793 ad
1992 771 2118 805 quem-

244 841 401 875 cumque
421 835 552 862 statum
574 828 809 862 deveneritis.
833 829 921 861 Item
943 827 1081 861 nullum
1105 827 1317 873 religiosum
1339 828 1603 873 cujuscumque
1626 827 1736 860 fuerit
1759 827 2002 873 professionis
2026 826 2118 859 reci-

246 896 354 942 pietis
374 895 412 929 in
431 895 551 941 aliqua
571 895 849 936 examinatione,
869 893 1041 928 videlicet
1061 894 1418 927 determinandorum
1441 900 1477 928 et
1495 893 1814 935 licentiandorum,
1832 905 1898 927 nec
1918 893 2118 927 intereritis

246 974 314 997 suo
339 962 534 1009 principio,
556 973 623 995 nec
648 973 714 995 sue
739 960 1065 995 determinationi‘.
1089 962 1176 994 Item
1199 960 1333 994 nullam
1360 961 1589 1006 questionem
1615 972 1705 1006 pure
1730 959 1971 1006 theologicam
1998 959 2118 1005 dispu-

246 1028 368 1063 tabitis
393 1029 565 1075 quamdiu
589 1028 758 1062 rexeritis
779 1028 815 1061 in
836 1027 988 1069 artibus,
1010 1034 1135 1074 utpote
1156 1027 1201 1061 de
1221 1028 1396 1061 Trinitate
1417 1034 1453 1061 et
1476 1027 1740 1061 Incarnatione.
1763 1028 1852 1061 Item
1878 1027 1909 1060 si
1932 1027 2121 1072 contingat

244 1108 311 1130 vos
345 1095 587 1130 determinare
616 1094 770 1140 aliquam
802 1095 1046 1140 questionem,
1076 1106 1147 1140 que
1177 1101 1299 1140 tangat
1328 1094 1435 1127 fidem
1466 1100 1502 1128 et
1530 1093 1813 1140 philosophiam,
1844 1106 1919 1127 eam
1952 1105 2017 1139 pro
2048 1093 2119 1126 fide

247 1161 551 1203 determinabitis,
584 1168 620 1195 et
652 1161 813 1195 rationes
845 1167 968 1195 contra
998 1161 1107 1194 fidem
1136 1161 1348 1194 dissolvetis
1377 1160 1577 1194 secundum
1613 1160 1711 1206 quod
1743 1160 1849 1194 vobis
1884 1159 2119 1194 dissolvende

245 1227 479 1263 videbuntur.

337 1296 425 1328 Item
446 1293 618 1340 jurabitis
643 1294 741 1339 quod
764 1305 832 1327 vos
852 1293 1160 1327 determinavistis
1181 1293 1218 1326 in
1238 1293 1377 1327 artibus
1401 1294 1562 1327 Parisius
1588 1293 1788 1327 secundum
1816 1293 2120 1326 consuetudinem

247 1361 422 1395 hactenus
448 1360 690 1402 observatam,
710 1359 769 1394 vel
795 1360 832 1393 in
856 1359 927 1393 alio
953 1360 1074 1394 studio
1099 1359 1277 1406 generali,
1300 1360 1362 1393 ubi
1387 1360 1431 1393 ad
1455 1354 1576 1393 minus
1602 1366 1687 1394 sunt
1710 1360 1757 1405 xij
1785 1366 1968 1406 regentes,
1995 1359 2120 1393 fraude

247 1427 410 1474 qualibet
427 1433 595 1461 ammeta.
618 1427 706 1460 Item
729 1426 827 1472 quod
846 1438 913 1460 vos
934 1425 1178 1460 observabitis
1199 1426 1463 1460 ordinationem
1486 1438 1603 1472 nuper
1624 1427 1748 1460 factam
1771 1426 1816 1459 de
1836 1426 1946 1459 modo
1971 1438 2122 1472 congre-

247 1494 415 1540 gationes
440 1493 686 1527 denunciandi
711 1493 904 1539 generales
929 1493 1067 1526 decano
1095 1493 1326 1526 decretorum
1353 1499 1389 1526 et
1414 1493 1551 1526 decano
1576 1493 1814 1526 medicorum.
1841 1494 1930 1526 Item
1951 1492 2122 1538 jurabitis

247 1560 360 1607 quod,
395 1560 426 1594 si
460 1559 642 1594 sciveritis
672 1558 808 1593 debere
837 1559 1031 1606 insurgere
1061 1559 1243 1593 nationem
1273 1566 1398 1593 contra
1428 1559 1623 1601 nationem,
1655 1559 1713 1593 vel
1742 1559 1964 1605 provinciam
1999 1566 2122 1592 contra

248 1627 486 1674 provinciam,
512 1626 570 1661 vel
597 1637 790 1672 personam
818 1633 942 1660 contra
972 1638 1179 1672 personam,
1209 1625 1419 1660 revelabitis
1448 1626 1586 1660 nationi
1616 1632 1741 1659 contra
1770 1637 1876 1671 quam
1907 1625 2017 1659 debet
2045 1625 2123 1659 fieri

247 1693 468 1728 insurrectio
498 1705 655 1739 persone
684 1693 743 1727 vel
771 1693 972 1739 provincie.
1004 1694 1093 1727 Item
1123 1705 1189 1727 vos
1212 1692 1384 1739 jurabitis
1414 1693 1511 1738 quod
1540 1704 1606 1726 vos
1636 1704 1709 1726 non
1739 1692 1922 1738 incipietis
1952 1692 2122 1738 quamdiu

247 1759 420 1794 videbitis
448 1759 556 1793 alium
587 1758 846 1793 bachellarium
877 1759 1053 1805 incipere,
1083 1759 1148 1793 sed
1178 1758 1415 1805 expectabitis
1446 1759 1545 1804 quod
1574 1770 1674 1792 suam
1705 1758 1897 1792 lectionem
1929 1758 2061 1803 legerit
2089 1765 2125 1792 et

248 1838 350 1860 suam
376 1826 606 1872 questionem
633 1826 942 1868 determinaverit,
964 1833 1155 1872 antequam
1177 1826 1370 1872 incipiatis.
1394 1827 1482 1859 Item
1503 1825 1601 1871 quod
1621 1837 1687 1859 vos
1708 1825 1951 1859 observabitis
1978 1825 2124 1858 ordina-

248 1893 383 1927 tionem
405 1892 663 1939 magistrorum
685 1892 730 1926 de
750 1892 981 1926 bachellariis
1002 1893 1213 1926 examinatis
1233 1892 1387 1926 inferius
1408 1903 1473 1938 per
1492 1892 1688 1938 magistros
1709 1892 1805 1925 non¹
1827 1898 2011 1938 regentes.
2035 1893 2122 1925 Item

242 1959 415 2007 jurabitis
436 1966 472 1994 et
491 1971 557 2006 pro
578 1971 689 2006 posse
708 1966 833 1994 vestro
853 1959 1097 2006 procurabitis
1117 1960 1396 2006 aequitationem
1417 1971 1435 1992 a
1457 1958 1610 1993 debitis⁸
1631 1959 1899 1993 Universitatis.
1923 1960 2010 1992 Item
2028 1960 2123 2004 jura-

248 2025 336 2061 bitis
366 2026 465 2072 quod
495 2026 681 2072 incipietis
709 2026 747 2060 in
777 2038 863 2072 capa
891 2027 1051 2073 propria,
1077 2038 1151 2060 non
1180 2026 1447 2060 accommodata
1477 2037 1544 2060 nec
1574 2026 1766 2068 conducta,
1797 2026 1827 2059 si
1858 2026 2000 2072 ponatis
2030 2026 2123 2059 duos

249 2092 390 2128 solidos
405 2093 443 2127 in
458 2092 571 2127 bursa
585 2093 644 2127 vel
664 2093 759 2139 plus.
778 2094 867 2127 Item
879 2093 1052 2139 jurabitis
1071 2093 1169 2139 quod
1189 2105 1255 2127 vos
1277 2105 1350 2126 non
1371 2093 1459 2126 estis
1475 2093 1563 2126 citra
1579 2093 1791 2127 vicesimum
1813 2093 1968 2138 primum
1990 2105 2122 2126 annum

248 2166 370 2194 vestre
390 2159 508 2194 etatis.
530 2160 620 2193 Item
640 2159 812 2206 jurabitis
833 2160 931 2206 quod
952 2160 1143 2194 audivistis
1164 2171 1229 2206 per
1255 2171 1318 2193 sex
1342 2171 1458 2193 annos
1484 2159 1528 2193 de
1548 2159 1699 2193 artibus.
1723 2160 1811 2193 Item
1832 2159 2004 2204 jurabitis
2025 2159 2123 2204 quod

249 2225 383 2272 legetis
410 2237 475 2272 per
500 2225 594 2260 duos
619 2238 735 2260 annos
756 2227 930 2266 continue
954 2227 1026 2260 nisi
1052 2226 1279 2260 rationabilis
1299 2238 1406 2260 causa
1430 2226 1701 2260 intervenerit'7.
1725 2227 1812 2259 Item
1833 2225 2004 2271 jurabitis
2025 2225 2122 2271 quod

249 2292 438 2326 libertates
468 2292 634 2339 singulas
667 2292 854 2336 facultatis·
878 2299 915 2327 et
947 2293 1235 2327 consuetudines
1263 2292 1443 2326 facultatis
1467 2291 1640 2326 honestas
1665 2299 1700 2326 et
1729 2292 1840 2326 totius
1867 2292 2122 2325 Universitatis

250 2358 442 2405 privilegia
462 2358 698 2401 deffendetis,
718 2359 763 2393 ad
783 2371 1051 2405 quemcumque
1071 2365 1201 2394 statum
1229 2358 1484 2393 deveneritis'.

344 2470 408 2495 Cod.
424 2470 482 2494 Vnt.
498 2470 562 2502 neg.
576 2471 631 2498 1106.
649 2470 694 2494 sol.
710 2469 750 2494 ³³.
765 2469 834 2494 Bibt.
850 2469 983 2502 Phinipp·
998 2469 1025 2494 in
1040 2470 1220 2499 Cheltenham,
1236 2478 1285 2494 ms.
1302 2470 1356 2498 876,
1373 2470 1418 2494 fol.
1430 2469 1470 2498 4¹³,
1486 2469 1536 2493 sub
1551 2469 1671 2493 rubrica:
1685 2478 1697 2493 (ι
1708 2469 1891 2493 Jurumentum
1907 2469 2088 2502 incipientium
2099 2478 2121 2494 ι).

249 2527 281 2533 -
294 2514 350 2538 Boc
363 2517 492 2538 statutum
507 2514 581 2538 deest
595 2513 667 2546 apud
684 2514 813 2538 Balneum
828 2517 854 2538 et
868 2514 1010 2543 soni-daim
1027 2514 1073 2538 sed
1087 2517 1175 2538 tamen
1190 2514 1342 2538 exscribunt
1357 2514 1388 2537 nd
1407 2521 1504 2537 annum
1520 2514 1578 2537 1³41
1597 2513 1728 2543 (Bulaeus,
1745 2514 1787 2542 lv,
1804 2514 1858 2543 273)
1870 2513 2029 2546 juramenta,
2045 2522 2122 2546 quae,

248 2558 311 2583 licet
323 2558 350 2583 in
371 2558 506 2591 aliquibu-
523 2558 672 2588 immutata.
687 2566 747 2583 cnm
762 2558 946 2591 superioribus
965 2558 992 2583 in
1006 2558 1094 2591 prima
1107 2562 1183 2591 parte
1204 2558 1373 2586 concordent,
1388 2557 1415 2582 in
1434 2558 1486 2582 fine
1504 2565 1566 2582 vere
1586 2558 1698 2582 multum
1717 2558 1829 2582 adsueta
1850 2559 1964 2583 fuerunt.
1984 2558 2025 2583 Cf.
2043 2558 2123 2582 etiem

249 2603 419 2635 Reque-mn
432 2606 494 2628 nat.
510 2603 694 2634 Analicanae
707 2603 733 2627 in
749 2603 825 2627 Arcb.
843 2603 966 2628 Univers.
983 2603 1076 2632 Parim,
1091 2603 1136 2632 ln,
1153 2603 1198 2627 tol.
1217 2604 1246 2627 57
1253 2602 1273 2628 ὓ.
1291 2603 1446 2627 sui-amenta
1461 2610 1543 2635 supra
1557 2602 1627 2626 edite
1642 2602 1669 2626 in
1683 2602 1732 2626 hac
1748 2603 1832 2627 forma
1847 2602 1917 2626 circa
1932 2611 1974 2627 an.
1991 2603 2052 2627 1280
2065 2611 2123 2627 esse

248 2646 395 2679 composite
405 2647 533 2679 conjicere
546 2655 689 2680 possumus
704 2655 735 2671 ex
750 2647 846 2676 verbis,
863 2655 930 2680 quae
943 2647 1156 2671 «ordinationem
1168 2654 1261 2678 nuper
1275 2648 1371 2671 sectam
1386 2647 1417 2671 de
1432 2646 1510 2671 modo
1524 2646 1742 2679 congregationes
1756 2646 1949 2671 denuntiandi»
1965 2647 2122 2679 respiciunt;

249 2691 299 2716 hoe
319 2691 389 2716 enim
409 2699 452 2716 nn.
467 2692 537 2721 ¹27⁹,
553 2692 611 2717 Oct.
626 2692 664 2721 1⁹,
681 2692 776 2716 evenit.
791 2692 856 2716 Vide
876 2700 958 2724 supra
973 2696 1003 2716 αθ
1015 2693 1071 2716 ¹1⁹³.
1087 2692 1190 2720 Postea,
1200 2700 1224 2716 v.
1234 2700 1260 2724 g.
1277 2699 1320 2716 sn.
1336 2691 1406 2720 1341,
1421 2691 1518 2715 locutio
1534 2699 1640 2724 «nuper
1658 2692 1774 2716 factem·
1791 2699 1896 2724 semper
1908 2691 1934 2715 in
1949 2692 2123 2716 instrumento

250 2735 385 2760 nmnnsit.
408 2736 512 2760 Stntuta
527 2736 607 2760 etiem
626 2736 659 2760 de
680 2737 758 2760 modo
778 2736 932 2768 disputandi
948 2736 1115 2769 quaestiones
1129 2736 1302 2768 theologicas,
1317 2736 1349 2760 de
1361 2735 1511 2768 juramento
1524 2736 1695 2768 praestando,
1715 2736 1868 2768 incipientes
1885 2736 2075 2760 determinasse
2096 2736 2122 2760 in

249 2779 353 2804 artibus
363 2780 483 2810 Psrisiis,
497 2785 558 2810 etc..
570 2789 637 2813 quae
647 2780 674 2805 in
684 2781 841 2805 documento
851 2781 1004 2809 efferuntur.
1017 2781 1150 2813 pertinent
1159 2781 1192 2805 ed
1203 2788 1246 2805 en.
1258 2781 1319 2805 1272
1329 2783 1354 2804 et
1369 2780 1439 2805 127⁹.
1450 2780 1490 2804 Cf.
1502 2780 1535 2804 nl·
1548 2780 1604 2810 441,
1614 2781 1660 2805 48⁵
1671 2780 1719 2805 ,ΟΩ
1731 2783 1866 2813 praeterea
1876 2781 1943 2805 infra
1956 2784 2029 2804 notus
2041 2782 2054 2804 :3
2065 2784 2090 2805 et
2099 2783 2122 2805 8.

347 2886 372 2911 1.
387 2886 482 2911 Recto·-
505 2887 694 2920 incipientibus
717 2888 829 2911 t'ormsm
850 2887 994 2920 juramenti
1017 2887 1155 2912 recitabat.
1177 2888 1248 2912 Usus
1269 2886 1366 2911 similis
1385 2887 1494 2919 vigebst
1514 2887 1657 2913 Bononiae.
1677 2887 1716 2911 Cf.
1737 2887 1841 2913 Archiv
1862 2889 1883 2918 s.
1900 2887 2073 2912 [deteratur-
2092 2894 2122 2911 u.

253 2929 470 2962 Kirchenomh.
482 2932 530 2957 des
539 2931 690 2961 Manlau..
700 2932 746 2961 m,
761 2933 817 2957 32⁸.
831 2945 863 2950 -
877 2933 900 2956 2.
912 2932 974 2964 fleg.
987 2932 1043 2956 Vnt.
1057 2940 1062 2955 ’.
1075 2941 1087 2955 α
1098 2932 1123 2956 xl
1135 2941 1156 2956 ιι.
1166 2945 1197 2950 -
1208 2933 1231 2956 3.
1248 2932 1311 2956 Vide
1327 2931 1395 2956 infr·
1410 2936 1439 2956 n⁰
1452 2932 1506 2961 ⁶1³,
1517 2940 1544 2964 p.
1557 2933 1614 2956 609.
1626 2945 1657 2950 —
1667 2933 1691 2956 la.
1704 2932 1802 2956 Revera
1818 2940 1868 2955 non
1880 2931 1977 2964 legitur
1989 2931 2020 2955 de
2034 2931 2123 2963 atiquo

251 2973 386 3007 reII‘Ioso,
399 2975 444 3008 qui
460 2975 511 3000 isto
526 2979 645 3008 tempore
659 2979 689 3000 ut
707 2976 851 3009 religiosus
871 2976 1055 3009 magisterium
1074 2976 1101 3000 in
1123 2976 1226 3001 artibus
1241 2975 1420 3009 acquisiverIt.
1435 2989 1466 2995 —
1481 2978 1503 3001 ⁶.
1520 2975 1564 3000 Sic
1578 2979 1604 3000 et
1619 2976 1644 3000 in
1662 2975 1819 3008 juramentis
1835 2984 1876 2999 nn.
1895 2975 1963 2999 1³41.
1986 2975 2123 3000 Ordinatio
