2618 3640
1007 422 1303 445 INTRODUCTIO.
2057 426 2090 447 Xl

202 497 284 546 jure
305 500 475 545 putamus
491 509 573 533 cum
591 497 628 532 in
645 497 862 534 documento
882 497 968 533 anni
988 500 1081 534 1264
1100 497 1217 542 (infra,
1241 504 1278 533 n⁰
1295 497 1377 546 399)
1394 498 1532 546 legatur
1548 510 1555 534 :
1583 500 1663 534 «De
1678 499 1826 546 antiqua
1844 503 1877 535 et
1897 500 2093 547 approbata

205 572 238 605 et
261 568 437 605 hactenus
466 569 614 616 pacifice
638 569 822 605 observata
849 569 1112 605 consuetudine
1140 569 1296 605 Parisius
1323 573 1375 605 est
1404 569 1592 606 obtentum
1621 573 1659 605 ut
1688 571 1872 618 antiquior
1891 583 1932 607 ex
1959 572 2092 607 eisdem

210 638 452 689 [Theologiae]
467 641 644 688 magistris
659 641 697 676 in
712 645 792 677 actu
810 641 957 689 regendi
973 653 1105 677 nomen
1122 641 1247 677 decani
1265 641 1396 677 habeat
1417 641 1511 677 inter
1529 653 1590 677 eos
1612 645 1645 678 et
1667 642 1753 689 ipsis
1773 642 1906 678 indicat
1928 644 2016 679 festa
2031 655 2094 691 per

205 712 373 748 nuntium
394 712 581 760 proprium
604 716 637 749 et
663 712 733 749 alia
755 713 861 749 faciat
884 725 954 760 que
971 713 1015 748 ad
1037 725 1142 748 suum
1169 716 1367 749 noscuntur
1388 713 1550 749 officium
1571 714 1763 761 pertinere.
1785 729 1799 747 »
1828 716 1870 750 Ut
1893 715 1951 750 hic
1972 715 2092 751 Theo-

204 783 331 831 logiae,
359 784 408 820 ita
433 785 667 821 Decretorum
690 787 724 820 et
748 784 947 821 Medicinae
973 785 1172 821 Facultates
1196 785 1373 821 decanum
1399 785 1567 822 habuisse
1592 797 1633 822 ex
1658 786 1806 833 antiqua
1832 787 2094 824 consuetudine

204 866 270 902 pro
297 859 394 892 certo
421 856 618 892 tenendum
640 860 709 900 est;
734 857 876 892 Artistis
898 868 980 893 vero
1008 869 1080 893 non
1104 857 1260 893 decanus
1284 857 1413 904 aliquis
1443 857 1681 905 praesidebat,
1713 858 1774 894 sed
1795 861 1889 894 certe
1916 844 2094 906 posterius

207 927 335 963 Rector
351 927 595 964 Universitatis
610 927 654 964 de
669 940 742 976 quo
759 928 852 964 inl'ra
867 928 973 965 verba
993 928 1180 965 faciemus.
1203 930 1384 971 Incertum
1397 929 1505 965 etiam
1523 941 1594 976 quo
1613 933 1774 977 tempore
1789 930 1949 978 singulae
1967 932 1992 966 F
1996 931 2094 967 acul—

206 1001 293 1034 tates
321 999 479 1047 sigillum
505 1000 692 1047 proprium
709 1000 913 1036 habuerint.
936 1001 1055 1037 Prima
1070 1001 1205 1037 mentio
1228 1001 1333 1049 sigilli
1357 1003 1591 1037 Decretorum
1617 1002 1809 1037 Facultatis
1828 1003 1984 1038 occurrit
2000 1003 2095 1039 eirca

205 1081 342 1106 annum
366 1073 454 1107 1271
481 1071 577 1115 (Vici.
601 1077 640 1107 11ο
663 1071 745 1118 446)
773 1072 810 1107 in
836 1072 992 1119 quadam
1017 1073 1265 1117 conventione,
1291 1073 1395 1121 cujus
1415 1073 1444 1109 si
1467 1073 1576 1109 verba
1593 1073 1839 1121 perpenderiS,
1863 1075 1972 1122 paulo
1994 1075 2094 1122 prius

204 1142 407 1178 institutum
436 1154 511 1179 esse
539 1143 696 1191 sigillum
723 1155 935 1191 persuasum
962 1144 1106 1180 habeas.
1135 1145 1333 1180 Medicinae
1356 1156 1438 1181 vero
1464 1145 1656 1181 Facultatis
1683 1145 1842 1193 sigillum
1872 1147 2031 1194 primum
2057 1148 2094 1183 in

204 1213 431 1250 ordinatione
455 1215 611 1262 quadam
635 1216 720 1251 anni
746 1218 840 1251 1274
862 1219 1083 1252 memoratur
1107 1216 1202 1260 (Vici.
1233 1223 1271 1251 n⁰
1296 1216 1394 1263 451).
1421 1218 1466 1252 At
1492 1220 1661 1264 quattuor
1684 1217 1878 1253 Nationum
1904 1219 2032 1266 sigilla,
2057 1223 2095 1255 ut

205 1297 289 1322 mox
308 1285 523 1330 videbimus,
541 1286 657 1322 multo
674 1287 891 1335 antiquiora.
915 1288 1130 1335 Theologiae
1154 1288 1345 1324 Facultatis
1369 1289 1506 1336 proprii
1528 1289 1634 1336 sigilli
1657 1289 1877 1325 mentionem
1900 1290 2034 1327 frustra
2056 1291 2093 1327 in

204 1357 420 1393 Chartularii
445 1358 557 1394 nostri
582 1358 699 1406 primo
721 1358 903 1395 volumine
921 1359 1131 1406 quaesieris,
1159 1363 1192 1395 et
1214 1371 1309 1395 anno
1337 1362 1428 1396 1253
1451 1360 1615 1396 doctores
1635 1361 1850 1408 Theologiae
1876 1362 2094 1399 Parisienses

203 1429 364 1465 chartam
387 1430 567 1477 quandam
591 1430 736 1478 privatis
757 1431 880 1479 sigillis
901 1431 1114 1467 munierunt
1138 1430 1235 1479 (Vicl.
1264 1437 1302 1467 11ο
1325 1431 1445 1475 216>’.

300 1505 363 1541 His
387 1505 511 1553 positis
531 1506 576 1542 ad
594 1506 733 1554 singula
757 1507 1033 1543 descendamus.
1057 1509 1223 1543 Formata
1241 1511 1292 1543 est
1310 1508 1525 1544 Universitas
1546 1507 1799 1556 magistrorum
1817 1512 1850 1545 et
1872 1510 2096 1546 scholarium

202 1576 336 1624 absque
353 1577 591 1622 Cancellario,
612 1578 786 1626 litigando
803 1583 921 1615 tamen
937 1591 1021 1615 cum
1039 1591 1079 1616 eo
1094 1579 1247 1615 adolevit
1261 1583 1295 1615 et
1312 1580 1401 1616 vires
1417 1580 1618 1628 acquisivit.

299 1649 486 1691 Quomodo
508 1650 577 1687 hoc
601 1651 762 1686 evenerit
790 1651 828 1686 in
849 1651 1082 1698 sequentibus
1107 1651 1402 1688 monstrabimus.

300 1755 470 1792 Officium
492 1769 562 1804 quo
579 1757 843 1794 Cancellarium
864 1758 1101 1795 Parisiensem
1124 1760 1242 1807 primo
1263 1758 1300 1794 in
1324 1759 1562 1795 Universitate
1586 1760 1774 1796 Parisiensi
1790 1760 1952 1796 videmus
1974 1761 2087 1810 fungi,

196 1828 271 1876 jam
298 1840 362 1876 per
393 1828 531 1876 aliquot
562 1829 737 1866 decennia
766 1833 847 1866 ante
877 1831 1108 1867 constitutam
1141 1832 1413 1867 Universitatem
1444 1832 1688 1868 Cancellarius
1718 1832 1918 1877 exercebat,
1953 1834 2091 1870 scilicet

198 1900 381 1936 licentiam
400 1901 556 1937 docendi
572 1901 615 1937 iis
635 1902 697 1950 qui
713 1902 879 1938 volebant
895 1903 1023 1939 docere
1038 1907 1072 1939 et
1088 1903 1235 1951 quidem
1257 1904 1350 1939 inter
1366 1903 1456 1939 duos
1471 1908 1615 1951 pontes,
1634 1905 1671 1940 id
1685 1908 1735 1940 est
1757 1905 1793 1940 iu
1816 1905 1950 1949 Insula,
1970 1906 2091 1942 confe-

198 1971 312 2016 rebat,
336 1973 440 2017 sicut,
463 1973 562 2009 verbi
589 1974 715 2021 gratia,
739 1974 942 2010 scholastici
961 1975 1176 2020 Aurelianis,
1195 1975 1407 2023 Andegavis,
1430 1976 1560 2020 Remis,
1579 1976 1731 2024 aliisque
1750 1977 1787 2012 in
1808 1977 1895 2013 locis
1918 1981 1950 2013 ct
1975 1979 2089 2013 Maes—

198 2044 394 2080 treescuela
411 2045 556 2093 capituli
575 2045 612 2080 in
631 2045 814 2093 Hispania.
839 2046 896 2082 Sic
913 2046 1037 2083 saltem
1059 2048 1184 2083 Petrus
1201 2049 1387 2083 Comestor
1402 2059 1496 2084 anuo
1521 2051 1613 2084 1174
1639 2048 1735 2092 (Vz'cl.
1756 2050 1850 2084 Part.
1872 2051 1959 2084 Intr.
1979 2056 2016 2085 n⁰
2038 2049 2086 2097 8),

197 2118 231 2151 et
254 2116 304 2152 sic
327 2116 537 2152 Cancellarii
558 2117 795 2165 postea(Vid.
821 2124 859 2153 11⁰
884 2117 954 2167 14),
978 2131 1188 2167 quanquam
1203 2120 1238 2155 in
1259 2120 1436 2167 Capitulo,
1456 2119 1513 2156 cui
1539 2120 1699 2165 aderaut,
1725 2120 1803 2156 aliis
1827 2121 1933 2157 etiam
1959 2121 2087 2157 officiis

198 2187 441 2235 fungebantur
454 2187 551 2237 (Vz'sl.
567 2195 606 2224 11ο
621 2192 663 2225 21
685 2193 718 2225 61
733 2193 883 2233 notam).
898 2191 989 2226 Ante
1006 2191 1166 2227 medium
1185 2203 1276 2227 saec.
1298 2193 1382 2227 XIlI
1400 2191 1561 2228 officium
1578 2193 1789 2228 Cancellarii
1808 2193 2015 2229 Parisiensis
2037 2193 2087 2230 sic

195 2259 452 2307 explicabatur,
480 2261 659 2309 magistris
683 2262 892 2298 commissas
918 2274 994 2298 esse
1019 2278 1035 2296 «
1065 2263 1180 2299 claves
1206 2264 1376 2300 scientiae
1399 2275 1420 2299 a
1442 2263 1590 2300 domino
1610 2266 1715 2312 Papa,
1739 2265 1792 2300 vel
1819 2277 1838 2301 a
1863 2265 2084 2302 Cancellario

197 2331 388 2367 Parisiensi
402 2343 446 2367 ex
470 2333 696 2369 ordinatione
712 2334 849 2370 domini
870 2335 976 2382 Pape,
997 2335 1041 2370 ad
1063 2335 1299 2383 aperiendum
1316 2336 1527 2372 thesaurum
1545 2336 1717 2384 sapientiae
1735 2338 1790 2372 »2.
1814 2338 1904 2372 Cum
1924 2338 2084 2385 magistri

194 2405 228 2438 et
257 2403 438 2439 scholares
467 2404 609 2440 Insulae
641 2405 678 2440 in
711 2417 840 2453 corpus
866 2418 981 2442 unum
1007 2408 1215 2455 congregati
1241 2408 1325 2452 sint,
1361 2407 1465 2443 facile
1496 2407 1677 2456 intelligas
1708 2408 1920 2444 Cancellarii
1949 2422 2083 2445 munus

194 2474 340 2522 maj0ris
364 2475 533 2523 ponderis
556 2476 718 2513 evasisse.
746 2479 837 2513 Eum
860 2479 1003 2514 Parisiis
1032 2479 1190 2515 residere
1215 2479 1416 2515 necessario
1442 2479 1643 2527 oportebat,
1676 2480 1841 2528 nihilque
1875 2481 2081 2518 mirandum

193 2546 289 2593 quod
321 2547 511 2595 episcopus
540 2548 811 2596 capitulumque
837 2549 1032 2586 Parisieuse
1060 2562 1155 2586 anno
1187 2553 1278 2586 1207
1308 2553 1506 2587 statuerunt
1542 2566 1556 2584 «
1579 2555 1618 2587 ut
1643 2552 1863 2601 quicumque
1892 2554 1936 2589 de
1963 2558 2081 2590 cetero

191 2618 432 2654 Cancellarius
462 2619 667 2656 Parisiensis
698 2620 817 2665 fucrit,
856 2625 935 2668 post
962 2622 1225 2658 institutionem
1256 2634 1356 2658 suam
1387 2626 1551 2658 teneatur
1576 2624 1824 2671 juramentum
1856 2625 1892 2660 in
1923 2626 2079 2674 capitulo

190 2689 359 2725 exhibere
390 2702 426 2726 se
455 2690 631 2727 facturum
660 2692 888 2729 residentiam
915 2694 952 2728 in
981 2693 1131 2730 ecclesia
1164 2693 1353 2730 Parisiensi
1380 2694 1552 2741 quamdiu
1582 2696 1846 2732 Cancellariam
1875 2697 2030 2733 tenuerit
2058 2714 2073 2730 »

193 2765 290 2812 (Vid.
310 2771 348 2800 n⁰
363 2765 411 2814 6).

289 2838 394 2873 Certe
420 2845 498 2886 post
523 2838 714 2876 formatam
733 2841 1007 2886 Universitatem
1029 2842 1271 2879 Cancellarius
1289 2843 1495 2879 Parisiensis
1515 2855 1588 2880 non
1614 2843 1695 2892 eligi
1719 2844 1842 2880 debuit
1859 2845 1925 2881 uisi
1941 2846 2075 2893 magis-

285 2947 308 2971 1.
326 2947 422 2972 0011111·
445 2949 558 2980 n'ARCQ,
581 2951 598 2975 1.
614 2959 646 2981 (3.,
667 2951 701 2976 11¹⁸
723 2952 870 2982 8020-8022‚
892 2953 1016 2978 describit:
1031 2953 1117 2986 sigilla
1138 2954 1221 2979 trium
1244 2953 1412 2978 Facultatum
1434 2954 1460 2978 in
1486 2955 1565 2979 Arch.
1587 2955 1650 2979 Nat.
1672 2955 1701 2985 (I.
1722 2955 1777 2985 515,
1801 2960 1830 2979 n0
1852 2956 1890 2985 14)
1913 2957 2073 2985 conservata,

190 2991 251 3015 anni
267 2991 336 3017 1398.
353 2993 392 3017 Cf.
409 2993 524 3018 VALLET
539 3002 573 3019 nn
591 2996 752 3026 Vuuvumn,
766 2996 783 3022 1.
798 3005 830 3027 c.‚
847 3006 871 3030 p.
889 2998 934 3022 134
948 3005 988 3030 sq.

283 3036 307 3060 2.
323 3037 494 3063 GUALTERUS
507 3046 542 3063 DE
558 3040 700 3065 Casu-Lm
713 3041 886 3066 Tusonomm
901 3042 927 3066 in
944 3043 999 3067 suis
1019 3043 1128 3070 Quaest.
1144 3044 1224 3069 theol.
1238 3051 1297 3075 ms„
1313 3043 1380 3068 Bibl.
1397 3044 1557 3068 Antonianae
1572 3045 1673 3075 Patav„
1688 3049 1716 3068 11⁰
1731 3045 1784 3075 152,
1801 3045 1818 3068 f.
1833 3045 1877 3069 150
1885 3045 1905 3069 b.

2160 1777 2334 1802 Cancellarius

2165 1808 2330 1834 Parisiensis.
