2580 3528
503 411 567 444 530
1081 415 1398 439 CHARTULAMUM
1433 412 1622 435 UNIVERS.
1659 411 1788 434 Parus.
2273 402 2373 443 [1275

505 493 762 539 subjungimus
791 499 847 533 ut,
879 491 975 537 quod
1006 504 1023 524 a
1054 490 1180 535 majori
1211 496 1310 534 parte
1345 487 1508 521 nacionis
1539 486 1575 518 in
1604 484 1745 518 actibus
1779 485 2034 519 communibus
2068 485 2214 531 publice
2248 487 2372 520 contra

505 559 751 594 ordinacionis
777 558 937 604 predicte
963 564 1125 590 tenorem
1153 554 1361 588 excedendo
1387 554 1517 586 sactum
1543 551 1652 584 suerit
1673 557 1734 584 aut
1756 551 1981 585 obmittendo
2004 552 2254 595 commissum,
2282 552 2373 586 illud

506 639 524 660 a
547 633 618 659 tota
643 626 792 659 nacione
819 631 989 669 quantum
1014 623 1056 655 ad
1080 622 1170 654 illud
1194 632 1321 653 omnes
1344 619 1516 653 articulos
1539 618 1576 650 in
1599 617 1835 651 ordinacione
1858 630 1946 664 sepe
1966 619 2056 652 facta
2079 631 2288 664 expressos,
2310 618 2374 652 ubi

507 693 551 726 de
574 693 725 725 nacione
747 691 822 724 sive
845 689 1059 723 nacionibus
1083 687 1235 720 habetur
1256 686 1405 727 mentio⁷
1429 692 1545 718 actum
1568 691 1603 717 et
1623 684 1823 718 obmissum
1846 697 1911 730 per
1931 685 2051 718 omnia
2070 685 2227 731 intelligi
2243 685 2374 719 debeat

508 771 546 793 ac
568 758 722 791 censeri.

596 825 650 858 Ad
682 824 795 856 officia
826 822 970 867 quidem
1001 821 1178 866 predicta,
1215 832 1260 852 ne
1291 818 1528 863 dispendiose
1561 824 1664 851 vacet
1692 818 1903 851 exercitium
1938 819 2167 861 eorumdem,
2198 831 2376 865 personas

507 903 596 936 quas
620 889 818 923 secundum
845 888 1048 933 qualitatem
1080 886 1253 930 temporis
1281 891 1313 917 et
1340 884 1593 917 condicionem
1617 884 1762 929 negocii
1787 897 1991 930 congruere
2018 885 2177 919 vidimus
2205 885 2271 919 hac
2296 886 2376 920 vice

508 957 675 990 duximus
704 955 903 1000 eligendas.
936 953 1148 998 Magistrum
1179 953 1324 984 Petrum
1356 951 1400 984 de
1430 950 1634 984 Alvernia¹'
1661 951 1870 996 preficimus
1895 952 2152 986 Universitatis
2177 959 2373 994 rectorem

506 1023 648 1056 nacioni
693 1028 809 1054 autem
854 1020 1075 1053 Gallicorum
1120 1018 1331 1063 magistrum
1374 1017 1594 1062 Stephanum
1635 1017 1906 1060 Gebenensem,
1952 1019 2096 1052 nacioni
2130 1031 2216 1052 vero
2255 1019 2376 1053 Picar-

507 1090 633 1122 dorum
666 1088 876 1132 magistrum
906 1085 1078 1119 Jacobum
1110 1085 1154 1117 de
1187 1086 1322 1124 Duaeo,
1361 1084 1498 1117 nationi
1523 1096 1610 1118 vero
1648 1085 1887 1130 Anglicorum
1917 1086 2129 1131 magistrum
2161 1086 2376 1120 Mauricium

507 1156 550 1188 de
575 1155 759 1195 Hibernia,
787 1160 821 1186 et
843 1153 985 1185 nacioni
1014 1153 1304 1184 Normannorum
1335 1151 1548 1196 magistrum
1574 1150 1771 1185 Robertum
1793 1152 1928 1185 dictum
1959 1153 2089 1185 Rufum
2120 1159 2376 1198 procuratores

507 1221 711 1267 specialiter
732 1220 960 1265 deputamus,
981 1239 1025 1243 ——
1051 1218 1194 1251 nacioni
1216 1217 1439 1251 Gallicorum
1461 1217 1506 1250 de
1526 1217 1690 1251 Johanne
1711 1218 1756 1251 de
1777 1219 1914 1261 Cande,
1940 1219 2084 1252 nacioni
2104 1219 2373 1253 Picardorum⁰

506 1289 550 1321 de
581 1287 768 1332 Radulpho
794 1285 1060 1326 harbstousore,
1085 1297 1124 1317 ac
1151 1285 1245 1317 dicte
1271 1284 1414 1317 nacioni
1438 1284 1677 1330 Anglicorum
1700 1285 1744 1318 de
1765 1286 1960 1331 Symoneto
1982 1286 2139 1332 Anglico
2162 1287 2200 1319 in
2220 1286 2378 1321 bedellis

506 1354 763 1387 nichilominus
784 1352 1030 1398 providentes.
1055 1351 1125 1384 Sed
1149 1351 1194 1384 de
1214 1351 1360 1384 bedello
1382 1351 1546 1384 nacionis
1566 1353 1857 1385 Normannorum
1883 1352 2002 1386 taliter
2026 1353 2230 1387 ordinando
2254 1353 2379 1399 dispo-

507 1422 626 1454 nimus
643 1427 677 1453 et
694 1419 922 1465 disponendo
944 1419 1049 1451 etiam
1071 1418 1294 1459 ordinamus,
1314 1418 1412 1463 quod
1433 1418 1612 1451 Henricus
1633 1418 1677 1451 de
1698 1420 1793 1464 Haya
1814 1419 1861 1452 sit
1876 1419 2045 1453 bedellus
2065 1420 2229 1454 nacionis
2246 1420 2376 1466 ipsius,

507 1489 586 1533 ipso
608 1494 725 1520 tamen
748 1486 899 1519 cedente
921 1485 1037 1518 officio
1061 1484 1219 1518 bedellie
1236 1484 1294 1518 vel
1315 1485 1421 1518 etiam
1443 1485 1642 1518 decedente
1663 1497 1728 1530 per
1749 1486 1943 1531 magistros
1965 1487 2128 1520 nacionis
2149 1487 2314 1532 ejusdem
2335 1487 2379 1521 ad

508 1555 641 1588 dictum
662 1553 817 1586 officium
837 1553 967 1597 aliquis
987 1552 1048 1597 qui
1068 1552 1115 1585 sit
1132 1552 1176 1584 de
1195 1552 1337 1585 civitate
1354 1551 1411 1585 vel
1431 1552 1475 1584 de
1494 1551 1641 1597 dyocesi
1661 1552 1946 1598 Rothomagensi
1964 1553 2026 1587 illa
2041 1554 2120 1587 vice
2138 1554 2380 1588 communiter

509 1621 674 1666 eligatur.
692 1619 870 1653 Volumus
892 1625 1009 1651 tamen
1031 1618 1129 1663 quod
1150 1618 1180 1651 si
1202 1619 1394 1663 scriptura,
1414 1630 1483 1663 que
1503 1618 1598 1651 inter
1615 1619 1810 1664 magistros
1829 1619 1983 1653 civitatis
2002 1627 2038 1653 et
2055 1620 2223 1665 dyocesis
2244 1620 2381 1654 Rotho-

510 1687 693 1732 magensis
720 1698 761 1719 ex
787 1692 886 1731 parte
915 1697 998 1726 una,
1027 1691 1063 1717 et
1090 1684 1286 1730 magistros
1313 1684 1357 1717 de
1392 1696 1456 1717 sex
1486 1684 1757 1730 episcopatibus
1787 1686 1973 1731 provincia
2000 1686 2305 1732 Rothomagensis
2335 1699 2379 1721 ex

510 1753 576 1786 alia
602 1753 765 1786 confecta
786 1752 918 1785 dicitur
945 1763 1056 1797 super
1081 1751 1263 1784 creatione
1290 1750 1426 1784 bedelli
1447 1751 1484 1783 in
1505 1752 1657 1784 nacione
1683 1752 1822 1794 eadem,
1850 1765 1920 1798 que
1945 1753 2053 1786 fidem
2073 1753 2236 1799 legitime
2261 1754 2379 1796 faciat,

509 1820 624 1853 valeat
644 1819 814 1865 reperiri,
841 1818 931 1851 illud
957 1818 1055 1863 quod
1081 1830 1145 1863 per
1169 1818 1284 1863 ipsam
1311 1818 1526 1863 scripturam
1551 1818 1646 1852 circa
1671 1819 1890 1852 creationem
1911 1819 2047 1853 bedelli
2073 1820 2110 1852 in
2131 1820 2283 1854 nacione
2303 1821 2382 1866 ipsa

511 1887 717 1932 apparuerit
738 1898 820 1919 esse
842 1885 1073 1926 servandum,
1096 1884 1356 1918 inviolabiliter
1376 1884 1605 1918 observetur.
1623 1885 1753 1919 Actum
1773 1886 1934 1920 Parisius
1954 1887 2049 1932 apud
2071 1887 2235 1920 Sanctam
2257 1888 2382 1921 Geno-

511 1954 625 1987 vefam
649 1953 784 1986 vocatis
809 1952 851 1985 ad
877 1951 945 1984 hoc
967 1958 1001 1985 et
1027 1951 1260 1996 presentibus
1287 1951 1585 1997 procuratoribus
1611 1953 1764 1997 partium
1790 1953 2032 1998 predictarum
2054 1954 2245 1999 utriusque
2271 1954 2383 2000 partis

514 2020 673 2052 Parisius
703 2026 782 2052 actu
817 2019 1020 2064 regentium
1053 2025 1087 2051 et
1116 2030 1189 2051 non
1218 2018 1437 2063 regentium,
1462 2024 1497 2051 et
1522 2018 1679 2063 plurium
1708 2019 1860 2052 aliorum
1890 2020 2122 2053 multitudine
2150 2021 2299 2066 copiosa
2325 2020 2384 2054 die

516 2086 651 2127 martis,
683 2098 768 2118 non.
801 2085 946 2130 Mayi¹‘,
977 2097 1071 2117 anno
1116 2085 1260 2118 Domini
1298 2086 1348 2118 Μ0
1361 2085 1435 2118 CC⁰
1448 2086 1558 2118 LXX⁰
1593 2085 1733 2130 quinto,
1776 2086 2007 2131 pontificatus
2042 2087 2179 2120 domini
2213 2087 2386 2133 Gregorii

517 2165 606 2198 pape
627 2153 672 2193 xi,
693 2164 786 2185 anno
808 2153 978 2197 quarto¹⁵.

610 2224 672 2247 Cod.
689 2224 745 2246 Vnt.
761 2224 823 2254 Reg.
840 2225 894 2252 1106,
912 2224 956 2246 fol.
972 2224 1010 2246 32.
1027 2223 1095 2246 Bibl.
1112 2223 1244 2254 Phillipps
1258 2223 1284 2246 in
1300 2223 1480 2253 Cheltenham,
1497 2232 1546 2247 ms.
1562 2225 1616 2253 876,
1633 2225 1677 2247 sol.
1693 2224 1749 2248 40¹³.
1765 2238 1796 2242 -—
1808 2225 1932 2254 Bulaeus,
1946 2225 1992 2254 111,
2007 2225 2062 2249 411.

612 2295 633 2318 1.
652 2294 716 2317 Vide
731 2303 812 2325 supra
823 2299 852 2317 n‘·
862 2295 915 2317 [109.
927 2308 956 2312 —
969 2296 991 2317 2.
1010 2294 1055 2317 Isti
1066 2302 1111 2317 sex
1124 2294 1293 2326 episcopatus
1307 2298 1398 2318 erant:
1415 2295 1592 2324 Abi-incensis,
1609 2295 1770 2327 Bnjooensis,
1784 2296 2005 2325 Constanciensis,
2024 2296 2200 2325 Ebroicensis,
2221 2296 2388 2320 Lexovienni·

518 2342 544 2362 et
560 2338 702 2370 Sngiensis.
715 2352 745 2356 -—
758 2340 779 2361 3.
796 2339 855 2362 vat.
870 2339 932 2370 Reg.
951 2347 956 2361 z
975 2347 986 2362 «
1002 2339 1120 2370 ejusdem
1136 2346 1158 2362 ».
1173 2352 1204 2356 ——-
1218 2339 1241 2362 4,
1259 2339 1278 2362 1.
1295 2347 1317 2363 e.
1334 2339 1403 2362 circa
1419 2348 1460 2363 an.
1478 2340 1546 2363 1272.
1559 2354 1589 2358 —
1599 2342 1621 2364 5.
1638 2340 1702 2364 Vide
1717 2341 1748 2364 de
1763 2341 1822 2372 ipso
1837 2349 1919 2372 supra
1934 2341 1967 2364 n¹¹
1981 2342 2028 2364 409
2042 2344 2067 2364 et
2081 2342 2136 2365 432.
2148 2355 2176 2359 —
2187 2342 2210 2365 6.
2226 2341 2283 2365 Vnt.
2299 2341 2365 2373 Reg.
2381 2349 2387 2365 z

522 2392 533 2405 «
549 2383 773 2406 excommunicare
789 2391 810 2406 i).
823 2396 854 2400 -—
867 2384 889 2406 7.
905 2383 971 2406 Ibid.
989 2391 994 2406 ·.
1013 2391 1024 2406 «
1041 2383 1166 2406 nimirum
1181 2391 1203 2406 n.
1219 2396 1245 2401 —
1259 2384 1282 2407 8.
1299 2383 1402 2415 Ubique
1418 2392 1424 2407 2
1442 2392 1454 2407 «
1470 2383 1523 2407 illis
1540 2393 1562 2408 ».
1572 2386 1636 2408 ——9.
1652 2385 1708 2408 Vat.
1725 2385 1788 2416 Reg.
1805 2393 1811 2408 ι
1829 2393 1841 2409 «
1855 2385 1975 2417 sigillare
1988 2385 2096 2409 ».—10.
2113 2385 2217 2417 Ubique
2232 2393 2238 2408 ε
2256 2394 2268 2409 (ι
2283 2385 2350 2417 ipsis
2366 2394 2389 2409 ».

521 2440 551 2444 -
566 2427 602 2449 11.
621 2427 679 2450 Vnt.
695 2427 756 2457 Reg.
775 2434 780 2449 ’.
798 2435 809 2449 «
826 2426 944 2458 aliasque
960 2435 981 2449 ».
996 2440 1026 2444 —-
1041 2427 1078 2450 12.
1096 2427 1169 2450 Idem
1184 2427 1276 2450 Petrus
1294 2427 1325 2450 de
1346 2427 1468 2451 Alvernia
1490 2431 1575 2452 rector
1595 2429 1781 2452 Universitatis
1806 2429 1938 2453 invenitur
1958 2429 1985 2453 in
2004 2430 2160 2453 documento
2181 2429 2243 2452 anni
2262 2429 2331 2458 1296,
2347 2429 2390 2454 die

523 2471 624 2494 veneris
644 2471 670 2493 in
690 2472 755 2494 sesto
773 2471 953 2502 apostolorum
968 2471 1038 2494 Petri
1053 2474 1078 2494 et
1092 2471 1167 2494 Pauli
1186 2471 1271 2501 (Arch.
1289 2475 1342 2497 nat.
1359 2472 1385 2495 S.
1405 2473 1477 2502 6219,
1496 2477 1526 2496 n⁰
1539 2473 1600 2503 9¹²³⁵)
1621 2482 1672 2505 quo
1691 2473 1759 2497 inter
1778 2477 1978 2505 procuratorem
1999 2473 2186 2497 canonicorum
2208 2473 2234 2497 S.
2257 2473 2391 2498 Benedicti

524 2518 601 2546 atque
623 2515 811 2545 mag-istrorum
833 2515 925 2537 domus
946 2516 977 2538 de
1000 2516 1119 2538 Sorbona
1141 2515 1240 2539 arbiter
1255 2516 1377 2540 occurrit..
1394 2530 1425 2534 —
1439 2517 1477 2540 13.
1498 2526 1509 2541 «
1530 2518 1638 2541 Nacioni
1659 2518 1831 2542 Picardorum
1854 2527 1866 2542 »
1889 2527 1940 2542 om.
1964 2518 2022 2542 Vat.
2045 2518 2108 2549 Reg.
2127 2531 2159 2535 ——
2174 2518 2212 2541 14.
2231 2517 2345 2542 Bulaeus
2366 2521 2392 2542 et

525 2559 651 2582 Jourdnin
666 2567 804 2590 perperam
821 2567 826 2582 1
842 2568 853 2582 «
869 2559 910 2582 die
924 2560 1014 2582 martis
1030 2563 1089 2583 ante
1104 2568 1164 2583 non.
1179 2560 1241 2583 Maii
1256 2568 1277 2589 »,
1294 2560 1310 2584 i.
1327 2569 1348 2584 e.
1365 2561 1463 2592 Aprilis
1479 2563 1517 2585 30.
1533 2576 1563 2580 —
1578 2563 1615 2586 15.
1632 2562 1735 2594 Ubique
1748 2571 1906 2595 perperam:
1923 2572 1935 2587 (ι
1951 2563 2042 2595 quinto
2057 2571 2079 2587 a).

529 2710 623 2746 461
634 2739 641 2746 .
668 2719 816 2745 Ordinatio
832 2719 984 2753 facultatis
1000 2721 1105 2746 artium
1121 2721 1155 2747 de
1171 2721 1437 2758 determinantibus,
1455 2723 1491 2750 de
1507 2723 1687 2751 baccalareis
1703 2729 1731 2751 et
1744 2725 1780 2752 de
1795 2726 1951 2761 magistris.

1668 2807 1743 2838 1275,
1759 2808 1905 2835 Decembris
1918 2809 1943 2838 5,
1958 2808 1978 2843 [
1978 2808 2085 2835 Par-ictis
2084 2808 2110 2843 J.

622 2870 795 2904 Noverint
815 2870 975 2903 universi
1003 2871 1100 2915 quod
1127 2884 1194 2905 nos
1224 2885 1351 2907 omnes
1378 2882 1413 2908 et
1439 2875 1576 2921 singuli
1604 2878 1767 2923 magistri
1794 2885 1965 2924 regentes
1990 2878 2151 2912 Parisius
2178 2878 2215 2912 in
2242 2878 2393 2921 artibus,

535 2936 762 2970 attendentes
783 2942 818 2968 et
836 2936 1110 2970 considerantes
1131 2945 1289 2971 nostram
1310 2941 1512 2974 facultatem
1539 2943 1788 2989 multipliciter
1812 2957 1895 2978 esse
1915 2945 2064 2991 lapsam,
2089 2945 2231 2991 lapsum
2252 2946 2332 2990 ejus
2352 2957 2396 2978 ex

659 2995 698 3018 67.
