2618 3640
517 432 560 465 32
1118 438 1437 462 CHARTULARHJM
1472 437 1661 460 UNIVERS.
1699 436 1828 468 PARIS.

519 515 643 549 raliter
670 527 750 548 cum
778 514 1001 555 hominibus,
1032 514 1067 546 in
1090 519 1304 558 perpetuum
1333 511 1616 557 flagellabuntur
1643 522 1724 543 cum
1751 509 1992 550 demonibus3
2022 514 2058 541 et
2084 508 2146 554 qui
2174 520 2255 542 cum
2282 507 2399 542 homi-

519 582 628 616 nibus
650 594 722 615 non
742 581 919 621 laborant,
942 593 1023 614 cum
1045 579 1263 613 demonibus
1284 578 1512 612 laborabunt.

612 680 680 703 Bibl.
702 683 755 703 nat.
778 679 861 703 Paris.
883 687 931 702 ms.
953 679 998 702 lut.
1025 679 1110 706 14764,
1136 678 1180 701 fol.
1203 679 1238 705 6⁸,
1259 677 1305 700 ubi
1325 676 1517 708 superscriptio
1534 684 1539 698 ·.
1563 684 1574 698 (ι
1596 675 1708 699 Cnidum
1727 674 1773 706 qui
1793 682 1820 698 se
1840 674 1984 698 excusabat
2003 681 2018 697 a
2038 673 2117 697 scolis
2138 681 2165 703 »ς
2186 682 2235 698 ms.
2255 674 2301 697 lat.
2326 674 2397 703 2605,

518 725 563 749 sol.
581 725 615 748 7b.
632 739 662 741 —
677 724 772 756 Migne,
793 724 902 749 Patrol.
919 724 977 752 lat.¹
994 727 1055 747 tom.
1073 723 1169 751 CCVII,
1186 731 1227 754 ep.
1244 723 1267 750 9,
1283 730 1309 753 p.
1327 723 1364 744 24.

599 810 621 833 1.
634 809 709 833 Ovid.
726 809 807 833 Pone.
825 809 844 837 I,
862 811 884 836 5,
901 810 922 831 5.
936 809 997 831 -2,
1013 808 1085 835 Hor.‚
1102 807 1119 830 l.
1137 808 1156 835 Ι,
1173 815 1214 838 ep.
1232 807 1254 835 2,
1266 814 1317 828 non
1336 805 1442 829 omnino
1457 805 1490 828 ad
1506 805 1625 828 verbum.
1637 818 1668 821 —-
1679 805 1700 827 3.
1718 803 1794 827 Ovid.
1811 802 2060 828 Remea.161.-4.
2077 802 2167 826 Potius
2183 803 2290 831 Seneca,
2305 810 2347 834 ep.
2359 803 2397 826 82.

518 999 596 1036 27.
620 1009 722 1033 Petrus
742 1007 887 1033 Blesensis
903 1006 1017 1032 cuidam
1032 1006 1109 1031 socio
1124 1005 1225 1030 scribit
1243 1013 1283 1039 se,
1306 1004 1419 1029 deserto
1434 1004 1512 1039 juris
1532 1003 1624 1029 civilis
1643 1002 1748 1033 studio,
1765 1002 1924 1038 theologiae
1942 1002 2068 1029 Parisiis
2083 1011 2200 1039 operam
2219 1002 2307 1037 dare,·
2320 1002 2399 1039 jur-is

607 1056 697 1082 civilis
712 1056 838 1081 studium
855 1059 881 1081 et
897 1064 977 1080 usum
989 1058 1110 1090 propter
1125 1054 1265 1079 maximos
1281 1052 1483 1078 advocatorum
1499 1052 1609 1078 abusus
1625 1061 1680 1078 non
1696 1052 1842 1078 convenire
1858 1051 1979 1078 clericis.

1823 1155 1895 1181 Circa
1909 1162 1949 1181 an.
1966 1155 2039 1181 1160.

605 1246 759 1279 Domino
783 1258 850 1278 suo
872 1246 916 1279 G.
941 1252 977 1278 et
1000 1245 1193 1278 karissimo
1216 1245 1316 1278 socio
1339 1256 1405 1277 suo
1427 1245 1557 1277 Petrus
1586 1243 1775 1276 Blesensis
1797 1243 1963 1276 salutem.
1992 1244 2032 1276 ln
2053 1242 2241 1288 epistolari
2267 1243 2399 1277 saluta-

514 1314 612 1347 tione
632 1313 831 1346 ferventior
851 1313 1032 1346 extitisset
1052 1318 1175 1345 nostra
1197 1312 1357 1353 devotio,
1376 1311 1446 1344 nisi
1465 1311 1523 1344 vel
1545 1310 1666 1344 invida
1687 1310 1796 1343 michi
1817 1310 1981 1343 locorum
2004 1310 2172 1343 distantia
2192 1310 2250 1344 vel
2272 1310 2399 1344 raritas

514 1380 805 1413 intermeantium
835 1379 1042 1412 contrairet.
1074 1379 1237 1413 Vicarias
1267 1391 1357 1424 ergo
1388 1378 1625 1411 salutationes
1656 1389 1810 1423 presens
1841 1383 1877 1410 et
1900 1389 2085 1422 nunquam
2115 1377 2287 1410 intercisa
2313 1389 2399 1423 sup-

515 1447 610 1492 pleat
638 1447 779 1480 affectio
798 1459 805 1479 :
824 1458 979 1491 cumque
1009 1446 1127 1479 civilis
1149 1446 1338 1491 possessio
1364 1444 1591 1490 corporalem
1620 1444 1864 1477 assistentiam
1894 1456 1967 1477 non
1995 1443 2189 1486 mendicet,
2217 1455 2288 1485 me,
2314 1443 2401 1478 licet

515 1520 706 1555 remotum,
734 1513 1031 1558 propinquiorem
1063 1512 1218 1554 habetis,
1246 1519 1282 1545 et
1306 1512 1436 1545 fortius
1468 1511 1667 1557 possidetis
1696 1510 1902 1552 absentem3
1931 1522 1997 1544 nec
2023 1510 2259 1544 interstitium
2283 1510 2399 1544 locale

514 1592 755 1626 corporumve
790 1580 955 1621 remotio,
988 1579 1045 1613 vel
1076 1586 1279 1625 temporum
1315 1579 1543 1612 intercursus
1574 1577 1686 1611 robur
1720 1577 1929 1610 dilectionis
1960 1584 2119 1611 evacuat.
2156 1577 2263 1620 Quod
2293 1577 2324 1610 si
2353 1577 2399 1610 de

514 1647 709 1681 verborum
745 1646 1031 1692 obligationibus
1066 1647 1185 1692 legem
1221 1646 1371 1691 primam
1407 1645 1606 1687 attenditis,
1638 1644 1868 1678 intervallum
1903 1644 2014 1677 medii
2049 1644 2224 1689 temporis
2259 1643 2399 1690 obliga-

516 1714 650 1747 tionem
685 1726 756 1746 non
786 1714 903 1747 viciat.
934 1715 1066 1747 Vester
1099 1713 1278 1758 vobisque
1313 1712 1574 1746 devotissimus
1609 1724 1755 1757 operam
1790 1711 1977 1757 theologie
2011 1711 2174 1744 Parisius
2207 1711 2398 1757 indulgeo,

516 1781 762 1814 Bononiensis
783 1787 899 1813 castra
924 1780 1057 1813 milicie
1084 1780 1214 1813 crebro
1240 1780 1443 1825 suspirans,
1467 1791 1537 1824 quc
1557 1778 1794 1812 vehementer
1819 1778 1933 1811 cicius
1954 1785 1990 1811 et
2010 1785 2215 1824 premature
2237 1777 2397 1811 deserui.

516 1848 690 1893 Legimus
721 1854 838 1880 tamen
868 1847 912 1880 de
942 1859 1010 1879 usu
1033 1854 1068 1880 ct
1088 1848 1278 1880 usufructu
1309 1847 1442 1891 legato,
1470 1846 1569 1891 quod
1596 1846 1794 1879 fructuario
1819 1845 1927 1878 liceat
1952 1845 2192 1878 maturitatem
2216 1845 2397 1878 fructuum

517 1915 726 1960 prevenirej,
750 1914 916 1959 soletque
938 1926 980 1946 cx
1001 1914 1108 1947 olivis
1128 1914 1215 1947 citra
1235 1914 1450 1947 maturitatis
1473 1920 1634 1958 tempora
1655 1912 1805 1945 uberior
1825 1912 1897 1945 olei
1918 1912 2022 1958 copia
2038 1923 2217 1945 emanare.
2236 1912 2399 1945 Currens

517 1994 606 2027 ergo
634 1981 677 2014 ad
706 1981 840 2022 oleum,
870 1981 968 2025 quod
996 1981 1117 2013 Aaron
1145 1993 1226 2013 cum
1254 1980 1395 2026 laganis
1420 1980 1573 2025 jubetur
1598 1980 1743 2021 offerre,
1766 1979 1870 2025 leges
1897 1978 2011 2012 seculi
2038 1978 2155 2012 saluto
2176 1978 2220 2011 ad
2241 1985 2397 2024 tempus,

518 2060 583 2081 nec
605 2048 806 2093 peccatoris
830 2047 949 2080 oleum
972 2060 1028 2080 me
1049 2048 1266 2093 impinguet.
1289 2048 1361 2079 Lex
1382 2047 1477 2079 enim
1495 2047 1640 2079 Domini
1662 2046 1720 2079 lex
1740 2046 1978 2087 immaculata,
1998 2052 2217 2079 convertens
2237 2045 2396 2078 animas:

517 2127 647 2160 meque
682 2115 983 2160 prevaricatorem
1023 2114 1117 2159 legis
1157 2114 1278 2147 divine
1318 2114 1592 2154 constituerem,
1629 2114 1700 2146 nisi
1734 2125 1815 2146 cum
1851 2113 2179 2158 qualiquacumque
2213 2111 2399 2158 theologie

517 2182 657 2223 notitia,
684 2182 754 2214 nisi
780 2193 861 2214 cum
888 2180 1028 2226 pugillo
1055 2181 1173 2213 simile
1195 2180 1279 2213 thus
1300 2180 1482 2213 offerrem.
1510 2181 1583 2213 Lex
1604 2180 1773 2225 equidem
1798 2179 1974 2213 secularis
1995 2179 2157 2226 gloriosa
2178 2178 2399 2224 supellectili

516 2248 725 2289 verborum,
757 2248 951 2293 lepideque
982 2248 1157 2280 orationis
1188 2246 1389 2280 urbanitate
1416 2247 1611 2280 lasciviens
1638 2259 1694 2280 me
1719 2246 1955 2281 vehementer
1982 2246 2154 2280 allexerat
2180 2253 2216 2279 et
2241 2245 2400 2279 inebria-

516 2322 617 2349 verat
636 2322 792 2348 mentem
815 2327 942 2348 meam.
971 2315 1041 2347 Sed
1063 2314 1235 2347 abhorret
1255 2313 1430 2359 propheta
1451 2326 1599 2347 aureum
1622 2314 1771 2347 calicem
1794 2313 1994 2355 Babilonis,
2019 2313 2082 2346 ubi
2108 2313 2323 2358 designatus
2343 2318 2400 2346 est

517 2382 620 2427 lepor
655 2382 863 2426 eloquentie
898 2381 1072 2414 edificans
1102 2381 1145 2413 ad
1176 2380 1393 2426 gehennam.
1430 2380 1559 2413 Adhuc
1595 2387 1726 2422 tamen,
1759 2381 1842 2426 quia
1873 2380 2034 2413 nondum
2066 2380 2211 2413 dilatavi
2245 2390 2399 2425 gressus

518 2461 619 2481 meos
655 2449 691 2481 in
721 2448 803 2493 lege
834 2448 984 2489 domini,
1016 2447 1164 2480 lectioni
1194 2447 1342 2481 Codicis
1373 2454 1408 2480 et
1438 2447 1672 2492 Digestorum
1703 2447 1919 2493 plerumque
1949 2447 1993 2480 ad
2028 2446 2216 2488 solacium,
2251 2458 2324 2479 non
2354 2445 2399 2480 ad

518 2527 637 2556 usum,
670 2522 811 2559 tempus
840 2514 1038 2548 vacationis
1068 2514 1273 2559 impendo'.
1306 2515 1376 2547 Res
1408 2513 1512 2559 plena
1541 2514 1765 2547 discriminis
1792 2521 1849 2547 est
1877 2514 1914 2547 in
1944 2513 2102 2555 clericis,
2133 2524 2223 2546 usus
2251 2512 2396 2558 legum:

520 2588 631 2614 totum
650 2581 745 2613 enim
762 2581 944 2613 hominem
963 2581 1052 2614 adeo
1070 2581 1140 2613 sibi
1157 2581 1328 2622 vindicat,
1345 2587 1383 2613 ut
1399 2593 1480 2613 cum
1499 2581 1550 2613 rei
1572 2581 1758 2614 familiaris
1778 2580 2006 2626 providentia
2026 2580 2180 2621 fraudet,
2199 2578 2400 2624 suspendat

519 2660 537 2681 a
558 2647 822 2693 spiritualibus,
844 2660 862 2680 a
883 2647 1017 2680 divinis
1038 2647 1178 2680 avellat.
1202 2648 1288 2680 Ideo
1309 2649 1468 2681 Joannes
1494 2648 1757 2689 Crisostomus,
1786 2647 1880 2680 sicut
1899 2646 2075 2692 tripartita
2096 2646 2207 2679 refert
2232 2645 2397 2688 historia,

520 2714 606 2747 licet
631 2714 781 2746 scientia
807 2713 904 2747 civili
931 2720 966 2746 et
985 2714 1151 2746 facundia
1178 2714 1435 2758 preemineret‚
1463 2714 1581 2747 noluit
1607 2720 1726 2746 tamen
1751 2714 1796 2746 ad
1816 2713 2022 2746 instantiam
2044 2713 2241 2745 amicorum
2267 2724 2398 2757 gerere

521 2781 676 2814 officium
699 2780 874 2813 advocati.
897 2779 1147 2812 Periculosum
1170 2786 1225 2812 est
1240 2780 1287 2813 ita
1308 2779 1454 2825 legibus
1475 2779 1643 2812 humanis
1664 2791 1703 2813 se
1720 2779 1945 2824 impendere,
1968 2785 2008 2812 ut
2028 2790 2131 2812 mens
2147 2791 2213 2824 per
2233 2778 2397 2819 horulam

520 2860 539 2881 a
559 2847 681 2880 divine
702 2846 796 2891 legis
817 2846 1049 2879 meditatione
1066 2847 1220 2891 jejunet.
1238 2847 1351 2878 Nemo
1373 2845 1481 2878 simul
1503 2852 1624 2890 potest
1643 2845 1782 2890 precari
1803 2852 1840 2878 et
1859 2857 1974 2887 orare,
1998 2851 2122 2890 petere
2143 2852 2179 2878 et
2198 2844 2396 2890 postulare,

521 2925 691 2948 exercere
719 2912 856 2947 Christi
883 2913 1124 2946 ministerium
1153 2919 1189 2945 et
1215 2912 1371 2945 officium
1402 2912 1577 2953 advocati,
1605 2924 1662 2954 ne,
1689 2912 1773 2945 dum
1800 2912 1837 2944 in
1863 2918 2017 2957 utroque
2043 2912 2201 2953 festinat,
2229 2918 2397 2945 neutrum

521 2980 614 3013 bene
640 2986 798 3025 peragat.
826 2981 906 3012 Non
927 2979 1094 3012 inficior:
1113 2978 1249 3012 bonum
1271 2985 1327 3012 est
1346 2979 1440 3012 scire
1461 2978 1578 3024 leges,
1606 2978 1671 3011 sed
1696 2991 1770 3011 non
1795 2978 1839 3012 ad
1865 2985 2046 3024 questum,
2069 2990 2142 3012 non
2163 2979 2207 3012 ad
2232 2979 2396 3024 iniquum
