2618 3640
720 445 768 467 AB
802 445 1048 468 ALEXANnno
1083 445 1132 467 111
1168 445 1301 474 USQUE
1335 446 1384 467 An
1418 446 1560 468 ANNUM
1596 446 1686 468 mcc.
2105 439 2148 471 55

261 520 418 554 cendum
446 525 621 565 provocat
644 526 681 552 et
706 519 858 561 inducit,
886 531 951 553 eos
977 526 1082 565 grato
1107 519 1293 553 lenocinio
1321 519 1530 565 supplantat
1555 520 1701 565 penitus
1723 520 1937 561 etsedi1ci13
1966 521 2051 554 dum
2073 522 2147 554 illis

262 593 299 620 et
317 586 460 620 sciendi
484 586 728 620 insatiabilem
749 586 810 620 dat
828 587 1010 628 affectum,
1031 593 1068 620 et
1086 593 1206 620 tamen
1227 590 1411 632 nunquam
1434 599 1498 620 eos
1520 586 1672 620 scientie
1699 587 1846 620 adducit
1866 587 1910 620 ad
1932 588 2146 632 perfectum,

262 653 308 687 de
329 653 466 700 quibus
486 653 698 699 apostolus:
716 668 732 685 «
752 654 916 699 Semper,
937 653 1068 699 inquit,
1091 653 1277 687 discentes
1298 660 1332 686 et
1353 665 1537 698 nunquam
1559 653 1603 687 ad
1625 653 1812 687 scientiam
1836 654 1998 687 veritatis
2024 667 2148 700 perve-

263 721 422 754 nientes.
447 734 464 752 »
488 720 664 755 Veritatis
686 727 742 754 est
766 721 918 754 scientia
943 721 1058 754 Deum
1080 721 1187 762 scire,
1211 720 1353 754 sciendi
1378 720 1559 754 beneficio
1586 720 1687 754 illum
1710 720 1856 766 plenius
1882 728 1917 754 et
1937 722 2074 754 sentire
2081 748 2146 754 .....

262 788 408 822 Utinam
431 799 559 821 omnes
581 788 643 833 qui
663 788 916 833 mancipantur
935 787 1052 821 labori
1071 787 1248 821 litterario
1270 787 1322 820 sic
1343 787 1547 830 studerent,
1570 799 1613 821 eo
1630 787 1702 820 fine
1723 787 1945 833 multiplices
1967 788 2146 821 scolarum

259 854 454 900 angustias
483 854 722 896 sustinerent,
753 861 792 888 ut
823 854 964 888 scilicet
987 854 1118 888 oculus
1143 866 1269 888 eorum
1296 854 1450 888 interior
1475 855 1597 888 infuso
1628 854 1781 888 scientie
1811 854 1964 900 collyrio
1996 855 2148 888 munda-

259 910 376 963 retur,
399 927 436 955 et
454 921 499 955 ad
518 921 717 955 videndum
739 922 855 955 Deum
877 922 1080 967 promptior
1100 928 1135 955 et
1155 921 1354 955 defecatior
1374 922 1602 955 redderetur.
1620 921 1722 956 Vale.
1746 923 1818 955 Eos
1840 922 1902 967 qui
1923 929 2040 955 tecum
2063 929 2149 955 sunt

257 988 384 1022 socios
406 994 501 1030 tuos,
523 988 660 1021 amicos
681 1000 798 1030 meos,
817 988 897 1022 vice
918 1000 997 1022 mea
1017 988 1214 1034 plurimum
1235 988 1363 1022 saluta.

350 1077 483 1109 Philippi
501 1078 560 1103 abb.
581 1084 645 1109 opp.
660 1084 747 1107 omn.y
762 1086 803 1110 ep.
820 1078 844 1106 4,
863 1086 891 1110 p.
908 1078 946 1102 18.
961 1091 991 1096 —
1010 1078 1106 1110 Migne,
1122 1078 1140 1101 l.
1161 1086 1194 1106 c.,
1210 1086 1237 1110 p.
1254 1079 1292 1101 32.
1309 1091 1340 1096 —
1355 1078 1384 1102 In
1399 1086 1440 1110 ep.
1459 1079 1472 1102 7
1490 1078 1524 1101 ad
1539 1078 1686 1102 Johannem
1702 1078 1802 1102 directa
1817 1078 1881 1102 dicit
1896 1086 1902 1102 z
1920 1087 1932 1101 ⁴(
1948 1078 2041 1102 beatus
2057 1078 2146 1107 home,

260 1130 313 1146 non
337 1122 382 1154 qui
397 1122 558 1154 magistrum
579 1122 717 1146 Ansellum
732 1122 843 1151 audivit,
863 1131 916 1146 non
935 1122 979 1155 qui
999 1123 1155 1147 Laudunum
1170 1123 1212 1146 vel
1232 1122 1350 1146 Parisius
1366 1122 1514 1155 requisivit,
1530 1123 1576 1146 sed
1589 1123 1692 1151 beatus,
1708 1131 1786 1155 quem
1800 1126 1828 1147 tu
1844 1123 1982 1152 erudieris,
1998 1123 2108 1147 Domine
2124 1131 2146 1146 i).

355 1194 378 1218 1.
395 1194 434 1218 Ex
447 1193 548 1222 Persio,
559 1193 646 1225 prol„
662 1202 701 1218 vs,
718 1194 741 1218 1.

257 1315 338 1353 54.
371 1325 463 1351 Guido
491 1325 530 1351 de'
556 1325 705 1352 Bawches
728 1325 844 1352 cuidam
866 1325 959 1351 amico
983 1325 1135 1362 epistolam
1164 1326 1259 1360 mittit,
1288 1325 1318 1352 ῐη
1339 1334 1398 1362 qua
1420 1326 1563 1352 civitatem
1586 1326 1781 1352 Pan-islensem
1806 1326 1963 1360 describil‚'
1980 1326 2142 1362 adjungens

348 1374 468 1411 insuper
483 1374 512 1400 in
528 1373 626 1400 insula
638 1374 866 1411 philosophiam,
884 1373 1001 1401 decreta
1017 1378 1044 1400 et
1059 1374 1144 1410 leges,
1161 1378 1249 1410 atque
1261 1383 1377 1400 sacram
1389 1375 1530 1411 paginam
1546 1374 1584 1401 ab
1600 1375 1720 1410 antiquo
1735 1374 1857 1402 edoceri.

1533 1469 1686 1499 1175-7190.
1701 1468 1829 1503 [Parisiis
1829 1468 1855 1503 J.

348 1541 471 1576 Nobili
494 1542 720 1576 adolescenti
742 1549 777 1576 et
797 1542 834 1575 in
854 1549 991 1576 tantum
1012 1554 1080 1576 suo
1101 1543 1199 1588 quod
1219 1542 1323 1576 alteri
1344 1542 1415 1576 sibi
1434 1543 1478 1577 G.
1501 1543 1546 1576 de
1565 1542 1776 1584 Basochis‘,
1795 1543 1975 1577 nobilitati
1994 1532 2144 1589 generis

256 1609 484 1655 respondere
515 1608 681 1642 moribus
708 1609 915 1655 generosis.
942 1610 1146 1655 Preoptatis
1174 1610 1357 1643 visitando
1391 1622 1449 1643 me
1484 1610 1645 1655 scriptis,
1675 1622 1748 1643 non
1784 1610 1903 1643 solum
1938 1610 2141 1652 absentem,

251 1687 378 1710 verum
415 1675 528 1722 longo
568 1683 747 1710 remotum
784 1682 962 1710 terrarum
997 1677 1127 1722 spatio,
1166 1683 1353 1722 quantum,
1394 1677 1463 1710 etsi
1496 1677 1703 1722 disjunctus
1741 1689 1910 1722 corpore,
1947 1678 1998 1710 sis
2030 1677 2139 1711 michi

253 1743 473 1788 conjunctus
503 1743 624 1776 animo
654 1742 858 1777 declarasti.
882 1744 1112 1789 Quapropter
1139 1743 1184 1777 de
1214 1750 1308 1777 statu
1339 1755 1420 1777 meo
1448 1744 1594 1789 situque
1624 1744 1779 1778 civitatis
1809 1756 1879 1789 que
1907 1756 1963 1777 me
1994 1744 2139 1778 florenti

254 1808 367 1842 studii
388 1816 593 1843 remoratur
617 1821 740 1843 amore
764 1809 971 1844 rescribere
996 1809 1061 1843 tibi
1086 1809 1208 1844 libens
1233 1810 1383 1856 incipio,
1410 1817 1449 1843 ut
1478 1817 1513 1844 te
1538 1811 1642 1856 quasi
1664 1810 1806 1844 duabus
1827 1811 1871 1844 ad
1892 1823 1949 1844 me
1970 1811 2139 1844 manibus

251 1874 389 1909 traham
418 1881 454 1910 et
481 1875 660 1909 retraham
691 1875 735 1909 ab
765 1876 933 1922 amplexu
960 1877 1107 1922 negocii
1130 1876 1189 1910 vel
1215 1877 1285 1910 ocii
1311 1876 1502 1918 secularis,
1530 1878 1610 1922 ejus
1635 1877 1796 1922 appetitu
1823 1877 1885 1910 diu
1911 1877 2137 1922 nimiumque

250 1940 500 1988 languentem,
530 1954 638 1976 causa
666 1942 840 1977 videlicet
869 1955 926 1977 me
959 1943 1175 1977 consolandi
1206 1943 1390 1977 dolentem
1424 1950 1574 1989 propter
1600 1943 1800 1977 absentiam
1836 1950 1944 1986 tuam,
1975 1951 2010 1977 et
2039 1944 2138 1978 desi-

247 2007 351 2042 derio
370 2009 521 2043 videndi
541 2009 816 2044 celeberrimam
838 2010 1031 2044 civitatem.

336 2075 457 2110 Status
482 2076 605 2122 itaque
629 2089 734 2111 meus
759 2076 818 2110 hic
844 2083 911 2111 est.
940 2078 1026 2111 Sum
1053 2077 1201 2123 quidem
1227 2078 1390 2111 Parisius
1416 2085 1485 2111 tam
1512 2078 1645 2111 mentis
1666 2090 1771 2123 quam
1795 2078 1961 2124 corporis
1982 2079 2136 2112 sanitate

239 2142 439 2188 jocundus,
472 2143 503 2177 si
530 2144 665 2177 frueris
693 2144 819 2178 eadem
841 2144 1054 2190 jocundior,
1080 2145 1374 2190 jocundissimus
1405 2145 1436 2178 si
1467 2152 1501 2178 te
1529 2157 1602 2178 non
1633 2145 1764 2179 deesse
1794 2145 2023 2191 contigisset.
2048 2146 2132 2179 Sum

247 2208 395 2261 quidem
415 2210 591 2252 Parisius,
613 2210 651 2244 in
672 2210 763 2244 urbe
784 2211 913 2257 regali,
935 2223 1006 2257 que
1027 2223 1100 2244 non
1126 2211 1245 2245 solum
1271 2211 1444 2245 dulciflua
1470 2211 1686 2245 naturalium
1710 2212 1833 2245 dotum
1856 2212 1989 2245 retinet
2009 2212 2133 2246 oblec—

244 2276 380 2309 tatione
401 2283 606 2322 presentes,
629 2277 695 2311 sed
715 2278 822 2311 etiam
843 2285 1005 2312 remotos
1025 2278 1149 2319 allicit,
1172 2278 1300 2312 invitat
1318 2278 1503 2312 absentes.
1523 2279 1623 2312 Sicut
1643 2279 1739 2311 enim
1762 2278 1845 2312 luna
1866 2278 2130 2324 splendidioris

243 2341 385 2388 speculi
405 2343 592 2389 majestate
618 2343 803 2378 sidereum
825 2345 958 2390 sepelit
978 2344 1101 2390 jubar,
1122 2357 1196 2378 non
1221 2345 1326 2379 aliter
1346 2345 1436 2379 urbs
1462 2346 1597 2391 prefata
1623 2357 1735 2390 super
1759 2352 1899 2378 ceteras
1921 2345 2032 2379 urbes
2053 2345 2130 2379 dia-

242 2408 384 2443 demate
409 2409 511 2456 regie
538 2409 727 2456 dignitatis
753 2411 991 2457 imperiosum
1019 2418 1127 2458 caput
1150 2411 1293 2446 attollit.
1317 2412 1428 2446 Sedet
1451 2412 1489 2445 in
1509 2412 1650 2457 gremio
1678 2411 1783 2445 vallis
1809 2411 1998 2452 deliciose,
2021 2424 2125 2457 quam

241 2476 419 2510 montium
446 2483 598 2510 coronat
621 2476 792 2520 ambitus,
815 2489 908 2523 quos
936 2478 1050 2512 Ceres
1076 2485 1111 2512 et
1138 2477 1302 2512 Bacchus
1330 2478 1463 2512 studiis
1484 2478 1688 2512 ortantibus
1710 2484 1851 2511 ornant.
1876 2479 2010 2512 Secana
2032 2479 2127 2512 inter

239 2543 384 2589 agmina
409 2543 604 2578 fluviorum
632 2556 706 2578 non
733 2543 898 2586 humilis,
929 2544 1112 2590 superbus
1141 2545 1257 2586 alveo,
1289 2545 1491 2578 decurrens
1525 2544 1569 2578 ab
1604 2544 1767 2586 Oriente,
1798 2551 1918 2591 caput,
1946 2557 2023 2587 cor,
2051 2558 2126 2579 me-

240 2609 375 2644 dullam
402 2610 515 2644 totius
541 2610 645 2644 urbis
673 2610 818 2645 duobus
847 2611 1152 2657 circumplectens
1181 2611 1355 2654 brachiis,
1380 2611 1538 2645 insulam
1567 2612 1662 2645 facit.
1689 2611 1870 2645 Suburbia
1901 2612 1972 2646 duo
2001 2612 2124 2647 dextra

239 2676 393 2723 levaque
427 2677 679 2724 porriguntur,
711 2690 866 2724 quorum
901 2678 1024 2712 minus
1058 2678 1265 2725 precellens
1299 2678 1493 2712 invidiosis
1528 2678 1683 2712 urbibus
1718 2678 1891 2713 invidiam
1926 2680 2030 2725 parit.
2067 2680 2124 2713 Ab

238 2750 396 2790 utroque
423 2743 603 2779 suburbio
627 2745 701 2779 duo
726 2745 862 2791 lapidei
888 2752 1018 2791 pontes
1046 2745 1082 2779 in
1108 2745 1264 2780 insulam
1292 2746 1576 2792 protenduntur,
1597 2758 1752 2792 quorum
1774 2753 1928 2792 uterque
1949 2759 2082 2780 nomen
2104 2760 2121 2781 a

239 2822 304 2844 sua
325 2811 477 2846 sortitus
498 2818 553 2846 est
569 2812 780 2858 quantitate.
803 2813 975 2858 Magnum
993 2813 1089 2846 enim
1107 2824 1247 2855 eum...,
1269 2814 1374 2859 cujus
1390 2813 1501 2847 facies
1522 2813 1566 2846 ad
1581 2813 1801 2859 Aquilonem
1819 2820 1854 2847 et
1871 2826 1967 2847 mare
1984 2821 2120 2859 spectat

237 2876 283 2911 ad
301 2877 515 2924 Anglicum3
538 2879 747 2925 oppositum
767 2886 886 2913 autem
908 2879 975 2922 illi,
997 2880 1060 2925 qui
1087 2886 1184 2926 patet
1210 2880 1253 2913 ad
1280 2880 1454 2926 Ligerim,
1476 2881 1629 2914 Parvum
1655 2881 1804 2914 Pontem
1832 2880 2118 2926 appellaverunt.

236 2944 336 2979 Pons
365 2943 427 2978 ille
454 2945 516 2990 qui
543 2945 704 2991 Magnus
732 2946 879 2988 dicitur,
910 2946 1063 2989 densus,
1093 2946 1210 2989 dives,
1241 2958 1356 2989 emax,
1384 2947 1513 2989 fervet,
1547 2947 1718 2993 suspirat,
1755 2946 1914 2980 abundat
1948 2947 2117 2992 navigiis,

238 3010 386 3057 opibus,
417 3011 601 3046 mercibus
635 3012 839 3047 innumeris
868 3024 876 3046 ι
904 3013 1060 3060 navigiis
1087 3014 1215 3056 servet,
1247 3013 1381 3060 opibus
1415 3013 1587 3059 suspirat,
1616 3012 1774 3047 abundat
1803 3013 1997 3046 mercibus.
2028 3015 2118 3046 Ecce
