2580 3528
252 427 348 468 1257]
598 436 645 459 As
678 436 785 458 Anno
819 436 897 459 mcc
923 436 1054 465 USQUE
1089 436 1138 458 An
1173 436 1402 458 PHILIPPUM
1438 437 1478 459 ιν
1512 437 1600 459 REG.
1638 438 1772 460 rame.
2059 431 2124 462 365

249 510 293 544 ad
312 510 420 554 vitam
440 509 600 556 ingredi,
623 523 640 541 »
661 515 741 552 etc.,
763 516 800 543 et
819 509 856 542 in
878 509 1050 543 Proverb.
1076 521 1084 542 ε
1108 524 1124 541 «
1148 509 1281 543 Melius
1302 516 1358 543 est
1377 522 1510 543 nomen
1530 510 1665 544 bonum
1689 525 1721 551 n,
1741 517 1805 545 etc.
1825 513 1876 544 Ex
1897 524 1968 557 quo
1989 525 2121 546 nomen

249 573 456 608 obedientis
482 574 530 608 ita
559 574 695 608 bonum
726 580 794 613 est,
825 573 920 607 bene
953 574 1235 608 custodiendum
1270 581 1338 616 est,
1371 581 1407 608 et
1433 574 1464 608 si
1495 575 1577 620 quis
1606 575 1727 608 amisit
1755 575 1859 617 illud,
1889 575 1982 609 benc
2012 576 2122 610 debet

247 641 413 675 laborare
443 641 542 687 quod
571 641 764 686 reciperet.
794 640 918 686 Aliqui
951 647 1222 687 suggesserunt
1252 641 1401 675 domino
1433 653 1537 687 pape,
1575 642 1674 687 quod
1709 654 1805 675 eram
1841 642 1873 675 ei
1906 642 2055 675 rebellis
2085 650 2121 676 et

247 707 346 754 quod
371 719 491 741 essem
516 707 684 741 incentor
708 706 965 749 rebellionum,
987 707 1086 753 quod
1106 719 1290 753 nunquam
1311 708 1374 741 fui.
1402 709 1446 741 Et
1470 714 1588 741 tamen
1613 707 1682 741 hoc
1702 708 1859 742 credidit
1878 721 1981 754 papa,
2007 715 2040 742 et
2066 709 2119 742 illi

247 774 309 820 qui
329 780 600 820 suggesserunt
619 773 768 807 domino
791 785 895 819 pape,
918 785 1051 807 nomen
1071 773 1279 808 obedientis
1299 774 1409 807 michi
1430 774 1671 808 abstulerunt.
1700 776 1852 820 Propter
1877 775 1975 820 quod
1997 775 2119 808 studui

247 852 463 887 recuperare
496 840 588 874 illud
620 852 765 874 nomen.
798 840 1012 874 Nesciebam
1042 840 1146 874 aliam
1176 841 1283 881 viam,
1314 841 1386 875 nisi
1415 841 1514 886 quod
1543 842 1592 875 ivi
1621 842 1665 875 ad
1697 842 1883 875 dominum
1918 854 2043 887 papam
2077 842 2120 875 ad

246 907 493 941 excusandum
513 918 570 940 me
591 907 636 940 de
657 906 916 941 inobedientia.
940 907 996 940 Ad
1017 907 1115 952 quod
1135 915 1290 953 quatuor
1309 908 1378 941 feci
1402 919 1408 940 :
1432 908 1549 954 primo
1566 908 1639 941 dixi
1657 908 1754 954 quod
1776 920 1960 954 nunquam
1981 909 2117 942 fueram

245 973 408 1015 rebellis,
426 973 525 1019 quod
545 974 690 1007 scirem.
713 974 880 1007 Secundo
903 974 1041 1019 rogavi,
1063 981 1102 1007 ut
1122 975 1378 1008 ostenderetur
1398 974 1521 1016 michi,
1541 975 1572 1008 si
1593 975 1630 1008 in
1649 975 1772 1020 aliquo
1792 975 1942 1009 fuissem
1969 975 2120 1009 rebellis

245 1047 282 1074 et
306 1052 452 1087 agerem
473 1041 721 1086 penitentiam.
751 1040 976 1084 Quibusdam
998 1041 1206 1074 dicentibus
1226 1042 1324 1086 quod
1345 1053 1646 1091 non‘receperam
1668 1042 1811 1083 fratros,
1837 1042 1911 1076 dixi
1931 1043 2029 1088 quod
2050 1042 2118 1076 hoc

244 1107 312 1140 suit
339 1106 482 1141 salsum.
512 1108 624 1141 Immo
655 1114 844 1153 postquam
875 1108 1031 1153 separati
1059 1108 1228 1149 [suerunt]
1260 1108 1305 1141 ab
1335 1109 1593 1145 Universitate.
1626 1109 1677 1142 fui
1706 1121 1787 1142 cum
1820 1109 1911 1154 ipsis
1939 1109 1976 1142 in
2005 1109 2117 1143 scolis

245 1174 409 1219 magistri
428 1173 554 1208 Jacobi
574 1174 701 1207 decani
721 1174 961 1215 Turonensis,
984 1181 1020 1207 et
1038 1175 1191 1220 apposui
1212 1187 1293 1208 cum
1315 1175 1418 1220 ipsis.
1442 1176 1486 1208 Et
1505 1175 1551 1209 ita
1572 1187 1629 1209 me
1650 1176 1833 1217 excusavi,
1854 1176 1952 1221 quod
1973 1177 2118 1222 quidam

244 1240 449 1274 auditorum
478 1252 640 1274 meorum
666 1241 703 1273 in
729 1241 829 1274 curia
861 1240 963 1282 dixit,
991 1252 1031 1274 se
1057 1240 1191 1274 habere
1218 1253 1274 1274 me
1299 1248 1508 1275 excusatum
1535 1242 1572 1274 in
1597 1241 1741 1287 publica
1765 1242 1961 1276 audientia.
1989 1244 2118 1277 Postea

244 1307 409 1353 processi
438 1318 446 1340 :
476 1302 605 1341 volens
634 1318 691 1340 me
717 1307 912 1340 ostendere
940 1307 1172 1341 obedientem
1207 1320 1272 1353 per
1305 1309 1425 1341 omnia
1453 1309 1605 1357 promisi
1632 1321 1722 1355 pape
1750 1310 1848 1355 quod
1879 1309 1916 1342 in
1946 1310 2116 1344 omnibus

243 1373 463 1407 obedirem‘.
493 1373 662 1407 Secundo
687 1373 804 1407 voluit
827 1373 926 1419 quod
951 1385 1021 1419 ego
1047 1375 1222 1419 jurarem.
1247 1375 1324 1420 Ego
1354 1375 1442 1416 dixi,
1464 1374 1619 1420 simplex
1637 1375 1788 1409 verbum
1817 1382 1852 1409 et
1872 1377 2118 1421 juramentum

243 1452 317 1474 non
348 1439 470 1473 differt
499 1439 712 1488 christiano,
743 1446 778 1473 et
807 1440 929 1485 juravi
958 1440 1056 1485 quod
1084 1440 1240 1474 facerem
1272 1441 1478 1474 mandatum
1508 1454 1611 1487 pape.
1648 1443 1777 1475 Postea
1807 1450 2018 1488 preceptum
2050 1444 2118 1478 fuit

243 1506 364 1548 michi,
386 1506 485 1552 quod
509 1506 628 1552 aliqua
654 1507 809 1540 facerem
837 1506 874 1539 in
900 1507 1013 1548 curia,
1042 1513 1078 1540 et
1103 1507 1208 1540 seci¹.
1238 1509 1327 1540 Item
1348 1514 1558 1553 preceptum
1585 1508 1652 1541 fuit
1672 1508 1794 1550 michi,
1823 1510 1921 1554 quod
1949 1511 2115 1544 Bononie

195 1596 200 1601 ι
241 1573 337 1607 idem
361 1573 550 1614 facerem’,
572 1579 608 1606 et
627 1573 694 1606 suit
714 1573 924 1615 relaxatum,
945 1573 1030 1619 quia
1049 1573 1211 1620 linguam
1233 1573 1477 1620 ignorabam'.
1501 1575 1590 1608 Item
1612 1582 1822 1621 preceptum
1843 1576 1911 1609 suit
1935 1577 2056 1619 michi,
2079 1584 2118 1611 ut

242 1640 403 1674 Parisius
427 1639 523 1674 idem
547 1640 716 1674 facerem.
738 1639 794 1673 Ad
814 1639 883 1674 hoc
903 1640 1001 1682 veni,
1022 1647 1062 1674 ut
1081 1640 1197 1674 dicam
1218 1653 1289 1686 que
1310 1648 1480 1687 precepta
1499 1642 1648 1675 fuerunt
1667 1641 1776 1675 michi
1797 1649 1836 1676 ut
1859 1643 2031 1676 dicerem.
2060 1644 2117 1677 Illi

242 1707 304 1753 qui
329 1706 559 1740 abstulerunt
578 1706 687 1740 michi
708 1718 841 1740 nomen
863 1706 1083 1749 obedientis,
1105 1704 1390 1742 vulneraverunt
1410 1720 1479 1750 me,
1502 1715 1540 1742 ut
1560 1708 1682 1742 dicere
1702 1709 1840 1754 possim
1866 1709 1957 1743 illud
1979 1711 2081 1745 Cant.
2107 1723 2114 1744 :

243 1787 260 1806 α
295 1774 561 1807 Percusserunt
599 1785 668 1815 me,
703 1772 988 1807 vulneraverunt
1021 1785 1091 1815 me,
1128 1774 1290 1808 tulerunt
1323 1774 1471 1820 pallium
1508 1787 1640 1808 meum.
1678 1789 1694 1806 »
1733 1775 2028 1810 Vulneraverunt
2060 1789 2116 1811 me

242 1839 404 1886 quinque
427 1839 643 1874 vulneribus
661 1852 669 1873 :
692 1840 848 1886 primum
874 1840 1038 1886 disponit
1056 1841 1100 1874 ad
1122 1847 1273 1875 mortem
1295 1842 1474 1888 corporis,
1496 1842 1697 1876 secundum
1718 1842 1870 1888 impedit
1892 1844 2115 1877 curationem

241 1906 424 1952 ejusdem,
461 1907 605 1940 tertium
640 1907 805 1952 disponit
837 1907 881 1940 ad
916 1914 1067 1941 mortem
1103 1908 1238 1950 anime,
1275 1915 1442 1954 quartum
1477 1909 1629 1954 impedit
1666 1909 1889 1943 curationem
1930 1911 2115 1955 ejusdem,

241 1973 407 2020 quintum
435 1973 580 2019 repellit
609 1973 771 2007 medicos
799 1985 844 2007 ne
873 1974 1047 2008 accedant
1072 1975 1116 2009 ad
1143 1986 1200 2009 me
1227 1975 1440 2009 curandum.
1468 1976 1627 2009 Primum
1656 1976 1790 2010 vulnus
1818 1984 1875 2010 est
1901 1978 2114 2023 procuracio

241 2040 454 2086 privationis
474 2039 644 2074 beneficii
665 2052 737 2086 quo
758 2041 944 2086 provisum
965 2047 1042 2075 erat
1062 2041 1170 2075 michi
1190 2042 1227 2075 in
1243 2042 1315 2076 vite
1332 2043 1568 2083 necessariis;
1592 2043 1793 2076 secundum
1813 2050 1869 2077 est
1887 2045 2113 2089 procuracio,

241 2112 281 2140 ut
300 2105 474 2140 redderer
493 2106 669 2153 indignus
689 2106 770 2140 aliis
790 2106 980 2141 beneficiis
1001 2108 1230 2154 optinendis;
1254 2109 1400 2142 tertium
1421 2115 1478 2143 est
1497 2110 1723 2154 procuracio,
1747 2122 1792 2143 ne
1813 2110 2037 2156 predicarem
2054 2118 2116 2145 aut

241 2171 416 2218 legerem,
437 2178 562 2207 contra
588 2172 679 2206 illud
701 2184 709 2206 ε
737 2187 754 2205 ι(
777 2173 950 2219 Spiritum
971 2174 1084 2209 nolite
1105 2175 1320 2222 extinguere
1347 2189 1379 2218 »‚
1400 2182 1437 2209 et
1455 2176 1508 2210 sic
1529 2176 1566 2209 in
1587 2188 1644 2209 me
1669 2177 1901 2210 extinxerunt
1924 2178 2112 2223 spiritum;

240 2245 406 2284 quartum
432 2245 489 2273 est
512 2239 739 2285 procuracio,
761 2240 859 2285 quod
883 2252 902 2274 a
927 2252 1042 2287 regno
1065 2242 1215 2275 Francie
1235 2254 1436 2284 amoverer,
1459 2242 1557 2288 quod
1582 2242 1734 2288 impedit
1758 2243 1988 2277 curacionem
2015 2245 2111 2278 tertii

240 2305 418 2349 vulneris,
439 2305 523 2351 quia
542 2305 631 2340 alias
650 2305 796 2351 linguas
817 2306 971 2352 ignor03
994 2308 1159 2353 quintum
1181 2315 1238 2343 est
1257 2308 1472 2351 diffamacio,
1495 2321 1560 2354 per
1580 2321 1685 2354 quam
1705 2322 1724 2342 a
1745 2322 1801 2343 mc
1827 2309 2111 2355 repellebantur,

240 2372 302 2417 qui
327 2383 384 2405 me
410 2378 562 2418 possent
585 2383 725 2406 curare.
749 2372 785 2406 si
805 2372 872 2406 ista
893 2380 979 2407 sunt
997 2374 1174 2416 crudelia,
1190 2375 1364 2420 judicate.
1387 2375 1451 2409 Isti
1471 2375 1698 2409 crudeliores
1723 2376 1870 2410 suerunt
1894 2376 2110 2418 latronibus,

240 2438 301 2484 qui
329 2437 612 2473 vulneraverunt
638 2438 921 2473 descendentem
946 2451 965 2473 a
989 2440 1190 2475 Jerusalem
1215 2441 1253 2475 in
1276 2441 1436 2483 Jericho,
1463 2441 1546 2487 quia
1571 2441 1623 2475 illi
1649 2441 1867 2476 dimiserunt
1893 2454 1975 2476 eum
2003 2443 2113 2477 semi-

239 2504 374 2547 vivum,
409 2505 470 2539 isti
502 2516 558 2539 me
587 2505 745 2541 totaliter
776 2507 1048 2541 interfecerunt.
1080 2507 1213 2541 Melius
1244 2514 1344 2541 esset
1374 2507 1496 2550 michi,
1532 2508 1630 2554 quod
1665 2516 1926 2554 procurassent
1958 2517 2110 2544 mortem

240 2587 368 2617 meam,
395 2575 479 2621 quia
507 2582 592 2610 tunc
619 2588 692 2611 non
722 2590 889 2613 moverer
917 2578 961 2612 ad
989 2578 1186 2612 odiendum
1216 2577 1300 2612 illos
1328 2585 1364 2612 et
1389 2590 1508 2613 essem
1535 2579 1615 2613 sine
1641 2579 1759 2625 anime
1789 2579 1972 2626 periculo;
2001 2581 2110 2615 modo

238 2647 357 2676 autem
381 2641 515 2676 cotidie
536 2653 616 2676 sum
637 2643 674 2677 in
696 2644 860 2690 periculo
880 2645 1011 2679 anime.
1037 2645 1161 2691 Aliqui
1182 2644 1365 2687 dixerunt,
1386 2645 1484 2691 quod
1510 2646 1644 2688 omnia,
1665 2658 1735 2692 que
1761 2646 1920 2681 dixeram
1937 2647 1983 2681 de
2001 2659 2114 2694 pene-

238 2707 418 2742 trantibus
443 2708 587 2752 domos,
614 2721 822 2745 revocarem
847 2711 885 2746 in
909 2711 1020 2746 curia.
1044 2713 1143 2745 Bene
1163 2711 1233 2746 scit
1252 2724 1355 2758 papa,
1377 2712 1561 2758 quomodo
1581 2719 1638 2747 est
1657 2713 1702 2747 de
1723 2712 1803 2747 hoc.
1826 2714 2016 2760 Nunquam
2045 2714 2113 2748 suit

239 2773 348 2808 michi
379 2773 518 2821 aliquid
543 2777 752 2822 oppositum
785 2777 822 2812 in
851 2778 1006 2824 judicio,
1035 2790 1102 2812 nec
1130 2790 1287 2824 unquam
1314 2778 1382 2812 fuit
1406 2778 1515 2812 michi
1542 2779 1744 2825 injunctum
1773 2786 1812 2814 ut
1836 2780 1974 2826 aliquid
2008 2793 2114 2815 revo-

238 2851 371 2883 carem,
392 2841 477 2887 quia
502 2841 615 2877 nichil
635 2843 709 2878 dixi
729 2845 950 2879 contrarium
971 2844 1042 2879 hiis
1063 2857 1134 2891 que
1154 2845 1319 2879 dicturus
1339 2857 1433 2887 sum,
1455 2845 1538 2891 quia
1564 2858 1638 2880 non
1664 2846 1779 2880 dicam
1806 2847 2025 2889 revocando,
2046 2847 2111 2881 sed

239 2905 460 2950 obediendo,
482 2908 565 2954 quia
586 2909 694 2944 michi
715 2910 917 2957 injunctum
939 2918 1007 2946 est.

327 2973 470 3017 Quibus
495 2974 602 3010 dictis
627 2975 717 3023 legit
741 2977 837 3011 idem
858 2978 1033 3024 magister
1057 2977 1288 3013 Christianus
1310 2979 1455 3025 publice
1475 2991 1530 3021 ea,
1556 2991 1626 3025 que
1648 2979 1801 3014 inferius
1821 2980 2056 3014 continentur
2071 2979 2082 2997 ⁴
2106 2991 2113 3013 :
