2580 3528
491 401 555 433 514
1071 408 1389 431 ana'rULAamM
1424 407 1614 429 UN1VEns.
1651 406 1781 428 PARIS.
2263 397 2364 438 [1274

795 506 829 529 De
844 506 900 529 loco
915 509 940 529 et
955 509 1072 536 tempore
1089 504 1283 528 commestionis
1299 503 1419 535 portariiy
1436 511 1465 526 ac
1481 503 1512 526 dc
1527 502 1593 534 ejus,
1610 502 1632 525 si
1648 502 1810 534 corrigibilis
1826 505 1874 531 est,
1891 502 2060 526 correctione.

583 578 652 610 lsta
673 583 790 610 autem
812 576 921 609 debet
941 588 1085 620 semper
1105 575 1296 608 comedere
1318 574 1354 606 in
1376 580 1489 618 porta,
1513 585 1593 606 cum
1616 573 1706 606 socii
1726 573 1862 606 suerint
1881 573 1926 606 de
1945 585 2083 607 mensa.
2105 573 2224 607 Nichil
2243 581 2361 608 autem

493 643 602 676 debet
623 655 808 676 reservare
837 643 873 675 in
897 654 1035 675 camera
1061 654 1138 682 sua,
1165 641 1229 674 sed
1255 642 1454 685 fragmenta
1480 639 1636 672 reddere
1664 639 1702 672 in
1727 640 1911 673 communi
1931 639 2111 674 beneflcio
2131 640 2362 674 clericorum.

494 711 530 743 Si
549 716 666 743 autem
687 710 836 742 istorum
859 709 967 741 suerit
987 715 1250 752 transgressor,
1274 707 1372 752 prior
1397 707 1516 751 ipsum
1543 706 1715 751 corrigat.
1744 706 1780 739 Si
1805 713 1924 740 autem
1950 707 2160 740 testimonio
2179 707 2364 741 sociorum

492 776 549 810 vel
570 776 716 820 majoris
738 776 848 820 partis
870 774 1131 819 incorrigibilis
1153 774 1370 813 inveniatur,
1392 773 1492 818 prior
1513 773 1632 818 ipsum
1655 772 1770 806 libere
1792 773 1909 818 possit
1929 773 2125 819 expellere.

583 843 669 886 Ejus
691 842 856 875 salarium
880 841 926 884 xij
950 840 1095 873 solidi⁹.

1233 884 1346 915 Explicit
1360 892 1423 915 pars
1440 884 1520 907 rotuli
1535 884 1621 907 tertia.

586 966 651 988 Bibl.
669 969 720 988 nat.
732 965 826 993 Paris.y
843 974 891 988 ms.
908 965 953 988 lat.
966 965 1041 988 16574
1053 964 1163 995 (primae
1178 964 1262 995 partis
1278 972 1346 987 saec.
1362 964 1426 991 XIV,
1440 964 1549 995 reliquis
1565 964 1697 995 posterius
1713 965 1864 996 adjunctis),
1880 965 1984 989 Statum
1993 969 2020 989 et
2029 965 2215 997 Necrologium
2229 965 2367 990 Sor-bonae

490 1010 632 1036 continens,
657 1010 699 1032 sol.
722 1010 773 1032 ‘1-5.
796 1009 983 1040 Apographum
1007 1010 1170 1032 Statutoruin
1190 1008 1267 1039 hujus
1288 1009 1344 1031 cod.
1367 1008 1430 1031 ibid.
1452 1016 1502 1031 ms.
1523 1009 1569 1031 lat.
1590 1009 1660 1037 9961,
1682 1018 1708 1040 p.
1730 1010 1799 1032 1-12.
1815 1023 1846 1026 —
1861 1009 1929 1033 Bibl.
1951 1013 2004 1033 nat.
2026 1010 2121 1039 Paris„
2142 1018 2191 1034 ms,
2211 1011 2257 1035 lat.
2278 1011 2365 1040 10983,

490 1055 566 1085 (saec,
595 1054 717 1081 Xtv-xv,
740 1054 783 1077 fol.
805 1055 827 1081 9,
849 1054 991 1076 secundam
1017 1056 1042 1076 et
1064 1053 1167 1076 tertiam
1190 1056 1291 1075 tantum
1317 1056 1421 1084 partem
1442 1053 1607 1076 statutorum
1632 1062 1677 1077 seu
1702 1054 1782 1077 rotuli
1809 1062 1868 1077 cum
1892 1054 2006 1078 rubricis
2030 1054 2175 1078 continent.
2201 1055 2252 1078 Pro
2277 1055 2365 1087 prima

490 1102 564 1130 parte
586 1098 756 1121 exscribenda
778 1098 803 1120 in
824 1098 955 1129 principio
972 1097 1109 1120 duodecim
1126 1098 1240 1128 paginae
1256 1106 1354 1120 vacuae
1370 1101 1431 1121 sunt
1446 1098 1561 1122 relictae.
1579 1099 1747 1127 mmm-aeus,
1764 1099 1909 1124 Sorbonae
1922 1099 2057 1130 Origines,
2073 1099 2149 1128 ibid.‚
2166 1108 2215 1123 ms.
2230 1100 2276 1123 lut.
2293 1100 2365 1129 5493.

491 1144 533 1166 fol.
559 1143 673 1165 228-231.
698 1142 763 1165 Ibid.
787 1151 835 1165 ms.
858 1142 903 1165 lat,
927 1143 997 1170 9943,
1021 1142 1134 1165 Richerii
1154 1142 1226 1167 Hist.
1247 1142 1340 1166 Par-Is.
1362 1143 1533 1167 Academiae
1553 1143 1688 1166 continens
1712 1145 1783 1173 (tom.
1807 1144 1827 1174 I)
1850 1144 1894 1168 fol.
1917 1145 1972 1167 1126.
1996 1144 2072 1167 Haud
2094 1144 2173 1167 dubie
2192 1144 2280 1176 prima
2300 1152 2364 1176 pars

490 1187 652 1210 Statuturum
667 1187 808 1210 Robertum
824 1187 855 1209 dc
871 1186 989 1209 Sor-bona
1004 1189 1138 1209 auctorem
1157 1186 1244 1214 habet,
1261 1187 1331 1217 quod
1347 1190 1434 1210 tamen
1449 1187 1480 1210 de
1496 1188 1611 1211 secunda
1627 1191 1651 1211 et
1666 1188 1743 1211 tertia
1758 1191 1834 1219 parte
1849 1196 1897 1220 pro
1913 1191 1984 1211 certo
1999 1188 2129 1212 affirmari
2145 1188 2244 1220 nequit.
2260 1189 2290 1212 lu
2305 1188 2364 1212 istis

489 1231 590 1254 duabus
606 1231 726 1262 partibus
742 1239 875 1262 nunquam
892 1230 989 1254 dicitur
1002 1234 1030 1254 ut
1043 1230 1068 1253 in
1084 1230 1171 1262 prima
1185 1234 1260 1262 parte
1274 1240 1305 1254 cx
1319 1239 1433 1262 persona
1448 1231 1573 1255 Roberti:
1592 1241 1603 1255 «
1615 1233 1674 1255 volo
1686 1240 1708 1261 »,
1726 1233 1868 1265 «precipio
1881 1241 1902 1261 ι),
1921 1241 1932 1256 (ι
1948 1236 2035 1256 statuo
2051 1241 2073 1262 »,
2090 1241 2102 1256 t<
2117 1241 2260 1264 premoneo
2271 1241 2294 1262 1),
2304 1237 2364 1264 etc„

489 1276 534 1299 sed
550 1284 653 1307 semper
669 1275 694 1298 in
710 1275 807 1307 plurali
820 1283 825 1298 ⁴.
838 1284 849 1298 «
861 1275 1014 1298 ordinamus
1027 1284 1048 1303 1),
1061 1275 1128 1298 sicut
1142 1279 1167 1298 et
1183 1284 1194 1298 «
1207 1275 1371 1307 prediximus
1385 1284 1406 1299 n.
1424 1277 1516 1300 Modus
1532 1277 1636 1300 dicendi
1651 1277 1761 1309 insuper
1775 1277 1801 1300 in
1818 1277 1876 1301 istis
1889 1277 2012 1309 partibus
2027 1286 2079 1301 non
2094 1278 2200 1301 omnino
2213 1279 2362 1302 coneordat.

488 1321 517 1343 In
537 1320 622 1351 primo
642 1323 778 1351 praeterea
798 1328 878 1351 supra
898 1320 978 1343 allato
998 1320 1085 1343 codice
1105 1320 1194 1343 statim
1214 1323 1275 1351 post
1293 1320 1472 1344 ordinationes
1488 1321 1595 1345 Roberti
1614 1330 1659 1345 seu
1676 1322 1791 1353 primam
1809 1325 1914 1354 partem
1933 1322 2052 1354 sequitur
2068 1322 2201 1346 Statutum
2216 1323 2364 1354 anni1293,

489 1365 585 1388 mensis
596 1365 667 1388 Junii
680 1364 734 1396 (fol.
749 1365 829 1394 Zb-3),
842 1365 910 1396 quod
924 1365 968 1388 fol.
981 1364 1020 1393 3¹’‚
1033 1365 1118 1396 spatio
1129 1365 1219 1388 relicto
1231 1365 1256 1388 in
1268 1366 1312 1388 soli
1325 1366 1348 1394 3,
1362 1365 1495 1397 excipiunt
1509 1369 1612 1390 caetera
1621 1375 1703 1398 supra
1717 1367 1787 1390 edita
1800 1367 1904 1390 Stututa
1916 1367 1951 1397 (id
1965 1370 2013 1396 est,
2025 1367 2140 1391 secunda
2153 1370 2178 1391 et
2190 1367 2269 1391 tertia
2280 1368 2363 1400 pan).

490 1418 556 1440 quae
578 1413 718 1441 propterea
737 1409 919 1440 probabiliter,
941 1409 1060 1440 quumvis
1079 1418 1173 1440 parum
1194 1412 1271 1437 certe,
1288 1413 1349 1441 post
1363 1418 1405 1433 an.
1422 1411 1483 1434 1293
1498 1419 1544 1434 seu
1559 1411 1608 1434 hoc
1623 1411 1682 1443 ipso
1697 1419 1764 1434 anno
1780 1415 1842 1435 sunt
1856 1411 2011 1443 composita.
2032 1412 2084 1435 Nos
2104 1415 2192 1435 tamen
2212 1411 2254 1435 hic
2273 1420 2363 1436 omnes

488 1457 540 1476 tres
562 1457 650 1485 partes
675 1462 727 1476 una
750 1454 941 1485 conjunximus,
967 1462 1026 1477 cum
1052 1454 1156 1477 statuta
1175 1457 1267 1485 postea
1292 1454 1340 1477 huc
1365 1456 1450 1478 forma
1470 1455 1567 1479 suerint
1591 1455 1736 1487 divulgata.
1763 1455 1863 1479 Divisio
1888 1456 1915 1479 in
1939 1459 1992 1480 tres
2012 1459 2102 1488 partes
2117 1456 2258 1488 desumpta
2277 1459 2317 1480 est
2334 1465 2366 1480 ex

488 1506 536 1521 ms.
566 1499 647 1523 10983.
673 1501 698 1521 et
720 1498 799 1521 habet
820 1498 845 1521 in
868 1498 933 1530 ipsis
955 1498 1064 1522 Statutis
1087 1499 1294 1522 fundamentum.
1323 1499 1411 1522 Prima
1434 1508 1498 1531 pars
1520 1500 1684 1524 Statutorum
1706 1501 1854 1532 composita
1875 1504 1916 1524 est
1936 1509 1952 1524 a
1973 1501 2087 1525 Roberto
2111 1501 2143 1524 de
2164 1501 2284 1525 Son-bona
2305 1504 2366 1525 unte

489 1543 518 1565 15
533 1543 643 1573 Augusti
659 1550 700 1565 an.
718 1543 787 1571 1274,
803 1542 820 1566 i.
837 1551 858 1566 e.
875 1543 944 1566 diem
959 1546 984 1566 ct
999 1551 1096 1566 annum
1110 1543 1166 1574 ejus
1182 1544 1283 1566 mortis.
1300 1543 1364 1567 Vide
1379 1552 1461 1576 supra
1476 1548 1505 1567 n⁰
1519 1545 1574 1573 431,
1590 1553 1615 1568 n.
1633 1545 1655 1568 1.

582 1622 603 1645 1.
623 1622 715 1645 Minuti
729 1626 811 1650 erant,
828 1623 923 1654 quibus
938 1631 1003 1646 vena
1019 1623 1183 1646 incidebatur
1198 1623 1231 1646 ud
1247 1623 1403 1655 sauguinem
1419 1624 1618 1648 detrahendum.
1640 1625 1669 1648 In
1690 1625 1858 1649 monasteriis
1879 1629 1948 1649 stuta
1967 1628 2042 1649 erant
2061 1625 2215 1648 minutionis
2234 1628 2364 1657 tempora.

489 1666 528 1690 Cf.
543 1667 820 1698 Ducange-uenschel,
837 1668 878 1695 lv,
894 1668 939 1690 423
957 1676 996 1699 sq.
1012 1681 1043 1684 ——
1058 1668 1080 1690 2.
1100 1668 1224 1699 Sequitur
1240 1668 1281 1691 hic
1298 1668 1324 1691 in
1340 1677 1403 1692 mss.
1422 1669 1499 1693 16574
1513 1673 1539 1693 et
1552 1670 1612 1693 9961
1629 1670 1763 1693 Statutum
1777 1670 1841 1693 anni
1857 1670 1918 1693 1293
1934 1678 2016 1701 supra
2031 1673 2214 1693 memoratum.
2229 1683 2262 1688 --
2275 1671 2298 1693 3.
2317 1669 2365 1694 Hic

490 1711 593 1734 initium
613 1712 693 1734 sumit
708 1712 821 1734 secunda
838 1720 900 1743 pars
916 1715 941 1735 et
956 1720 1004 1735 ms.
1022 1713 1106 1741 10983,
1122 1721 1153 1735 ex
1167 1721 1218 1744 quo
1233 1713 1355 1737 rubricae
1370 1714 1525 1745 desumptae
1540 1718 1609 1738 sunt.
1627 1715 1655 1738 In
1672 1723 1720 1738 ms.
1737 1715 1817 1738 etium
1834 1715 1910 1739 16574
1928 1714 1955 1738 in
1971 1715 2091 1746 margine
2106 1714 2199 1738 subtili
2213 1714 2365 1739 charactere

489 1755 604 1787 adjectae
631 1759 692 1779 sunt
715 1759 791 1779 notae
815 1765 860 1779 seu
884 1756 1013 1785 rubricae,
1040 1765 1106 1788 quae
1129 1760 1217 1780 tumen
1237 1766 1306 1781 nunc
1326 1758 1369 1781 vix
1387 1758 1441 1790 legi
1459 1762 1581 1790 possunt.
1597 1773 1628 1776 —
1642 1760 1666 1783 4.
1684 1759 1731 1783 Ms.
1754 1760 1830 1783 10983
1850 1759 1928 1783 affert
1950 1759 2014 1783 haec
2034 1761 2122 1783 festa:
2144 1758 2215 1783 beati
2237 1758 2365 1791 Dyonisii,

490 1800 604 1823 Thomae
624 1800 746 1831 apostoli,
768 1800 991 1828 Annuncintionis,
1017 1804 1042 1824 et
1065 1802 1248 1832 apostolorum
1271 1802 1341 1826 Petri
1372 1806 1398 1826 et
1424 1803 1508 1827 Pauli.
1534 1817 1565 1820 —-
1588 1806 1610 1827 5.
1636 1804 1665 1827 In
1691 1812 1740 1827 ms.
1766 1804 1843 1827 16574
1866 1803 2025 1835 relinquitur
2048 1804 2155 1835 aliquod
2185 1803 2310 1835 spatium.
2333 1816 2366 1821 —

488 1845 511 1867 6.
531 1844 577 1867 Ms.
600 1845 675 1867 10983
691 1853 696 1867 z
720 1853 731 1867 α
752 1845 777 1867 in
799 1854 820 1868 1).
836 1859 867 1862 —
882 1846 904 1868 7.
923 1846 970 1868 Ms.
988 1846 1063 1869 16574
1079 1846 1120 1868 hic
1135 1846 1261 1877 paginam
1277 1847 1415 1870 dimidiam
1430 1856 1542 1871 vacuam
1555 1848 1689 1880 relinquit.
1707 1849 1866 1872 Hemeraeus
1883 1849 2017 1872 Statutum
2039 1857 2051 1871 «
2069 1848 2102 1871 de
2121 1847 2218 1871 minori
2236 1855 2366 1879 procura-

489 1888 558 1912 tione
573 1897 584 1911 »
601 1889 701 1917 inserit,
717 1890 786 1920 quod
802 1889 827 1912 in
844 1898 891 1912 ms.
910 1890 985 1913 16574
1002 1890 1046 1913 fol.
1063 1891 1076 1913 7
1091 1894 1152 1921 post
1167 1891 1254 1914 omnia
1270 1892 1374 1915 Statuta
1388 1892 1474 1915 locum
1490 1895 1560 1916 tenet
1574 1896 1600 1916 et
1614 1896 1683 1916 certe
1697 1893 1831 1925 posterius
1847 1895 1896 1916 est.
1913 1893 1961 1916 ΜΕ.
1975 1900 2038 1916 vero
2053 1893 2130 1916 10983
2145 1892 2222 1916 affert
2236 1892 2365 1924 quosdam

490 1933 681 1964 paragraphosy
698 1933 742 1964 qui
761 1942 791 1956 ex
811 1934 913 1957 statuto
933 1942 974 1957 an.
996 1934 1057 1957 1293
1072 1935 1170 1958 mensis
1185 1935 1257 1958 ,Iunii
1273 1936 1370 1959 codicis
1387 1936 1462 1960 16574
1483 1937 1526 1960 fol.
1544 1937 1575 1960 21,
1594 1937 1727 1968 desumpti
1748 1940 1817 1966 sunt,
1838 1937 1984 1968 adjungens
2004 1937 2058 1960 iltis
2079 1937 2212 1968 quoddam
2231 1936 2364 1960 statutum

490 1985 531 2000 an.
549 1978 617 2006 1297,
633 1978 674 2000 cui
690 1978 806 2001 succedit
819 1978 890 2001 aliud
906 1978 937 2001 de
952 1978 1047 2002 minori
1063 1979 1248 2010 procuratione
1264 1980 1297 2003 ub
1314 1981 1455 2004 Hemeraeo
1469 1981 1639 2013 exscriptum.
1653 1995 1685 2000 —
1699 1983 1722 2005 8.
1741 1982 1789 2005 Ms.
1806 1982 1881 2005 16574
1897 1981 1974 2005 offert
1987 1981 2122 2005 rubricam
2137 1989 2143 2004 :
2161 1990 2172 2004 1(
2187 1981 2224 2005 De
2240 1980 2364 2012 janitoris

490 2022 584 2045 officiis
601 2031 621 2045 ».
638 2036 668 2039 —
682 2024 704 2046 9.
722 2023 768 2045 Ms.
787 2023 862 2045 10983
877 2026 902 2046 et
917 2024 1075 2046 Hemeraeus
1091 2024 1139 2046 hoc
1155 2024 1293 2053 omittunt;
1310 2033 1359 2049 ms.
1376 2026 1452 2049 10983
1466 2029 1553 2049 tamen
1568 2026 1645 2050 affert
1658 2026 1733 2058 prius
1749 2029 1809 2050 ante
1823 2026 1929 2050 tertiam
1944 2029 2056 2058 partem,
2077 2029 2103 2050 et
2121 2026 2185 2049 dicit
2203 2026 2246 2049 hic
2266 2034 2278 2049 <1
2294 2025 2364 2057 quod

491 2067 536 2089 fiat
552 2066 576 2089 in
593 2067 695 2090 nomine
711 2067 795 2090 Patris
811 2070 836 2090 et
851 2067 909 2090 Filii
924 2071 949 2090 et
965 2067 1080 2099 Spiritus
1095 2068 1193 2097 Sancti,
1209 2077 1285 2092 amen
1301 2077 1323 2093 1),

490 2241 602 2278 449.
627 2251 767 2286 Epistola,
786 2261 843 2286 qua
862 2253 1012 2286 Gregorius
1028 2254 1057 2278 X
1066 2262 1136 2278 suns
1162 2253 1190 2279 in
1209 2253 1332 2279 Concilio
1356 2254 1540 2289 Lugdunensi
1559 2257 1591 2280 II
1605 2255 1806 2291 promulgatas
1829 2256 2050 2282 Constitutiones
2075 2256 2259 2282 Universilati
2276 2256 2363 2282 Pari-

580 2300 669 2325 siensi
685 2300 861 2326 transmittit.

1675 2341 1752 2371 1274,
1768 2341 1912 2368 Novembris
1928 2342 1947 2372 1,
1963 2342 2078 2374 Lugduni.

582 2410 784 2455 Gregorius
811 2411 1006 2457 episcopus
1034 2424 1163 2446 servus
1191 2425 1379 2447 servorum
1408 2415 1473 2448 Dei
1502 2415 1646 2449 dilectis
1673 2415 1758 2449 filiis
1786 2416 2013 2450 universitati
2041 2416 2297 2461 magistrorum
2328 2421 2364 2448 et

494 2475 684 2508 scolarium
716 2477 973 2510 Parisiensium
1005 2479 1156 2512 salutem
1188 2487 1223 2513 et
1255 2481 1489 2526 apostolicam
1521 2482 1827 2516 benedictionem.
1859 2484 1951 2518 Cum
1981 2494 2098 2529 nuper
2128 2483 2164 2515 in
2197 2481 2363 2528 generali

492 2542 655 2574 Concilio
691 2543 927 2587 Lugdunensi
962 2551 996 2577 et
1030 2552 1111 2589 post
1144 2547 1317 2590 quasdam
1351 2549 1631 2582 constitutiones
1661 2561 1772 2595 super
1806 2550 1915 2583 certis
1949 2549 2112 2583 articulis
2147 2548 2360 2582 duxerimus

494 2608 786 2652 promulgandas,
808 2610 1033 2643 universitati
1055 2619 1174 2645 vestre
1195 2625 1259 2658 per
1284 2615 1483 2659 apostolica
1509 2616 1642 2661 scripta
1663 2616 1874 2649 mandamus
1896 2616 2067 2661 quatinus
2088 2615 2155 2657 eis,
2181 2626 2270 2659 quas
2291 2613 2360 2647 sub

494 2672 591 2705 bulla
616 2680 737 2706 nostra
762 2674 865 2707 vobis
892 2678 1179 2720 transmittimus,
1210 2680 1260 2712 uti
1286 2680 1407 2714 velitis
1434 2682 1563 2715 amodo
1593 2689 1661 2715 tam
1691 2683 1727 2715 in
1748 2683 1900 2727 judiciis
1928 2694 2033 2728 quam
2062 2682 2099 2714 in
2125 2680 2236 2714 scolis
2264 2681 2362 2726 ipsas

494 2739 562 2772 sub
583 2740 659 2772 suis
681 2740 807 2782 titulis,
833 2749 939 2785 prout
963 2754 1073 2787 super
1097 2745 1150 2778 eis
1175 2747 1400 2791 exprimitur,
1427 2748 1540 2781 inseri
1566 2749 1752 2782 facientes.
1780 2750 1881 2782 Dat.¹
1910 2748 2080 2795 Lugduni
2106 2747 2174 2781 kal.
2204 2748 2360 2780 Novem-

495 2806 572 2838 bris
594 2806 821 2851 pontificatus
843 2809 958 2840 nostri
978 2821 1071 2842 anno
1093 2812 1210 2844 tertio.

588 2899 705 2931 Epistola
720 2900 837 2930 praefixa
856 2900 1091 2925 Constitutionihus
1107 2902 1141 2934 (in
1157 2905 1184 2926 31
1201 2905 1287 2936 cupita
1303 2906 1406 2938 divisis)
1421 2908 1541 2939 Gregorii
1557 2910 1586 2938 X,
1603 2910 1629 2933 in
1645 2910 1712 2934 Bibl.
1731 2913 1783 2933 nat.
1801 2909 1895 2938 Puris„
1912 2917 1961 2932 ms.
1977 2909 2023 2932 lat.
2041 2909 2126 2936 15407,
2143 2908 2187 2931 fol.
2208 2908 2271 2935 234;
2292 2906 2361 2930 Bibl.

494 2944 609 2975 Capituli
633 2944 738 2967 Posonii
758 2952 806 2967 ms.
828 2944 866 2972 13,
888 2945 932 2968 sol.
953 2946 1015 2974 263;
1039 2946 1106 2970 Bibl.
1127 2948 1256 2978 Ambitur,
1278 2954 1306 2972 n⁰
1325 2952 1379 2980 359,
1402 2953 1445 2976 sol.
1465 2954 1519 2976 346.
1541 2954 1569 2976 111
1589 2954 1658 2979 Bibl.
1675 2954 1822 2978 Turonensi
1844 2962 1892 2977 ms.
1914 2954 1958 2977 571
1978 2952 2076 2984 legitur
2095 2960 2101 2976 :
2125 2961 2138 2976 ⁴(
2203 2951 2319 2975 Bononie
2337 2953 2364 2974 et

619 3003 656 3031 65.
