2580 3528
431 366 477 404 96
1019 380 1340 403 anR'rULAniuM
1374 379 1566 403 UNtvsnS.
1603 361 1755 403 Panlss
2215 370 2315 412 [1220

434 454 564 488 tandos
584 467 649 500 per
674 454 872 500 apostolica
894 455 1027 500 scripta
1048 454 1285 500 precipiendo
1313 454 1539 496 mandantes,
1564 455 1735 500 quatinus
1761 455 1863 501 ipsos
1888 461 2056 500 tanquam
2077 466 2163 488 vere
2186 454 2314 488 fideles

430 526 470 555 'et
495 522 692 567 religiosos
720 520 757 554 in
777 521 910 555 vestris
938 521 1150 555 diocesibns
1173 521 1368 555 admittatis
1394 521 1571 555 habentes
1597 522 1746 555 eosdem
1769 533 1834 567 pro
1861 522 1982 556 divina
2003 528 2039 555 et
2062 528 2187 555 nostra
2212 533 2315 555 reve-

434 589 549 622 rentia
571 589 793 634 propensius
809 589 1095 622 commendatos.
1115 589 1193 622 Dat.
1204 587 1360 622 Viterbii
1377 588 1428 633 iiij
1446 587 1515 621 kal.
1533 588 1644 629 Junii,
1658 588 1890 634 pontificatus
1906 588 2024 622 nostri
2040 600 2135 622 anno
2153 591 2313 634 quarto³.

526 687 722 712 Firmamenta
738 687 829 712 trium
843 688 914 715 ord..
931 689 1007 718 parte
1022 687 1044 714 2,
1058 689 1092 709 tr.
1105 686 1127 714 1,
1140 686 1184 709 sol.
1202 686 1231 709 X.
1242 686 1423 717 ——Wadding.
1435 687 1512 711 Ann-
1527 686 1599 711 Min.
1614 686 1647 710 nd
1663 694 1705 710 an.
1723 687 1792 714 1220,
1803 690 1833 709 11⁰
1843 687 1882 715 59,
1894 686 1958 710 citat
1972 686 2102 718 originale
2117 686 2180 710 olim
2195 686 2222 710 in
2237 686 2314 710 Arch.

433 732 564 763 Minorum
583 732 692 755 Parisiis
715 735 899 755 conservatum
919 731 1055 755 continens
1075 731 1177 755 litteras
1198 731 1399 762 archiepiscopo
1420 731 1565 754 Senonensi
1585 734 1611 754 et
1629 731 1755 762 episeopo
1775 731 1919 755 Parisiensi
1939 731 2067 763 scriptas;
2092 735 2122 754 n‘²
2143 732 2173 755 58
2192 731 2246 754 edit
2266 731 2316 754 sub

433 772 524 800 eadem
540 775 668 808 temporis
684 779 746 800 nota
761 779 787 800 et
801 776 919 808 ejusdem
934 775 1033 799 tenoris
1049 776 1151 799 litteras
1167 775 1281 798 directas
1297 775 1330 798 ad
1346 771 1570 807 archiepiscopos,
1587 775 1736 807 episcopos,
1748 779 1808 804 etc.,
1819 783 1868 807 per
1882 783 1994 807 regnum
2008 775 2134 799 Franciae
2149 775 2315 799 constitutos.

431 835 463 839 —-
478 821 535 850 Quo
550 829 618 845 anno
635 823 729 844 fratres
746 821 860 844 Minores
879 821 995 844 Parisios
1015 820 1192 852 pervenerint,
1213 820 1239 843 in
1259 819 1436 843 monumentis
1451 828 1503 843 non
1518 823 1609 851 aperte
1624 820 1730 848 dicitur,
1747 821 1793 844 sed
1812 828 1844 844 ex
1858 820 1926 852 ipsis
1942 820 2018 844 facile
2032 820 2089 844 erui
2103 823 2199 852 potest.
2220 821 2317 844 Auctor

433 874 545 890 coaevus
562 867 594 889 fr.
611 866 744 890 Jordunus
760 866 791 889 de
806 866 873 889 ,Iano
896 865 959 889 Ord.
976 865 1038 888 Min.
1060 864 1124 888 dicit
1143 865 1170 888 in
1190 872 1238 888 sua
1255 864 1403 893 Chronica,
1421 865 1446 888 S.
1463 865 1635 888 Franciscum
1650 873 1718 888 anno
1733 865 1807 888 Dom.
1831 865 1892 888 1219
1913 865 1939 888 in
1962 865 2078 897 capitulo
2099 865 2171 896 apud
2193 865 2316 889 Sanctam

432 910 544 934 Mariam
567 911 598 934 de
618 910 789 934 Portiuncula
810 911 904 933 fratres
930 909 1035 933 misisse
1055 909 1082 932 in
1102 909 1250 937 Franciam,
1274 912 1299 932 ct
1328 910 1424 932 tratres
1450 909 1547 932 missos
1569 909 1668 933 ibidem
1690 909 1837 933 haereticos
1860 909 1942 933 fuisse
1965 911 2110 941 reputatos.
2132 917 2144 933 ι(
2169 909 2316 941 Episcopus

432 962 494 979 vero
514 958 539 978 et
561 955 693 985 maqistri
712 955 818 978 tandem
838 962 929 977 eorum
948 954 1069 985 regulam
1093 954 1259 985 perlegentes
1279 956 1305 976 et
1325 953 1506 985 evangelicam
1528 956 1554 977 et
1573 953 1731 977 catholicam
1751 954 1869 978 videntes
1892 962 1973 986 super
1991 954 2040 977 hoc
2061 953 2198 977 dominum
2217 962 2318 986 papam

433 1000 577 1023 Honorium
598 999 794 1022 consuluerunt.
812 998 862 1026 Qui
883 1006 973 1022 eorum
994 998 1114 1029 regulam
1130 997 1308 1021 authenticam
1323 1001 1414 1029 utpote
1434 1006 1449 1021 a
1469 998 1531 1021 sede
1546 998 1679 1021 firmatam
1694 1001 1720 1022 et
1734 999 1829 1022 fratres
1850 998 1979 1030 speciales
1994 998 2063 1022 filios
2079 998 2194 1022 Romane
2208 998 2317 1022 ecclesie

432 1047 457 1067 et
472 1052 532 1067 vere
551 1043 694 1067 catholicos
716 1043 771 1066 suis
791 1042 886 1066 litteris
907 1042 1060 1070 declaravit,
1078 1046 1103 1066 et
1122 1042 1160 1066 sic
1175 1050 1219 1065 eos
1235 1050 1250 1065 a
1270 1042 1422 1073 suspicione
1438 1041 1539 1066 heresis
1558 1042 1720 1066 liberavit».
1738 1043 1877 1067 Analecta
1891 1042 2088 1068 franciscana
2103 1043 2144 1067 ed.
2160 1051 2176 1067 a
2193 1042 2317 1075 patribus

430 1089 525 1120 colleg.
547 1088 573 1111 S.
590 1088 799 1115 Bonaventurae,
817 1088 836 1115 Ι,
854 1088 867 1110 2
883 1095 922 1119 sq.
944 1087 1057 1111 Litterae
1077 1086 1187 1110 Honorii
1206 1087 1253 1115 111,
1274 1095 1341 1119 quae
1360 1086 1403 1110 hic
1423 1086 1546 1115 citantur,
1568 1090 1630 1110 sunt
1648 1087 1757 1119 proprie
1777 1087 1899 1119 superius
1919 1088 2026 1111 relatae.
2046 1088 2075 1111 In
2094 1087 2161 1119 ipsis
2180 1091 2269 1111 autem
2288 1087 2318 1112 fit

433 1132 530 1156 mentio
550 1132 664 1155 aliarum
684 1132 833 1155 litterarum
849 1132 967 1160 Honor-ii,
984 1140 1050 1163 quus
1066 1135 1240 1163 portaverunt
1259 1133 1354 1155 fratres
1371 1139 1468 1160 secum,
1486 1132 1592 1163 quando
1606 1131 1633 1155 in
1649 1131 1787 1155 Franciam
1803 1135 1829 1155 et
1843 1132 1869 1155 in
1884 1132 1950 1155 alias
1966 1132 2087 1164 regiones
2102 1132 2214 1156 iverunt.
2235 1131 2317 1156 Nobis

432 1180 509 1200 notae
529 1180 598 1205 sunt,
621 1178 727 1200 suerunt
746 1176 816 1200 enim
836 1176 864 1199 11
885 1176 956 1200 Junii
978 1176 1039 1199 1219
1058 1176 1091 1199 ad
1111 1175 1335 1208 archiepiscopos,
1357 1175 1506 1208 episcopua,
1528 1179 1587 1205 etc.,
1608 1176 1732 1205 directae,
1754 1176 1851 1209 quibus
1871 1177 1908 1200 eis
1928 1185 1999 1208 papa
2018 1176 2139 1208 injunxit,
2160 1185 2172 1200 «
2187 1179 2316 1209 quatenus

432 1222 530 1245 latores
545 1221 708 1253 presentium
729 1221 858 1253 recipiant
878 1221 946 1244 sicut
965 1221 1109 1244 catholicos
1129 1224 1155 1244 et
1174 1221 1264 1245 fideles
1285 1229 1308 1245 ».
1330 1221 1466 1250 Sharalea,
1486 1221 1565 1246 Bull.
1585 1221 1741 1250 Eram-isc„
1762 1222 1782 1250 Ι,
1803 1222 1826 1250 2,
1843 1225 1872 1245 n⁰
1892 1222 1914 1245 2.
1931 1222 2036 1245 Fratres
2057 1221 2170 1246 Minores
2189 1224 2318 1246 venerunt

433 1266 514 1298 igitur
529 1266 556 1289 in
575 1266 715 1290 Franciam
736 1269 797 1297 post
816 1266 843 1289 11
864 1265 936 1289 Junii
957 1266 1018 1289 1219
1042 1269 1068 1289 et
1086 1269 1146 1289 ante
1165 1267 1195 1289 29
1215 1265 1277 1289 Maii
1297 1266 1368 1289 1220.
1388 1266 1439 1289 Eos
1464 1274 1526 1289 vero
1546 1267 1638 1290 eodem
1658 1269 1776 1298 tempore
1796 1266 1913 1290 Parisios
1933 1266 2037 1290 venisse
2056 1266 2158 1290 eruitur
2178 1274 2210 1290 ex
2227 1265 2316 1290 verbis

432 1311 521 1334 allatis
536 1311 655 1338 son-dani,
672 1310 827 1342 episcopum
846 1314 872 1335 et
886 1311 1039 1340 mayistros
1058 1310 1205 1342 perlegisse
1224 1318 1315 1334 eorum
1331 1311 1461 1342 regulam,
1477 1319 1539 1334 nam
1558 1310 1678 1334 innuitur
1691 1310 1735 1334 hic
1754 1310 1819 1334 urbs
1838 1310 2006 1340 Parisiensis,
2022 1311 2093 1343 quod
2107 1313 2133 1335 et
2146 1311 2318 1335 confirmatur

432 1364 463 1379 ex
477 1355 572 1379 litteris
588 1356 655 1387 ipsis
672 1355 780 1379 Honorii
796 1356 842 1383 111,
858 1363 925 1387 quae
941 1355 1055 1379 directae
1070 1358 1132 1379 sunt
1146 1355 1179 1378 ad
1194 1355 1349 1387 episcopum
1364 1355 1541 1379 Parisiensem
1556 1359 1582 1379 et
1596 1355 1652 1387 ejus
1670 1355 1867 1387 metropolitam
1882 1355 2067 1379 Senonensem.
2082 1355 2187 1379 Fratres
2203 1355 2317 1380 Minores

432 1400 519 1431 primo
535 1400 606 1432 apud
622 1400 647 1423 S.
666 1399 820 1431 Dionysium
832 1400 858 1423 in
873 1399 1006 1424 territorio
1022 1399 1166 1423 Parisiensi
1180 1399 1316 1423 habitasse
1331 1407 1362 1423 ex
1375 1399 1435 1423 aliis
1453 1399 1629 1424 monumentis
1645 1403 1714 1424 certe
1730 1399 1907 1424 demonstrari
1921 1403 2017 1432 potest.
2029 1399 2094 1424 Vide
2109 1399 2178 1424 infra
2193 1400 2226 1423 ad
2237 1404 2266 1423 n⁰
2277 1400 2315 1423 76.

528 1485 549 1508 1.
566 1485 679 1508 Litteras
691 1484 792 1508 scilicet
803 1485 911 1508 Honorii
923 1485 959 1508 111
974 1485 1050 1508 datas
1071 1485 1098 1508 11
1114 1484 1187 1509 Junii
1203 1485 1264 1508 1219
1278 1485 1312 1508 ad
1327 1484 1552 1517 archiepiscopos,
1569 1484 1718 1516 episcopos,
1731 1484 1850 1514 abbates,
1863 1485 1985 1514 decanos,
1995 1484 2195 1508 archidiaconos
2211 1487 2236 1508 et
2250 1483 2316 1508 alios

432 1529 603 1552 ecclesiarum
618 1530 752 1561 praelatos
767 1533 793 1552 et
804 1529 859 1561 jam
876 1538 958 1561 supra
973 1537 1004 1552 ex
1015 1529 1142 1553 Sbaralea
1158 1529 1260 1552 citatas.
1272 1543 1304 1546 —-
1320 1530 1342 1552 2.
1359 1529 1493 1553 Jordanus
1508 1529 1595 1552 minus
1611 1532 1733 1552 accurate
1747 1529 1819 1557 dicit,
1837 1529 1981 1553 Honorium
1997 1529 2148 1552 declarasse
2165 1537 2176 1553 ι(
2196 1528 2318 1560 regulam

433 1574 611 1597 authenticam
631 1577 722 1605 utpote
742 1582 757 1597 a
777 1574 839 1597 sede
858 1574 991 1597 firmatam
1011 1582 1033 1602 »,
1054 1582 1115 1597 nam
1131 1574 1180 1597 hoc
1194 1573 1303 1606 proprie
1318 1573 1405 1598 evenit
1423 1575 1453 1597 29
1468 1574 1532 1598 Nov.
1549 1574 1619 1602 1223,
1639 1577 1669 1597 ut
1684 1574 1741 1606 ipse
1756 1577 1830 1597 notat
1849 1572 1969 1597 inferius.
1995 1574 2034 1597 Cf.
2056 1574 2143 1598 ΑΜΖ.
2162 1572 2316 1601 Ε’ναησίεσ.,

432 1627 459 1652 p.
483 1619 521 1643 11.
546 1619 575 1643 In
597 1619 671 1642 bulla
691 1619 719 1642 11
741 1618 813 1642 Junii
834 1619 895 1642 1219
917 1619 1024 1650 legitur,
1046 1620 1142 1642 fratres
1167 1618 1280 1650 elegisse
1300 1627 1312 1642 ί(
1331 1619 1384 1642 vite
1405 1619 1476 1643 viam
1496 1627 1511 1642 a
1531 1619 1649 1643 Romana
1668 1619 1779 1642 ecclesia
1794 1618 1887 1642 merito
1902 1618 2080 1650 approbatam
2096 1626 2118 1641 >).
2138 1631 2170 1636 --
2185 1619 2207 1642 3.
2228 1626 2245 1642 v
2263 1618 2316 1642 kal.

433 1664 505 1694 Sept.
523 1671 564 1686 an.
583 1664 603 1686 X
623 1663 662 1694 (28
678 1664 743 1694 Aug.
761 1663 840 1695 1225),
858 1663 990 1687 Honorius
1012 1664 1048 1687 111
1069 1663 1182 1695 injunxit
1196 1663 1399 1687 Bartholomaeo
1420 1663 1500 1695 episc.
1518 1663 1613 1692 Paris.,
1629 1671 1661 1686 ne
1681 1663 1786 1687 differat
1799 1662 1933 1687 licentiam
1953 1662 1986 1686 nb
2006 1665 2091 1694 apost.
2109 1663 2170 1686 sede
2190 1661 2318 1686 fratribus

433 1707 579 1731 Minoribus
595 1708 685 1731 datam
701 1716 761 1731 cum
777 1708 854 1731 ulturi
870 1708 966 1732 viatico
985 1708 1135 1733 celebrandi
1150 1708 1296 1740 publicare.
1318 1708 1381 1740 Reg.
1398 1708 1455 1731 Vnt.
1474 1716 1516 1731 an.
1538 1708 1575 1737 10,
1598 1716 1639 1740 ep.
1662 1708 1700 1736 31,
1723 1708 1766 1732 fol.
1788 1707 1843 1731 80'2.
1866 1708 2002 1736 Sbaralea,
2023 1707 2101 1732 Ball.
2121 1708 2279 1736 Francisc„
2295 1707 2316 1735 1,

433 1753 471 1781 21,
489 1757 518 1775 n⁰
533 1753 570 1776 19.

435 1887 512 1924 38.
536 1896 680 1922 Honorius
707 1897 752 1921 ΙΙΙ
777 1895 936 1932 capitulum
961 1896 1128 1922 Parisiense
1157 1896 1295 1922 laudibus
1321 1896 1509 1931 commendat,
1537 1904 1569 1922 eo
1599 1895 1676 1932 quod
1698 1895 1842 1930 fratribus
1865 1894 2123 1922 Praedicator-ibus
2148 1895 2177 1921 in
2202 1893 2318 1931 capella

525 1946 551 1971 S.
569 1944 670 1971 Jacobi
684 1945 779 1971 Paris.
798 1945 895 1971 divina
911 1944 1058 1972 celebrare
1073 1948 1100 1972 et
1115 1945 1290 1972 cimeterium
1306 1945 1413 1972 haber-e
1424 1945 1599 1982 permiserit.

1491 2048 1565 2078 1220,
1581 2048 1644 2074 dum
1654 2048 1699 2077 29,
1716 2049 1785 2080 apud
1798 2047 1887 2074 Urbem
1903 2048 2027 2073 Veterem.

524 2131 709 2164 Honorius
734 2130 930 2176 episcopus
956 2143 1085 2165 servus
1111 2143 1301 2165 servorum
1330 2131 1396 2165 Dei
1423 2131 1566 2165 dilectis
1592 2131 1677 2165 filiis
1698 2130 1856 2177 capitulo
1882 2129 2080 2164 Parisiensi
2106 2129 2259 2163 salutem
2283 2135 2319 2163 et

434 2198 670 2244 apostolicam
697 2197 1004 2231 benedictionem.
1035 2198 1246 2232 Gaudemus
1272 2198 1309 2231 in
1335 2198 1491 2231 Domino
1513 2205 1549 2232 et
1573 2198 1610 2231 in
1635 2198 1768 2232 vestris
1789 2197 1960 2231 laudibus
1983 2197 2196 2243 gloriamur,
2219 2196 2318 2242 quod

433 2277 500 2299 vos
526 2272 562 2298 et
588 2265 633 2298 ad
658 2264 876 2298 obediencie
902 2264 1038 2298 bonum
1065 2277 1202 2310 pronos
1226 2272 1262 2298 et
1285 2265 1330 2298 ad
1356 2265 1500 2310 pietatis
1526 2265 1645 2299 studia
1671 2271 1874 2311 promptos,
1907 2265 2002 2298 sicut
2031 2264 2135 2298 decet
2165 2263 2317 2298 devotos

435 2332 546 2373 filios,
568 2331 788 2373 invenimus,
813 2344 877 2377 per
903 2331 1000 2377 quod
1027 2333 1104 2365 Deo
1129 2338 1267 2378 gratos⁷
1290 2331 1397 2365 nobis
1423 2338 1592 2378 acceptos
1618 2339 1654 2366 et
1677 2331 1889 2365 hominibus
1914 2343 1980 2365 vos
2009 2330 2162 2364 redditis
2188 2330 2317 2364 merito

435 2398 758 2432 commendandos.
795 2399 885 2432 Cum
918 2398 1013 2432 enim
1045 2398 1150 2432 vobis
1180 2411 1298 2444 nuper
1327 2411 1455 2444 preces
1484 2399 1726 2432 direxerimus
1761 2405 1797 2432 et
1825 2398 2002 2440 mandata,
2035 2405 2071 2431 et
2099 2397 2317 2443 quibusdam

434 2473 595 2499 vestrum
623 2466 659 2498 in
689 2472 812 2498 nostra
843 2465 1033 2511 presencia
1063 2466 1272 2500 constitutis
1302 2466 1569 2511 injunxerimus
1594 2466 1675 2500 viva
1698 2478 1788 2500 voce
1818 2472 1856 2499 ut
1883 2465 2037 2499 dilectos
2067 2464 2163 2498 filios
2187 2465 2318 2498 fratres

437 2532 577 2565 ordinis
606 2532 876 2565 Predicatorum
907 2532 1084 2566 habentes
1115 2533 1151 2566 in
1181 2533 1386 2566 visceribus
1412 2533 1570 2566 caritatis
1596 2533 1650 2566 eis
1676 2533 1714 2566 in
1741 2532 1879 2578 capella
1901 2532 2020 2566 Sancti
2045 2530 2182 2572 Jacobi,
2211 2542 2316 2576 quam

435 2597 570 2631 habent
595 2598 769 2640 Parisius,
791 2598 977 2632 celebrare
1001 2599 1122 2633 divina
1149 2606 1183 2633 et
1209 2600 1425 2633 cimiterium
1453 2600 1712 2646 permitteretis
1737 2599 1885 2641 habere,
1909 2610 1988 2640 vos,
2012 2597 2107 2631 sicut
2127 2609 2170 2630 ex
2191 2609 2316 2630 eorum

436 2665 506 2698 leta
533 2664 715 2698 relacione
741 2665 950 2706 didicimus,
975 2666 1180 2699 mandatum
1204 2673 1368 2700 nostrum
1393 2673 1429 2700 et
1453 2679 1578 2700 eorum
1609 2666 1833 2700 desiderium
1857 2665 2037 2711 implestis
2060 2663 2261 2698 liberaliter
2283 2670 2319 2698 et

437 2731 607 2773 libenter,
639 2732 686 2765 ita
715 2732 814 2777 quod
844 2743 888 2765 ex
917 2732 997 2777 ipso
1023 2733 1153 2766 affectu
1178 2733 1353 2766 videmini
1378 2733 1529 2766 multum
1557 2732 1702 2766 effectui
1731 2732 1853 2778 gracie
1879 2731 2070 2777 adjecisse.
2101 2731 2218 2776 Super
2245 2743 2317 2776 quo

437 2799 675 2833 devocionem
706 2804 862 2832 vestram
898 2798 1021 2844 dignis
1056 2799 1093 2831 in
1124 2799 1279 2832 Domino
1314 2799 1485 2833 laudibus
1520 2799 1817 2833 commendantes
1852 2798 2124 2832 universitatem
2159 2803 2316 2831 vestram

438 2878 624 2912 rogamus,
651 2877 843 2899 monemus
869 2872 904 2898 et
927 2865 1114 2898 hortamur
1143 2872 1290 2907 attente,
1317 2878 1356 2899 ac
1382 2878 1448 2911 per
1471 2865 1669 2911 apostolica
1693 2865 1799 2899 vobis
1823 2865 1956 2911 scripta
1981 2865 2207 2906 mandamus,
2230 2875 2317 2909 qua-

438 2933 536 2966 tinus
561 2932 817 2966 continuantes
847 2938 1003 2966 vestram
1034 2932 1191 2978 graciam
1223 2944 1309 2978 erga
1339 2944 1417 2975 eos,
1448 2933 1550 2978 ipsos
1584 2931 1831 2966 favorabiliter
1859 2931 2026 2974 foveatis,
2061 2931 2106 2964 ab
2131 2942 2175 2964 eo
2205 2930 2318 2976 digne
