2580 3528
269 453 367 495 1252]
613 464 660 486 ΑΒ
694 464 800 486 Auno
834 464 913 487 uec
944 465 1077 494 usque
1111 465 1160 487 An
1196 465 1426 488 PltlLtPPUM
1461 467 1502 490 iv
1535 468 1625 491 nso.
1662 469 1801 492 rame.
2078 462 2144 495 235

267 537 467 571 eorundem
497 536 670 583 precibus
699 537 863 571 inclinati
897 538 951 572 eis
979 539 1192 572 auctoritate
1226 540 1425 585 apostolica
1455 541 1624 575 duximus
1654 542 1933 588 indulgendum.
1965 545 2142 587 Quocirca

265 603 480 638 fraternitati
509 610 569 638 tue
599 615 665 650 per
690 604 889 650 apostolica
915 605 1049 651 scripta
1074 605 1302 648 mandamus,
1323 607 1496 652 quatinus
1521 620 1594 641 non
1620 609 1808 654 permittas
1829 611 1988 655 prefatos
2010 612 2144 656 magis-

266 676 343 704 tros
375 677 412 704 et
444 660 605 704 scolares
640 682 752 716 super
784 670 856 704 hiis
889 678 1015 705 contra
1049 673 1303 706 concessionis
1338 680 1463 707 nostre
1497 681 1662 708 tenorem
1693 675 1736 709 ab
1767 675 1951 721 aliquibus
1980 677 2142 711 indebite

264 736 463 778 molestari,
499 736 754 771 molestatores
787 737 999 783 hujusmodi
1033 750 1098 784 per
1131 751 1323 773 censuram
1354 740 1637 774 ecclesiasticam
1668 742 1910 788 appellatione
1941 744 2143 789 postposita

265 803 547 849 compescendO,
582 815 656 837 non
690 803 858 838 obstante
891 805 1153 839 constitutione
1188 806 1233 839 de
1263 806 1405 840 duabus
1438 807 1546 842 dietis
1576 808 1671 842 edita
1701 808 1737 842 in
1767 809 1934 843 Concilio
1964 810 2142 855 generali7

263 869 462 903 dummodo
490 869 584 904 ultra
613 870 754 904 tertiam
782 870 840 904 vel
867 864 1029 916 quartam
1057 871 1190 918 aliquis
1220 879 1319 906 extra
1349 885 1450 907 suam
1475 874 1651 908 diocesim
1678 876 1891 910 auctoritate
1916 877 2141 922 presentium

263 936 309 970 ad
323 936 503 982 judicium
525 948 599 970 non
619 937 792 971 trahatur.
815 938 893 971 Dat.
916 938 1059 972 Perusii
1080 939 1117 984 iij
1140 939 1209 972 kal.
1231 940 1344 982 Junii,
1366 940 1599 986 pontificatus
1620 942 1737 976 nostri
1757 955 1852 976 anno
1874 955 1984 977 nono.

357 1034 495 1066 Originale
510 1034 537 1058 in
552 1035 632 1060 Arch.
647 1035 770 1060 Univers.
790 1035 875 1059 Paris.
896 1036 972 1060 theca
988 1036 1044 1061 VH.
1059 1036 1089 1060 D.
1106 1038 1128 1060 3.
1147 1045 1172 1060 a.
1189 1037 1218 1061 ln
1241 1045 1335 1061 aversa
1356 1038 1510 1062 membrana
1526 1039 1626 1070 legitur
1641 1047 1647 1063 ι
1665 1048 1678 1063 a
1693 1040 1742 1064 Th.
1758 1041 1790 1064 de
1805 1040 1901 1064 Sancto
1918 1041 2012 1072 Egidio
2028 1049 2050 1066 υ.
2067 1042 2144 1066 Deest

264 1078 338 1103 bulla
351 1079 487 1111 plumbea.
504 1079 696 1112 Apogrephum
710 1080 737 1103 in
757 1080 835 1104 Arch.
857 1083 911 1104 nat.
932 1081 1016 1105 Paris.
1033 1081 1068 1105 M.
1083 1082 1140 1110 66⁸,
1156 1085 1185 1105 n⁰
1200 1082 1223 1110 ³,
1239 1090 1300 1106 cum
1315 1082 1423 1106 rubrica
1439 1091 1444 1106 :
1467 1091 1479 1107 a
1495 1083 1699 1108 Conservatoria
1719 1093 1800 1116 super
1814 1085 1914 1109 eisdem
1930 1094 1941 1109 υ
1957 1089 1982 1110 et
1997 1089 2143 1118 sequuntur

263 1123 366 1147 litterae
378 1123 573 1155 praecedentes.
588 1137 620 1142 -
633 1124 771 1153 Jourdain,
787 1129 816 1148 n⁰
830 1125 871 1149 94.

265 1267 372 1306 207.
396 1279 579 1305 Innocentius
600 1279 645 1305 IV
661 1278 791 1305 concedit
813 1279 961 1314 magistris
986 1283 1014 1306 et
1037 1279 1221 1306 scholaribus
1244 1281 1472 1316 Parisiensibus,
1498 1285 1529 1308 ut
1551 1281 1648 1308 nullus
1666 1283 1762 1319 possit
1787 1283 1865 1310 trahi
1889 1287 1973 1310 extra
1999 1284 2141 1311 civitatem

349 1327 446 1354 Paris.
464 1328 553 1364 super
567 1326 789 1363 quaestionibus
804 1328 882 1354 intra
899 1336 962 1354 eam
978 1329 1096 1355 exortis.

1532 1376 1606 1406 1252,
1621 1377 1683 1402 ntuli
1691 1377 1731 1407 31.
1747 1378 1853 1404 Peru-vii.

352 1446 589 1480 Innocentius
626 1446 823 1493 episcopus
862 1459 992 1481 servus
1027 1460 1217 1482 servorum
1252 1449 1317 1482 Dei
1352 1449 1497 1483 dilectis
1536 1449 1622 1483 filiis
1661 1452 1845 1485 universis
1884 1453 2069 1497 magistris
2107 1460 2143 1486 et

261 1512 467 1546 scolaribus
500 1513 772 1547 parisiensibus
805 1513 959 1548 salutem
995 1521 1031 1548 et
1063 1515 1298 1560 apostolicam
1333 1515 1642 1550 benedictionem.
1678 1519 1725 1551 Ut
1759 1530 1802 1551 co
1832 1518 1986 1552 liberius
2015 1531 2142 1552 vacare

261 1579 462 1613 litterarum
492 1580 614 1613 studio
635 1579 798 1622 valeatis,
819 1593 892 1626 quo
919 1581 1042 1614 minus
1070 1581 1214 1615 fueritis
1243 1581 1325 1615 aliis
1355 1583 1515 1628 negotiis
1543 1584 1722 1629 occupati,
1749 1596 1817 1617 nos
1842 1585 1975 1618 vestris
2003 1586 2142 1631 suppli-

260 1645 467 1680 cationibus
495 1653 700 1680 annuentes
729 1647 942 1681 auctoritate
971 1647 1077 1681 vobis
1108 1648 1333 1693 presentium
1364 1649 1615 1694 indulgemus,
1641 1656 1681 1683 ut
1710 1657 1808 1684 extra
1838 1651 2018 1685 civitatem
2045 1652 2143 1686 Pari-

261 1713 421 1747 siensem
443 1725 556 1759 super
575 1713 832 1759 questionibus
853 1714 946 1748 intra
971 1726 1049 1748 eam
1075 1715 1212 1749 exortis
1237 1715 1330 1749 trahi
1356 1727 1422 1761 per
1446 1715 1585 1750 litteras
1610 1717 1830 1763 apostolicas
1855 1718 1913 1752 vel
1938 1718 2139 1764 legatorum

262 1779 362 1813 sedis
382 1779 582 1825 apostolice
597 1781 699 1826 juxta
725 1781 823 1826 quod
849 1780 938 1814 alias
957 1781 1064 1815 vobis
1089 1781 1291 1816 indulsisse
1317 1782 1577 1824 dinoscimur¹,
1604 1795 1677 1817 non
1703 1785 1868 1830 possitis,
1893 1785 1963 1818 nisi
1992 1797 2141 1831 expres-

261 1857 336 1880 sam
376 1846 421 1880 de
459 1846 687 1893 indulgentia
725 1846 936 1893 hujusmodi
974 1848 1129 1882 fecerint
1166 1849 1401 1882 mentionem.
1438 1849 1536 1883 Nulli
1576 1862 1679 1896 ergo,
1709 1856 1788 1891 etc„
1825 1858 1950 1885 nostre
1990 1864 2141 1885 conces-

260 1912 389 1955 sionis,
415 1918 479 1948 etc.
507 1913 544 1947 Si
570 1913 654 1959 quis
678 1920 812 1956 autem⁷
832 1919 896 1948 etc.
920 1915 998 1948 Dat.
1026 1915 1168 1948 Perusii
1189 1915 1211 1960 ij
1235 1915 1304 1949 kal.
1325 1916 1438 1958 Junii,
1461 1916 1694 1962 pontificatus
1720 1918 1836 1951 nostri
1862 1930 1956 1951 anno
1984 1930 2093 1952 nono,

353 2010 490 2043 Originele
511 2010 538 2035 in
558 2011 634 2036 Arch.
656 2015 709 2036 net.
727 2012 811 2036 Paris.
834 2012 863 2036 L.
879 2013 933 2042 247,
950 2016 980 2036 11¹²
994 2013 1048 2038 201.
1064 2013 1142 2037 Bulla
1161 2013 1287 2045 plumbea
1303 2014 1356 2038 filis
1375 2014 1452 2039 serie.
1474 2014 1536 2038 ssavi
1555 2018 1581 2038 et
1600 2015 1675 2039 rubei
1694 2015 1791 2039 coloris
1811 2016 1980 2048 appenditur.
1998 2017 2026 2040 ln
2046 2025 2139 2040 aversa

215 2071 221 2077 -
260 2055 415 2080 membrana
428 2056 527 2088 legitur
542 2065 548 2081 ι
569 2067 583 2080 α
599 2057 647 2082 Th.
664 2058 696 2082 de
711 2058 808 2082 Sancto
827 2057 922 2089 Egridio
937 2066 961 2082 »-
976 2071 1004 2076 -
1021 2058 1085 2090 Reg.
1102 2058 1158 2082 vat.
1175 2058 1320 2082 innocentii
1339 2059 1373 2082 1v
1392 2067 1434 2083 an.
1451 2060 1474 2088 9,
1496 2068 1537 2091 ep.
1559 2059 1614 2083 415.
1637 2061 1828 2092 Apographum
1848 2069 1916 2084 saec.
1937 2061 1996 2085 xm
2012 2061 2038 2085 in
2061 2061 2137 2085 Arcti.

259 2103 314 2125 nat.
329 2100 414 2125 Parin.
430 2101 464 2125 Μ.
479 2101 536 2131 ⁶6⁸,
554 2106 583 2125 n⁰
598 2103 620 2126 3.
638 2102 701 2126 cod.
714 2102 771 2126 Vnt.
787 2102 850 2134 neg.
862 2103 918 2130 1406,
940 2102 984 2126 fol.
1007 2102 1063 2128 17⁵.
1078 2102 1148 2126 Bibl.
1169 2103 1302 2135 Phillipps
1318 2103 1343 2127 in
1359 2103 1541 2133 Cheltefflmm,
1558 2112 1607 2127 ms.
1625 2105 1679 2133 876,
1697 2105 1740 2129 sol.
1759 2105 1814 2133 18¹¹,
1831 2105 1881 2129 sub
1896 2106 1973 2129 titulo
1989 2109 2017 2129 ut
2034 2114 2116 2138 supra
2132 2114 2137 2129 z

261 2154 273 2169 α
289 2147 324 2171 Ut
338 2146 428 2170 nullus
442 2146 529 2178 ponit
542 2155 566 2176 ιο,
581 2151 630 2172 etc.
645 2147 768 2177 Bulaeus,
781 2147 826 2176 m,
843 2147 898 2171 241.

352 2231 375 2254 1.
392 2231 456 2255 Vide
471 2239 552 2264 supra
565 2235 594 2255 n⁰
609 2232 662 2256 1¹12.

259 2352 372 2391 208.
395 2363 578 2390 Innocentius
594 2363 638 2390 IV
650 2362 795 2390 „adamum
810 2364 974 2400 episcopum
991 2363 1230 2390 Silvanectensem
1247 2365 1395 2391 constituit
1416 2368 1641 2391 conservatorem
1661 2364 1815 2401 privilegii,
1834 2374 1868 2391 ne
1889 2365 2035 2392 scholares
2051 2370 2135 2392 extra

347 2411 491 2438 civitatem
506 2411 669 2439 trahantur.

1522 2458 1597 2487 1252,
1613 2459 1675 2484 Hali
1685 2459 1726 2488 31,
1742 2459 1847 2485 Pet-unii.

347 2531 586 2565 Innocentius
606 2531 804 2577 episcopus
825 2542 956 2565 servus
981 2542 1170 2565 servorum
1198 2531 1263 2564 Dei
1286 2531 1486 2565 venerabili
1508 2532 1607 2565 sratri
1628 2559 1649 2565 ..
1673 2533 1847 2579 episcopo
1869 2533 2132 2568 Silvanectensi

258 2597 410 2632 salutem
445 2603 480 2631 et
513 2597 749 2644 apostolicam
785 2597 1091 2631 benedictionem.
1129 2598 1175 2631 Ut
1204 2609 1248 2631 eo
1277 2597 1431 2631 liberius
1461 2597 1584 2632 dilecti
1615 2598 1679 2632 filii
1711 2599 1873 2633 universi
1904 2601 2068 2646 magistri
2098 2608 2134 2635 et

257 2664 420 2698 scolares
449 2664 676 2699 parisienses
706 2676 833 2698 vacare
867 2663 1008 2698 valeant
1037 2663 1159 2698 studio
1194 2663 1408 2703 litterarum.
1440 2676 1512 2710 quo
1542 2665 1663 2699 minus
1692 2666 1828 2700 fuerint
1856 2666 1937 2700 aliis
1967 2668 2133 2713 negociis

256 2731 435 2776 occupati,
462 2742 530 2765 nos
555 2743 681 2765 eorum
708 2730 1037 2777 supplicationibus
1067 2737 1270 2764 annuentes
1301 2742 1366 2776 per
1394 2731 1534 2765 litteras
1562 2738 1706 2766 nostras
1732 2733 1786 2766 eis
1813 2733 1983 2768 duximus
2013 2734 2133 2768 indul-

256 2797 431 2843 gendum,
458 2803 496 2831 ut
524 2803 622 2831 extra
652 2797 831 2831 civitatem
858 2797 1100 2831 Parisiensem
1127 2809 1239 2843 super
1263 2797 1520 2843 questionibus
1550 2798 1642 2832 intra
1672 2811 1748 2832 eam
1781 2800 1917 2834 exortis
1947 2800 2038 2834 trahi
2069 2813 2133 2847 per

256 2862 395 2897 litteras
421 2863 642 2910 apostolicas
662 2864 719 2898 vel
741 2864 942 2910 legatorum
965 2864 1065 2898 sedis
1085 2864 1298 2910 apostolice,
1316 2865 1418 2910 juxta
1444 2865 1541 2910 quod
1567 2865 1655 2899 alias
1681 2866 1734 2899 eis
1760 2866 1987 2901 dinoscimur
2011 2867 2132 2901 indul-

257 2929 365 2971 sisse,
382 2941 456 2964 non
477 2931 633 2976 possint,
651 2931 723 2965 nisi
743 2942 952 2977 expressam
975 2931 1020 2965 de
1042 2931 1269 2977 indulgentia
1293 2930 1501 2977 hujusmodi
1523 2931 1676 2966 fecerint
1697 2933 1930 2966 mentionem.
1954 2934 2129 2976 Quocirca

256 2996 470 3030 fraternitati
492 3003 552 3031 tue
574 3009 639 3043 per
662 2997 861 3044 apostolica
889 2998 1022 3044 scripta
1050 2997 1275 3039 mandamus,
1304 2998 1475 3044 quatinus
1501 2999 1660 3044 prefatos
1687 2999 1882 3044 magistros
1910 3006 1945 3033 et
1971 3000 2131 3033 scolares
