2618 3640
709 430 757 453 AB
790 429 1033 452 ALnxANnno
1068 429 1115 450 111
1150 429 1283 457 usqua
1317 429 1366 451 An
1399 429 1539 451 ANNUM
1573 429 1661 452 uec.
2087 422 2131 455 39

250 511 382 551 quanta
409 503 645 538 fluctuatione
675 509 852 550 quantave
878 502 1068 549 tyrannide
1098 515 1195 536 nunc
1225 503 1489 548 opprimantur,
1519 510 1676 537 vestram
1707 505 1844 550 regiam
1873 505 2129 540 celsitudinem

250 583 478 618 nequaquam
501 571 614 605 latere
638 570 834 605 credimus.
862 570 1006 604 Etenim
1031 581 1148 615 usque
1173 569 1264 603 adeo
1285 570 1487 616 grassantis
1512 570 1714 616 tyrannidis
1736 571 1888 605 invaluit
1908 573 2129 617 persecutio,

250 645 290 673 ut
317 651 384 672 nec
411 638 518 672 etiam
546 637 754 684 patentibus
784 637 921 671 nostris
947 636 1036 672 viris
1064 636 1323 670 ecclesiasticis
1351 637 1461 670 fidem
1488 639 1648 671 Romane
1675 638 1830 672 ecclesie
1863 645 1899 672 et
1928 638 2128 673 beatissimi

250 718 341 752 pape
360 705 558 739 Alexandri
583 704 828 739 obedientiam
859 703 1090 738 servantibus
1120 703 1317 738 subvenire
1348 716 1414 737 nec
1442 704 1579 750 aliquid
1607 704 1886 739 subministrare
1916 706 2126 740 audeamus.

250 772 407 807 Proinde
437 778 607 818 nepotem
632 778 797 805 nostrum
824 771 972 804 nomine
1001 771 1058 804 Al.
1081 770 1255 804 clericum
1280 771 1477 805 litteratum
1498 778 1534 805 et
1553 771 1653 805 omni
1676 771 1867 806 honestate
1890 773 2128 819 conspicuum

250 840 410 874 Parisius
444 839 547 885 quasi
581 838 625 872 ad
659 838 835 872 catholice
869 838 954 872 fidei
989 850 1108 871 arcem
1146 838 1378 872 festinantem
1411 845 1533 872 vestre
1572 839 1759 872 serenitati
1802 840 2061 874 committimus
2095 848 2131 874 et

249 906 546 940 commendamus
570 917 578 939 τ
606 911 778 951 rogantes
806 912 842 939 et
868 905 1000 938 obnixe
1029 905 1290 951 supplicantes,
1321 906 1492 951 quatinus
1522 906 1587 939 Dei
1614 918 1736 939 amore
1766 913 1802 940 et
1829 914 1955 940 nostro
1987 908 2128 953 prestiti

249 973 356 1007 etiam
382 972 577 1019 aliquando
604 972 774 1018 obsequii
809 972 942 1006 intuitu
976 972 1009 1005 ei
1040 972 1077 1005 in
1107 972 1184 1006 suis
1219 972 1501 1006 necessitatibus
1539 973 1586 1006 ita
1618 974 1719 1019 regia
1752 973 1968 1007 liberalitate
2008 975 2130 1020 provi-

250 1039 379 1082 deatis,
400 1046 440 1073 ut
459 1039 590 1073 exinde
611 1045 647 1073 et
666 1040 781 1072 Deum
807 1045 1118 1072 remuneratorem
1138 1039 1316 1082 habeatis,
1338 1046 1371 1073 et
1393 1052 1460 1073 nos
1477 1040 1687 1086 nostrisque
1707 1041 1856 1086 generis
1877 1053 2005 1075 omnes
2025 1041 2131 1076 vobis

249 1106 467 1152 comparetis
487 1105 686 1140 debitores.

343 1191 488 1220 Duchesne,
504 1191 648 1216 Historiae
661 1190 846 1216 Francorum
859 1191 1010 1222 scriptores
1026 1191 1068 1220 IV,
1085 1192 1138 1214 708.
1154 1205 1186 1209 -
1201 1191 1325 1221 Bulaeus,
1341 1192 1374 1221 ΙΙ,
1388 1192 1441 1215 301.
1458 1192 1523 1216 Rec.
1549 1193 1596 1217 des
1610 1193 1716 1218 Histor.
1737 1194 1784 1219 des
1809 1194 1914 1219 Gaules
1930 1194 1994 1222 XVI,
2018 1195 2056 1218 78.

249 1366 328 1404 35.
355 1375 479 1409 Quidam
494 1374 673 1410 lantgravius
688 1375 776 1401 mittit
790 1374 831 1401 ad
844 1375 1015 1401 Ludovicum
1030 1376 1162 1402 Parisios
1178 1375 1250 1402 daos
1265 1376 1353 1411 filios,
1372 1385 1443 1412 quos
1459 1376 1573 1403 litteras
1588 1377 1700 1404 discere
1711 1379 1871 1414 proposuit.

1566 1485 1653 1521 [Anno
1670 1486 1774 1522 116231

339 1573 430 1619 Regi
456 1573 606 1607 Francie
627 1573 813 1606 Ludovico
834 1573 901 1606 Dei
921 1573 1036 1619 gratia
1057 1575 1309 1621 Lantgravius⁴
1333 1574 1503 1608 devotum
1526 1574 1716 1608 servitium
1741 1587 1822 1608 cum
1847 1575 1989 1609 sincera
2017 1575 2131 1609 dilec-

249 1639 359 1674 tione.
386 1640 493 1684 Quod
518 1639 693 1673 hactenus
714 1639 848 1673 nullam
870 1639 983 1674 vestri
1008 1640 1172 1675 notitiam
1192 1640 1399 1684 habuimus,
1422 1641 1509 1675 satis
1531 1641 1683 1675 moleste
1704 1642 1855 1687 serimus
1874 1654 1881 1675 :
1901 1654 2012 1688 super
2032 1643 2130 1688 quod

249 1707 426 1752 majestati
450 1713 571 1740 vestre
599 1706 773 1752 deinceps
794 1706 954 1740 servitiis
984 1707 1121 1741 nostris
1149 1714 1219 1742 tam
1241 1708 1383 1754 jocosis
1411 1720 1518 1754 quam
1544 1709 1652 1742 seriis
1677 1708 1856 1742 notificari
1885 1709 2069 1752 volumus,
2096 1717 2131 1743 et

246 1780 369 1808 vestre
388 1773 565 1808 voluntati
586 1785 698 1820 super
718 1773 838 1807 omnia
859 1774 1084 1820 respondere
1105 1775 1285 1821 cupimus.
1308 1775 1421 1809 Filios
1442 1775 1538 1808 enim
1561 1788 1662 1809 meos
1683 1788 1811 1809 omnes
1831 1776 1970 1810 litteras
1988 1777 2130 1810 discere

248 1840 436 1886 proposui,
474 1847 513 1874 ut
544 1841 606 1886 qui
640 1841 787 1886 majoris
822 1841 962 1887 ingenii
997 1854 1142 1876 necnon
1176 1843 1325 1888 majoris
1354 1843 1450 1876 inter
1485 1855 1549 1876 eos
1583 1849 1771 1876 notaretur
1807 1843 2055 1886 discretionis,
2092 1844 2130 1877 in

248 1907 370 1941 studio
400 1914 663 1953 perseveraret.
693 1908 746 1941 Ex
772 1907 829 1941 his
857 1920 945 1942 vero
972 1908 1066 1943 duos
1094 1909 1139 1942 ad
1165 1921 1320 1955 presens
1349 1909 1530 1943 nobilitati
1556 1916 1678 1944 vestre
1704 1910 1846 1944 mittere
1874 1910 2063 1956 proposui,
2092 1918 2131 1944 ut

246 1980 370 2008 vestro
389 1974 576 2019 juvamine
606 1986 750 2011 necnon
779 1981 899 2008 vestra
924 1975 1141 2010 defensione
1170 1977 1332 2010 Parisius
1359 1976 1527 2010 stabilius
1547 1983 1699 2023 possent
1720 1977 1846 2020 locari,
1868 1977 1916 2011 ita
1936 1984 2068 2020 tamen,
2091 1985 2130 2011 ut

247 2039 345 2075 salva
372 2052 460 2086 pace
488 2047 608 2075 vestra
635 2053 702 2087 pro
732 2041 934 2075 discordia¹
956 2055 1027 2088 que
1053 2050 1110 2077 est
1137 2043 1232 2077 inter
1258 2056 1324 2078 vos
1352 2051 1388 2077 et
1415 2044 1672 2090 imperatorem
1702 2043 1770 2078 hoc
1797 2056 1926 2078 secure
1952 2056 2128 2090 peragere

247 2107 398 2153 possim.
428 2107 529 2141 Sicut
548 2108 644 2141 enim
665 2107 803 2154 absque
824 2109 945 2142 medio
966 2109 1094 2144 hamus
1115 2117 1151 2144 et
1170 2111 1266 2157 capit
1290 2118 1326 2144 et
1350 2111 1502 2157 capitur,
1526 2111 1586 2144 tali
1612 2111 1720 2145 modo
1746 2111 1882 2145 scimus
1903 2111 2001 2157 quod
2023 2112 2128 2158 quid-

247 2173 336 2219 quid
360 2185 472 2220 super
494 2173 563 2208 hoc
588 2174 696 2209 nobis
720 2175 993 2219 mandaveritis,
1020 2176 1112 2211 illud
1140 2178 1239 2211 omni
1269 2177 1382 2211 dubio
1409 2184 1549 2212 remoto
1572 2178 1725 2225 aggredi
1751 2178 1940 2221 audemus,
1963 2179 2025 2224 qui
2053 2191 2127 2212 non

247 2239 316 2274 hoc
336 2240 585 2275 immutabitis.

340 2325 486 2355 Duchesne,
500 2325 645 2352 Historiae
657 2327 839 2352 Francorum
849 2328 999 2360 scriptores
1013 2329 1056 2359 IV,
1073 2329 1126 2353 704.
1141 2342 1174 2348 —-
1190 2329 1304 2354 Bulaeus
1320 2330 1353 2359 11,
1370 2331 1424 2354 ³02.

340 2396 362 2420 1.
383 2396 511 2425 Quisnam
530 2397 696 2429 lantgravius
716 2397 766 2422 iste
785 2398 828 2427 sit,
853 2407 906 2422 non
929 2399 1094 2431 exprimitur.
1115 2400 1225 2424 Videtur
1246 2404 1335 2425 tumen
1360 2401 1518 2425 mentionem
1538 2401 1595 2424 fieri
1615 2401 1758 2433 lantgravii
1779 2400 1949 2433 Thuringiae,
1970 2404 1996 2425 et.
2019 2401 2125 2433 quidem

247 2440 372 2464 Ludovici
394 2441 418 2464 ll
446 2440 613 2474 (ulio-1172),
636 2441 681 2474 qui
705 2445 820 2475 quatuor
844 2443 913 2467 filios
942 2443 1037 2468 habuit
1061 2443 1241 2477 (Ludovicum,
1267 2445 1417 2474 Henricum,
1444 2446 1632 2474 nermnnnum,
1658 2445 1853 2477 Friedericum),
1878 2453 1991 2477 quorum
2014 2445 2124 2470 ultimus

246 2485 393 2509 destinatus
415 2488 472 2509 erat
492 2486 526 2509 ad
547 2485 629 2510 vitam
650 2486 807 2511 clericalem.
824 2487 889 2511 Vide
910 2488 1038 2514 Annales
1059 2488 1409 2519 Reinhardsbrunnenses‚
1426 2490 1466 2513 ed.
1484 2490 1596 2522 Wegele,
1613 2499 1639 2522 p.
1656 2491 1694 2514 32.
1711 2503 1742 2508 —-
1764 2491 1786 2514 2.
1805 2490 1840 2514 Do
1855 2490 1908 2514 ulia
1927 2489 2061 2514 discordia
2081 2490 2124 2514 hie

248 2529 357 2553 tractari
376 2529 421 2554 vix
439 2533 535 2562 potest,
557 2539 636 2563 quam
661 2531 693 2555 de
719 2531 766 2555 illa
785 2532 872 2564 quoad
891 2531 1041 2564 legitimum
1064 2541 1172 2565 papam.
1193 2534 1342 2558 Ludovicus
1361 2534 1407 2558 vn
1429 2534 1463 2557 ab
1482 2535 1629 2558 Alexandro
1653 2535 1699 2563 111,
1720 2534 1869 2558 Fridericus
1893 2535 1903 2559 Ι
1928 2543 1943 2558 u
1963 2534 2066 2559 Victore
2087 2535 2124 2560 lv

246 2573 326 2598 stetit.
342 2573 454 2599 Maxime
468 2574 517 2598 hoc
531 2575 657 2607 apparuit
671 2584 712 2600 an.
730 2576 799 2600 1162.

247 2704 327 2743 36.
352 2715 475 2742 Carinus
485 2716 569 2752 prior
584 2717 611 2743 S.
628 2716 738 2743 Albani
752 2717 898 2744 Richardo
913 2717 950 2745 de
966 2719 993 2746 S.
1017 2718 1126 2746 Victore
1141 2728 1224 2745 suum
1238 2721 1360 2755 fratrem
1376 2719 1556 2747 Matthaeum
1572 2719 1759 2747 commendat.

1399 2823 1553 2853 ηερ-1173,
1566 2822 1679 2859 [Sancti
1688 2823 1801 2859 ηοω]

334 2905 546 2940 Venerabili
565 2907 680 2941 amico
701 2915 738 2942 et
756 2909 886 2943 merito
907 2909 1113 2944 honorabili
1135 2910 1229 2944 Ric.¹
1247 2911 1361 2957 priori
1382 2911 1428 2945 de
1450 2911 1580 2946 Sancto
1600 2911 1748 2946 Victore
1769 2912 1830 2946 G.¹
1848 2911 1947 2957 prior
1967 2911 2122 2945 ecclesie

248 2970 368 3005 Sancti
386 2971 518 3006 Albani
539 2973 691 3008 salutem
712 2981 748 3009 et
766 2975 888 3010 debite
913 2976 1122 3011 dilectionis
1142 2977 1321 3012 affectum.
1345 2978 1436 3022 Quia
1457 2978 1653 3024 petitiones
1679 2990 1776 3012 meas
1796 2978 2014 3024 jampridem
2034 2989 2121 3011 cure
