2580 3528
245 406 342 448 1284]
588 415 635 438 AB
668 415 775 438 Auno
809 414 887 438 uec
921 414 1054 443 USQUE
1089 414 1136 436 AD
1171 414 1403 436 rmmrrvu
1438 415 1478 437 iv
1512 415 1602 437 nso.
1639 416 1775 438 rame.
2051 407 2117 440 609

242 491 335 525 Cum
366 489 455 523 dicit
480 488 576 522 idem
605 488 846 522 cancellarius
876 488 974 534 quod
1004 488 1170 534 magistri
1198 488 1334 521 faciunt
1365 488 1608 521 determinare
1637 501 1771 534 pueros
1800 489 1913 522 nichil
1944 491 2115 532 scientes,

242 556 399 590 dicimus
423 555 522 602 quod
546 555 584 588 in
608 555 678 589 hoc
699 567 772 589 non
797 561 854 589 est
873 554 944 588 sibi
964 554 1203 597 credendum,
1224 566 1304 588 cum
1327 554 1406 600 ipse
1426 566 1500 587 non
1521 555 1701 588 examinet
1725 567 1803 597 eos,
1825 568 1890 588 nec
1916 556 2048 601 aliquis
2075 569 2118 590 ex

242 629 343 669 parte
373 623 470 668 ejus;
499 634 566 656 nec
593 621 703 656 debet
731 621 800 656 hoc
829 622 962 663 facere,
990 621 1161 667 quoniam
1190 621 1306 655 nostri
1336 621 1501 667 magistri
1520 628 1606 655 sunt
1626 621 1662 654 in
1683 622 1920 667 possessione
1939 622 2061 667 huJuS,
2084 630 2119 656 et

242 689 375 723 melius
395 695 551 735 possunt
569 689 734 735 accipere
762 688 1050 735 experimentum
1080 688 1125 722 de
1153 687 1368 722 sufficientia
1392 687 1450 722 vel
1475 688 1730 722 insufficientia
1757 688 1909 722 scolaris
1936 688 2118 722 bacallarii

243 767 348 802 quam
369 755 461 802 ipse.

331 822 389 856 Ad
409 829 576 868 quartum
601 821 792 856 articulum
821 822 977 856 dicimus
1005 821 1104 867 quod
1124 821 1341 855 bacallarius
1361 821 1501 855 habens
1526 821 1708 855 licentiam
1735 821 1804 855 sub
1830 834 1903 855 uno
1930 822 2117 867 magistro,

243 901 318 924 non
351 895 473 935 potest
500 889 663 935 incipere
693 888 762 922 sub
791 888 895 930 alio⁷,
923 889 955 922 si
982 888 1084 922 illum
1111 889 1229 934 possit
1254 888 1444 936 commode
1471 888 1619 922 habere.
1650 890 1694 922 Et
1720 888 1787 922 hoc
1814 889 1882 922 fuit
1909 889 2054 931 factum,
2083 895 2119 922 ut

244 956 420 1002 magister
452 955 603 1002 prebeat
636 955 883 989 testimonium
919 955 963 988 de
998 955 1143 988 licentia
1178 954 1374 997 bacallarii,
1406 955 1576 1001 quoniam
1611 955 1756 1001 quidam
1792 967 1923 1001 magne
1957 956 2049 989 fame
2084 955 2120 988 in

244 1023 434 1057 retroactis
460 1021 688 1068 temporibus
708 1022 885 1068 quosdam
911 1022 972 1067 qui
998 1033 1071 1055 non
1097 1028 1200 1055 erant
1225 1021 1400 1055 licentiati
1424 1022 1591 1055 fecerunt
1610 1022 1772 1068 incipere
1793 1021 1862 1055 sub
1882 1022 2037 1068 quodam
2059 1022 2121 1067 qui

245 1089 358 1123 nichil
378 1088 518 1123 sciebat
536 1089 582 1122 de
602 1088 748 1122 licentia
768 1088 826 1122 vel
847 1100 920 1122 non
941 1088 1087 1122 licentia
1108 1100 1251 1130 eorum;
1275 1094 1311 1122 et
1330 1088 1413 1121 ideo
1435 1094 1606 1122 statutum
1633 1095 1690 1122 est
1715 1088 1807 1122 illud
1831 1089 1930 1134 quod
1951 1088 2119 1125 dicimus,

246 1162 285 1190 ut
302 1156 334 1190 si
354 1156 485 1190 factum
507 1154 699 1189 consimile
720 1154 891 1188 decetero
917 1154 1136 1196 inveniatur,
1158 1154 1257 1200 quod
1282 1154 1453 1200 puniatur
1480 1155 1654 1200 magister
1676 1161 1806 1188 tenens
1828 1155 2060 1200 principium,
2088 1161 2123 1188 et

245 1221 463 1256 bacellarius
490 1221 683 1268 incipiens.
704 1222 748 1254 Et
768 1221 799 1254 si
825 1221 872 1254 ita
897 1220 937 1254 fit
961 1221 1059 1266 quod
1089 1221 1264 1266 magister
1290 1221 1422 1266 aliquis
1451 1233 1492 1254 se
1521 1220 1699 1263 absentet,
1731 1227 1880 1267 propter
1906 1221 1998 1254 illud
2024 1221 2121 1266 quod

246 1288 334 1323 dicit
362 1287 602 1322 cancellarius
631 1287 668 1320 in
695 1287 759 1321 illo
789 1287 956 1329 articulo,
979 1287 1077 1332 quod
1104 1294 1223 1320 tamen
1250 1299 1324 1320 non
1352 1294 1408 1321 est
1434 1287 1565 1329 visum,
1595 1288 1795 1321 remedium
1822 1287 1957 1321 habent
1983 1287 2027 1321 ad
2054 1287 2122 1321 hoc

245 1354 431 1389 bucellarii
457 1366 464 1388 :
496 1367 577 1388 nam
604 1354 636 1388 si
663 1354 838 1400 magister
864 1365 904 1387 se
931 1353 1111 1395 absentet,
1140 1365 1213 1386 non
1244 1360 1400 1399 possunt
1428 1353 1640 1400 magistrum
1669 1366 1775 1388 suum
1806 1354 1940 1388 habere
1970 1354 2123 1387 comode

245 1421 430 1456 bacellarii
450 1421 538 1467 ipsi3
560 1427 717 1467 possunt
735 1432 839 1466 ergo,
861 1420 1063 1454 secundum
1084 1420 1234 1454 formam
1255 1421 1391 1462 statuti,
1414 1420 1483 1454 sub
1504 1420 1574 1454 alio
1596 1433 1815 1466 quocunque
1836 1421 2010 1467 incipere.

334 1487 392 1522 Ad
418 1487 584 1534 quintum
610 1486 816 1528 articulum,
842 1499 923 1520 cum
951 1486 1040 1520 dicit
1065 1486 1306 1520 cancellarius
1333 1487 1432 1532 quod
1462 1487 1577 1520 nostri
1606 1487 1769 1532 magistri
1799 1499 1873 1520 non
1899 1487 2027 1533 legunt
2054 1487 2124 1520 nisi

246 1566 312 1601 pro
339 1555 506 1601 pecunia,
533 1553 718 1587 credimus
743 1553 842 1599 quod
869 1553 986 1587 nostri
1012 1553 1178 1599 magistri
1204 1553 1333 1599 legunt
1359 1565 1424 1599 pro
1455 1553 1512 1586 sui
1540 1560 1575 1586 et
1601 1553 1796 1587 scolarium
1827 1553 1992 1587 utilitate.
2023 1555 2066 1586 Et
2094 1554 2125 1586 si

245 1621 358 1668 aliqui
377 1621 539 1668 provecti
560 1620 622 1666 qui
642 1632 716 1654 non
735 1619 870 1654 habent
889 1619 984 1653 bona
1004 1619 1269 1666 patrimonialia
1289 1626 1385 1653 tanta
1405 1620 1503 1665 quod
1524 1620 1669 1666 possint
1695 1632 1734 1654 se
1762 1620 1806 1653 ad
1830 1620 1918 1654 alias
1939 1619 2126 1654 facultates

245 1688 458 1731 transferre,
475 1687 571 1722 sicut
590 1686 728 1722 vellent
747 1686 851 1720 multi
871 1685 959 1720 boni
976 1687 1038 1732 qui
1059 1693 1144 1720 sunt
1163 1687 1201 1720 in
1217 1686 1385 1720 facultate
1405 1687 1626 1729 artistarum,
1652 1699 1719 1720 nec
1739 1693 1834 1720 tanta
1855 1687 1951 1720 unde
1972 1686 2128 1720 habeant

248 1755 408 1802 perfecte
429 1754 610 1797 victualia,
632 1754 705 1788 nisi
729 1753 931 1796 lucrentur,
952 1753 1030 1787 vult
1049 1753 1290 1787 cancellarius
1311 1753 1410 1799 quod
1431 1753 1522 1788 tales
1542 1753 1667 1799 legant
1692 1766 1757 1799 pro
1783 1753 1932 1787 nichilo.
1956 1754 1992 1788 Si
2017 1753 2127 1787 vellet

247 1821 331 1864 hoc,
352 1820 504 1855 deberet
524 1821 578 1855 eis
598 1820 853 1854 administrare
874 1820 1055 1861 victualia,
1078 1820 1249 1865 quoniam
1275 1820 1355 1853 sine
1376 1819 1595 1854 victualibus
1616 1819 1845 1866 impossibile
1867 1827 1923 1854 est
1943 1820 2125 1853 hominem

247 1887 397 1935 aliquod
421 1887 558 1922 bonum
584 1887 715 1929 facere,
743 1887 1008 1933 qualecumque
1037 1887 1159 1928 fuerit,
1181 1898 1246 1920 seu
1277 1887 1437 1933 operari3
1461 1886 1646 1932 quoniam,
1667 1887 1762 1920 sicut
1781 1887 1858 1921 vult
1885 1886 2127 1933 philosophus

248 1955 286 1990 in
305 1953 401 1988 libro
420 1954 651 1996 Efflicorum,
673 1953 904 2000 impossibile
925 1960 982 1987 est
1005 1953 1101 1987 bona
1120 1953 1264 1999 operari
1289 1953 1515 1999 indigentem
1537 1959 1670 1995 entem,
1692 1953 1761 1987 hoc
1782 1953 2023 1999 intelligendo
2045 1965 2127 1987 esse

248 2020 478 2068 impossibile
499 2020 701 2055 secundum
727 2032 875 2055 cursum
903 2019 1060 2054 humane
1086 2026 1226 2062 nature,
1249 2031 1320 2065 que
1348 2026 1498 2066 propter
1521 2020 1728 2053 continuam
1751 2020 1809 2053 sui
1834 2019 1973 2053 humidi
2000 2020 2129 2053 intrin-

249 2087 325 2122 seci
345 2087 638 2134 deperditionem
666 2093 750 2134 eget
775 2086 974 2121 alimentali
1002 2087 1215 2129 refectione,
1244 2086 1340 2120 sicut
1365 2086 1607 2133 philosophus
1633 2086 1778 2120 videtur
1804 2086 1872 2120 hoc
1900 2087 1937 2120 in
1964 2087 2128 2120 secundo

248 2153 293 2189 de
309 2154 443 2189 Anima
463 2154 630 2188 innuere.
654 2155 698 2188 Et
717 2154 800 2187 dico
821 2153 920 2200 quod
940 2154 1057 2187 nostri
1078 2153 1242 2199 magistri
1269 2165 1334 2199 pro
1360 2153 1497 2186 lectura
1518 2152 1630 2186 nichil
1651 2153 1734 2199 plus
1756 2153 1936 2199 recipiunt
1955 2165 2060 2199 quam
2083 2153 2128 2186 de

246 2220 317 2255 hoc
336 2219 580 2267 recipiebatur
599 2220 637 2254 in
657 2220 847 2254 retroactis
874 2219 1113 2266 temporibus,
1137 2220 1173 2253 in
1194 2231 1426 2266 quocumque
1453 2219 1563 2253 fuerit
1587 2219 1695 2253 libro.
1718 2220 1773 2253 Ad
1795 2219 1886 2253 illud
1914 2220 2013 2265 quod
2041 2219 2130 2253 dicit

250 2287 347 2321 idem
373 2285 626 2330 cancellarius,
658 2286 757 2333 quod
784 2287 901 2321 nostri
933 2286 1097 2333 magistri
1130 2298 1204 2320 non
1236 2287 1368 2320 finiunt
1403 2298 1491 2320 suos
1525 2285 1654 2327 libros,
1683 2286 1892 2319 mendaccm
1922 2286 1957 2319 in
1987 2286 2058 2319 isto
2082 2275 2128 2319 *se

251 2352 381 2399 probat
399 2352 640 2387 cancellarius
660 2365 726 2399 per
746 2352 943 2387 relationes
963 2364 1054 2398 quas
1074 2353 1154 2399 ipse
1177 2353 1262 2386 facit
1285 2352 1439 2386 inferius
1458 2352 1503 2386 de
1524 2353 1668 2386 statutis
1694 2352 1887 2394 facultatis,
1909 2353 1946 2385 in
1973 2364 2127 2398 quorum

251 2419 365 2454 altero
386 2419 595 2453 continetur
614 2419 713 2465 quod
734 2419 898 2466 magistri
920 2418 1004 2453 illos
1024 2418 1140 2452 libros
1159 2430 1252 2464 quos
1273 2419 1452 2465 incipiunt
1472 2418 1576 2452 finire
1597 2425 1779 2452 tenentur.

341 2486 398 2520 Ad
425 2492 567 2520 sextum
587 2485 779 2520 articulum
801 2485 957 2519 dicimus
977 2485 1077 2531 quod
1097 2485 1213 2519 nostri
1238 2485 1402 2531 magistri
1429 2497 1502 2518 non
1526 2484 1662 2518 faciunt
1686 2492 1878 2527 rectorem,
1901 2485 1971 2519 nisi
1998 2497 2130 2519 secun-

252 2552 337 2586 dum
366 2551 463 2586 illam
492 2552 585 2586 viam
613 2563 718 2598 quam
749 2563 829 2594 vos,
859 2558 960 2598 pater
986 2558 1123 2594 sancte,
1152 2551 1388 2585 ordinavistis
1419 2551 1457 2584 in
1487 2550 1556 2585 hoc
1588 2551 1779 2585 tenendam
1808 2564 1873 2598 pro
1901 2551 2128 2598 temporibus

252 2618 441 2665 cujusdam
469 2618 651 2665 quondam
676 2624 798 2652 vestre
820 2617 1048 2664 legadonis'.
1075 2617 1131 2652 Ad
1151 2617 1241 2651 illud
1262 2617 1361 2664 quod
1381 2617 1469 2651 dicit
1489 2617 1584 2651 idem
1609 2618 1849 2652 cancellarius
1870 2625 2009 2665 postea,
2030 2619 2128 2665 quod

253 2696 297 2719 ex
325 2684 508 2720 discordia
534 2691 612 2719 orta
638 2697 705 2731 pro
734 2684 914 2718 electione
948 2684 1058 2718 unius
1087 2684 1335 2730 procuratoris
1364 2691 1545 2718 cessatum
1573 2691 1629 2719 est
1658 2696 1723 2731 per
1757 2685 1985 2719 medietatem
2019 2686 2128 2719 unius

251 2752 350 2795 anni,
376 2751 564 2786 adducens
588 2758 745 2786 vestram
777 2751 1007 2786 Sanctitatem
1036 2751 1073 2785 in
1099 2751 1366 2785 attestationem
1399 2750 1509 2797 hujus
1535 2762 1601 2785 seu
1629 2751 1863 2794 reculturam,
1890 2765 1963 2787 non
1990 2752 2126 2790 recolo,

253 2824 355 2865 pater
374 2825 510 2861 sancte,
535 2818 633 2865 quod
655 2830 722 2853 vos
743 2818 910 2853 videritis
935 2830 1000 2864 per
1021 2824 1156 2852 tantum
1178 2818 1339 2864 spacium
1361 2817 1538 2864 temporis
1557 2825 1737 2852 cessatum
1766 2819 1880 2853 fuisse
1906 2819 1942 2852 in
1963 2819 2129 2853 facultate

254 2891 379 2919 nostra
399 2891 549 2932 propter
562 2886 636 2931 jam
659 2885 814 2926 dictum3
836 2897 962 2919 verum
991 2891 1047 2919 est
1078 2891 1196 2919 tamen
1225 2884 1324 2930 quod
1354 2884 1468 2918 semel
1497 2891 1677 2919 cessatum
1708 2885 1775 2919 fuit
1799 2893 1948 2931 propter
1972 2885 2039 2919 hoc
2066 2896 2130 2931 pcr

255 2950 489 2997 quindenam,
507 2950 564 2986 vel
584 2952 747 2994 circiter;
766 2958 850 2986 tunc
871 2957 989 2986 tamen
1012 2963 1085 2985 non
1106 2949 1275 2998 regebam
1296 2963 1362 2985 nec
1383 2950 1458 2985 rexi
1480 2962 1596 2997 usque
1617 2951 1662 2986 ad
1682 2951 1790 2998 longa
1813 2958 1972 2997 tempora
1991 2957 2127 2997 postea.

381 3010 476 3035 ΟΜΝ.
499 3009 578 3035 υπίο.
596 3009 691 3035 Parin.
708 3009 729 3034 1.
1975 3009 2004 3032 77
