2618 3640
690 423 738 446 AB
773 422 1019 445 ALEXANDRO
1054 423 1103 444 111
1138 423 1271 452 USQUE
1307 423 1355 445 AD
1390 423 1534 445 ANNUM
1570 424 1662 446 Mcc.
2078 415 2120 450 37

236 498 359 532 censis
385 497 671 544 arehiepiscopi⁰
703 498 814 531 frater
847 504 954 543 atque
989 497 1034 530 de
1068 497 1331 530 illustrissimis
1359 497 1589 543 principibus
1617 497 1765 530 trahens
1801 498 1979 543 originem
2005 510 2012 531 z
2036 499 2120 532 hinc

236 565 336 611 regis
355 565 490 611 Anglie
510 565 821 610 consanguineus,
843 565 929 598 inde
951 566 1172 598 Francorum
1194 576 1319 610 regem
1341 564 1436 597 linea
1462 565 1612 610 generis
1633 565 1896 610 propinquiore
1918 566 2118 610 contingit;

236 644 302 666 sue
323 639 442 666 tamen
461 632 647 678 fastigium
673 631 859 678 parentele
888 631 1071 665 nobiliore
1102 632 1255 677 quadam
1286 631 1396 664 animi
1421 631 1669 677 generositate
1695 631 1844 673 fastidit,
1872 638 1907 664 et
1933 644 1976 664 ex
2003 632 2120 677 ipsius

235 706 445 745 contemptu
460 699 602 744 judicio
623 710 764 742 eorum,
782 699 844 744 qui
865 699 1002 732 rectius
1023 699 1181 744 sapiunt,
1205 699 1262 732 sui
1283 698 1433 744 generis
1455 698 1652 731 eminentie
1674 698 1870 744 plurimum
1894 699 2118 744 superaddit.

328 797 453 821 Biblioth.
470 800 524 821 nat.
541 797 625 821 Paris.
642 805 706 821 msa.
723 797 769 821 lat.
790 797 876 826 14764,
893 797 938 821 fol.
956 798 1018 826 104;
1036 798 1106 826 3605,
1124 798 1168 821 sol.
1185 797 1236 820 96¹2.
1252 811 1284 814 —
1298 797 1394 828 Migne,
1410 797 1522 821 Patrol.
1536 797 1596 826 lat„
1612 800 1675 820 tom.
1693 797 1790 825 CCVII,
1807 805 1848 828 ep.
1866 797 1919 825 126,
1935 805 1962 828 p.
1979 798 2033 820 375.

329 883 351 906 1.
367 883 397 906 In
412 891 461 906 ms.
477 885 503 906 et
517 882 544 906 in
559 882 618 906 edd.
639 882 737 914 legitur
751 883 780 906 R.
798 883 845 906 Ast
859 882 893 905 ab
908 891 977 906 anno
998 883 1132 906 1179-1205
1147 882 1231 905 abbas
1252 882 1406 906 monasterii
1427 883 1452 905 S.
1474 882 1544 906 Petri
1565 881 1746 906 Gloucestriae
1762 882 1812 905 fuit
1827 882 1941 905 Thomas
1957 885 2034 905 antea
2048 882 2123 913 prior

233 927 397 951 Hertordiae.
419 927 458 951 Cf.
479 927 608 952 Historia
627 931 652 951 et
674 927 821 952 Cartular.
842 934 920 952 mon.
941 928 971 951 S.
991 927 1072 951 Petri
1089 927 1186 951 Glouc.
1204 927 1245 950 ed.
1262 928 1328 950 Hart
1347 928 1367 956 1,
1390 928 1428 950 22.
1451 928 1481 950 In
1497 935 1546 950 ms.
1562 927 1608 950 lat.
1626 927 1710 950 Paris.
1735 928 1805 955 2605,
1830 927 1874 950 sol.
1890 927 1942 955 961²,
1958 927 2032 950 deest
2046 927 2075 950 R.
2092 941 2123 944 —

234 972 257 996 2.
280 971 408 996 Henricus
430 972 462 995 de
484 972 560 1003 Sutly
581 972 722 1004 episeopus
741 972 923 1003 Vigorniensis
946 980 1015 995 anno
1035 972 1097 995 1195
1117 975 1237 995 mortuus
1257 975 1305 995 est.
1325 986 1356 989 ——
1375 973 1397 995 3.
1417 972 1536 995 Odonem
1551 972 1583 995 de
1599 972 1683 1003 Sully,
1700 972 1745 1003 qui
1761 980 1829 995 anno
1850 972 1911 995 1196
1926 972 2024 995 electus
2040 971 2121 995 estin

233 1016 389 1048 episcopum
403 1016 588 1045 Parisiensem,
604 1020 630 1040 et
644 1017 783 1040 defunctus
799 1017 829 1040 13
843 1017 908 1040 Julii
923 1025 965 1040 an.
983 1017 1053 1040 1208.
1069 1017 1134 1040 Vide
1152 1017 1268 1041 OEuvres
1280 1018 1313 1041 de
1327 1016 1436 1048 Riqord
1448 1020 1475 1041 et
1488 1018 1523 1041 de
1534 1016 1698 1041 Guillaume
1712 1017 1737 1041 le
1749 1017 1863 1045 Breton,
1880 1017 1919 1040 ed.
1937 1016 2085 1039 Delahorde
2100 1017 2120 1045 1,

234 1061 280 1085 136
290 1069 330 1093 aq.
347 1062 400 1085 165.
416 1075 448 1080 —
461 1062 484 1086 4.
501 1061 632 1093 Episcopo
647 1061 770 1085 Mauritio
785 1062 817 1085 de
834 1062 917 1093 Sully,
934 1061 979 1093 qui
995 1064 1052 1084 erat
1066 1064 1235 1085 consecratus
1250 1061 1278 1084 in
1292 1061 1373 1093 episc.
1394 1061 1478 1085 Paris.
1500 1061 1569 1085 inter
1586 1062 1615 1085 17
1631 1061 1687 1085 Oct.
1704 1065 1730 1084 et
1744 1062 1774 1084 30
1788 1061 1916 1085 Novemb.
1929 1061 1999 1090 1160,
2015 1064 2041 1084 et
2056 1061 2122 1084 obiit

234 1106 262 1129 11
286 1106 358 1137 Sept.
379 1106 448 1129 1196.
470 1106 533 1138 Ejus
554 1114 688 1129 sermones
711 1106 738 1129 in
758 1106 849 1129 multis
866 1114 929 1129 mss.
950 1109 1142 1129 conservantur
1162 1106 1204 1138 (ef.
1222 1107 1306 1138 Leeoy
1326 1106 1357 1129 de
1373 1106 1398 1129 la
1414 1106 1528 1135 Marche,
1545 1107 1587 1130 La
1604 1105 1708 1131 Chaire
1720 1106 1868 1136 francaise
1885 1113 1924 1130 αα
1943 1113 2045 1137 moyen
2060 1106 2121 1137 aye,

234 1151 262 1174 20
283 1150 335 1179 ed„
355 1159 382 1182 p.
407 1150 470 1182 520).
486 1151 633 1182 Antequam
647 1153 704 1174 erat
719 1150 860 1182 episcopus
881 1150 975 1179 Paris„
992 1150 1154 1182 theologiam
1169 1150 1280 1174 docebat
1299 1150 1325 1173 in
1346 1150 1444 1173 scholis
1464 1150 1661 1174 Parisiensibus
1681 1154 1747 1174 teste
1763 1150 1883 1174 Johnnne
1904 1150 2079 1174 Cornubiensi
2094 1150 2122 1173 in

234 1203 282 1219 suo
297 1195 418 1226 Euloyio
437 1196 475 1220 ad
489 1195 691 1220 Alexandrum
702 1195 762 1220 III.
778 1196 903 1224 Max-tene,
923 1195 1002 1220 Thes.
1015 1202 1078 1220 nov.
1093 1197 1192 1220 anecd.
1207 1196 1236 1224 V,
1254 1196 1323 1218 1669.
1340 1209 1372 1212 -
1387 1197 1409 1219 5.
1426 1196 1455 1218 21
1472 1195 1565 1219 Octob.
1581 1203 1649 1218 anno
1666 1195 1735 1219 1187.
1750 1209 1783 1213 -—
1797 1197 1821 1219 6.
1840 1195 1946 1218 Hem-ici
1962 1196 1972 1218 Ι
1988 1195 2020 1218 de
2036 1195 2121 1227 Sully.

234 1361 312 1399 31.
337 1372 490 1397 Senatores
511 1372 620 1397 Romae
642 1370 840 1396 commendant
861 1370 1001 1397 Ludovico
1030 1372 1083 1397 VII
1100 1371 1161 1406 regi
1183 1372 1357 1397 Francorum
1381 1371 1466 1396 civem
1494 1371 1654 1397 Romanum
1678 1371 1836 1397 Iohannem
1867 1371 1970 1397 Felicis
1995 1372 2120 1398 Parisiis

321 1419 482 1446 studiorum
497 1429 589 1446 causa
603 1419 762 1455 degentem.

1430 1482 1502 1512 7164,
1517 1483 1636 1509 danum-ll
1651 1484 1676 1513 4,
1692 1482 1806 1517 [Romae
1807 1482 1833 1517 J.

322 1571 518 1604 Senatores
552 1570 664 1605 Urbis
698 1571 845 1605 urbium
874 1571 1009 1604 illustri
1040 1578 1075 1604 et
1101 1571 1273 1616 prudenti
1303 1571 1381 1605 viro
1417 1571 1603 1605 Ludovico
1635 1573 1854 1605 Francorum
1891 1572 1970 1617 regi
2004 1572 2118 1605 amico

232 1649 358 1671 eorum
392 1638 582 1672 carissimo
617 1638 769 1672 salutem
799 1646 835 1672 et
864 1638 1110 1672 dilectionem.
1147 1639 1264 1684 Super
1298 1638 1523 1684 benignitate
1556 1645 1678 1672 vestre
1713 1639 1815 1685 regie
1849 1639 2049 1685 majestatis
2078 1652 2117 1673 ac

230 1704 459 1752 liberalitatis
489 1717 557 1739 nos
586 1706 777 1751 nostrique
807 1706 906 1740 cives
935 1705 1040 1739 valde
1070 1705 1300 1739 confidentes
1328 1705 1473 1739 nobiles
1503 1706 1602 1739 cives
1638 1713 1785 1740 nostros
1820 1706 1976 1740 clericos
2010 1718 2118 1740 causa

230 1770 437 1805 liberalium
459 1772 664 1806 studiorum
684 1773 722 1805 in
743 1779 875 1806 terram
895 1779 1017 1806 vestre
1044 1772 1174 1806 ditioni
1202 1772 1384 1806 subditam
1411 1785 1550 1806 summa
1576 1785 1641 1818 spe
1667 1773 1875 1819 dirigimus.
1899 1775 1998 1806 Inter
2023 1786 2116 1819 quos

230 1839 412 1884 quendam
436 1851 660 1885 generosum
685 1839 801 1873 civem
826 1846 992 1873 nostrum
1017 1841 1193 1873 Joannem
1220 1839 1353 1873 Felicis
1380 1840 1476 1886 apud
1504 1840 1666 1874 Parisius
1694 1840 1840 1874 litterali
1868 1841 1990 1874 studio
2016 1853 2115 1874 com-

231 1912 444 1947 morantem,
475 1918 582 1952 quem
612 1906 806 1940 honestum
837 1908 997 1940 Romane
1032 1906 1188 1940 ecclesie
1223 1906 1397 1940 clericum
1433 1907 1582 1948 scimus,
1614 1914 1735 1941 vestre
1767 1908 1867 1953 regie
1897 1907 2114 1953 benignitati

229 1971 334 2006 valde
355 1973 666 2015 commendamus,
687 1980 878 2019 precantes
905 1973 1056 2006 nimium
1084 1980 1242 2007 vestram
1271 1973 1539 2016 liberalitatem,
1562 1981 1601 2007 ut
1627 1975 1660 2007 ei
1687 1987 1753 2020 pro
1781 1981 1907 2008 nostro
1939 1981 1974 2008 et
2002 1974 2113 2008 Urbis

229 2051 351 2072 amore
372 2039 410 2072 in
429 2038 500 2082 his,
522 2051 592 2085 que
613 2052 695 2073 eum
718 2047 874 2086 oportet,
895 2040 1073 2073 honorem
1095 2047 1131 2074 et
1150 2040 1323 2073 auxilium
1349 2041 1557 2083 conferatis,
1581 2041 1752 2086 quoniam
1779 2054 1798 2074 a
1826 2041 1933 2074 nobis
1961 2041 2112 2087 suisque

230 2106 377 2152 optimis
402 2106 702 2152 consanguineis,
731 2107 866 2152 quibus
886 2107 924 2140 in
953 2107 1052 2141 Urbe
1075 2107 1271 2153 plurimum
1299 2107 1425 2153 pollet,
1448 2108 1561 2142 vestri
1589 2108 1718 2141 fideles
1748 2108 1786 2141 in
1814 2109 1972 2142 Romana
2000 2109 2112 2154 patria

229 2171 376 2218 dignam
396 2173 512 2207 vicem
534 2179 570 2206 et
588 2185 751 2219 congrua
772 2174 803 2207 si
825 2174 1029 2220 oportuerit
1048 2174 1228 2220 recipient
1247 2174 1397 2220 premia,
1416 2174 1596 2220 vobisque
1617 2175 1744 2208 laudes
1765 2182 1802 2208 et
1819 2182 1942 2220 grates
1963 2187 2112 2221 magnas

230 2239 444 2273 referemus.
467 2240 579 2273 Missa
598 2240 634 2274 iv
655 2241 713 2274 die
733 2241 894 2275 ‚Ianuarii
914 2241 1115 2274 indictione
1136 2241 1197 2286 xij.

323 2337 468 2366 Ducbesne,
483 2338 627 2363 Historiae
644 2338 825 2363 Francorum
839 2339 991 2370 scriptores
1011 2340 1053 2368 lv,
1071 2340 1124 2363 714.
1140 2353 1172 2357 —
1186 2340 1300 2363 Bulaeus
1317 2341 1351 2365 11.
1367 2341 1421 2364 302.
1439 2340 1502 2365 Rec.
1522 2341 1568 2365 des
1583 2340 1690 2365 Histor.
1706 2341 1752 2365 des
1767 2340 1871 2365 Gaules
1887 2340 1951 2369 XVI,
1969 2341 2006 2364 77.
2023 2353 2054 2358 —-
2073 2340 2112 2364 Ad

229 2381 392 2406 Lndovicum
407 2382 453 2406 Vll
469 2382 535 2406 istae
550 2385 576 2406 et
589 2385 702 2414 quatuor
717 2386 856 2415 sequentes
871 2383 1000 2415 epistolae
1016 2383 1131 2407 directae
1147 2387 1217 2408 sunt.

229 2547 308 2586 32.
330 2557 475 2584 Jordanus
490 2559 571 2584 Petri
584 2559 687 2585 Leonis
703 2558 804 2584 consul
818 2559 1010 2585 Romanorum
1027 2558 1148 2586 eundem
1162 2559 1320 2586 Iohannem
1336 2559 1439 2586 Felicis
1455 2559 1594 2586 Ludovico
1616 2561 1669 2587 VJJ
1679 2559 1866 2587 commendat.

1517 2672 1590 2702 1164,
1605 2671 1747 2707 [BomaeJ.

317 2766 473 2800 Domino
505 2767 690 2801 Ludovico
717 2767 968 2801 illustrissimo
997 2769 1217 2801 Francorum
1239 2767 1318 2814 regi
1345 2768 1527 2802 Jordanus
1549 2768 1644 2801 Petri
1667 2768 1800 2801 Leonis
1826 2767 1959 2802 consul
1981 2770 2110 2802 Roma-

228 2843 358 2866 norum
387 2832 540 2867 salutem
570 2839 605 2867 et
633 2841 845 2880 perpetuam
875 2834 1079 2868 amicitiam.
1111 2834 1203 2878 Quia
1229 2834 1424 2880 plurimum
1452 2835 1496 2868 de
1523 2842 1643 2869 vestra
1668 2834 1854 2881 probitate
1875 2835 2106 2877 confidimus,

226 2910 292 2933 vos
326 2905 499 2945 quantum
534 2912 731 2946 possumus
771 2913 944 2947 rogamus
982 2913 1048 2947 pro
1089 2901 1245 2947 quodam
1285 2901 1466 2947 discipulo
1507 2901 1746 2935 dilectissimo
1788 2908 1914 2935 nostro
1953 2913 2108 2934 consan-

227 2964 377 3011 guineo,
398 2966 460 3012 qui
491 2973 546 3003 est
575 2967 763 3002 ordinatus
789 2969 948 3002 Romane
973 2968 1087 3011 curie,
1114 2968 1261 3002 nomine
1290 2965 1450 3002 Joannes
1480 2968 1625 3010 Felicis,
1647 2969 1707 3014 qui
1739 2968 1899 3002 Pau-isius
1929 2968 1966 3000 in
1995 2967 2107 3001 scolis
