2580 3528
285 403 381 444 1256]
634 413 681 435 AB
715 413 821 435 ANNO
855 413 932 435 mcc
966 413 1098 442 USQUE
1133 413 1182 435 An
1217 414 1448 436 ruinarum
1483 415 1523 437 1v
1558 416 1646 438 aaa.
1684 417 1821 440 ruANc.
2093 411 2159 444 329

282 486 426 532 digesto
444 486 557 532 partis
577 486 658 520 iniit
677 492 879 527 venustate,
903 486 948 519 de
968 486 1124 520 consilio
1150 487 1394 520 discretorum
1416 489 1565 521 fratrum
1588 489 1812 523 studentium
1833 491 1877 524 ad
1898 493 2156 536 perfectionem

282 552 447 598 ejusdem
482 553 628 587 Summe
662 553 892 586 necessarios
920 565 986 598 pro
1015 565 1169 587 numero
1202 560 1238 587 et
1267 554 1422 588 idoneos
1453 567 1519 600 pro
1546 555 1676 588 merito
1709 568 1890 590 convoces
1925 559 2085 592 Parisius
2116 572 2158 601 ex

250 652 259 658 ,
281 618 510 665 quibuslibet
536 619 861 652 administrationis
882 626 942 653 tue
962 619 1055 654 locis
1080 619 1221 654 ordinis
1242 621 1293 653 tui
1313 621 1456 662 fratres,
1479 621 1614 667 quihus
1635 634 1679 655 ex
1699 629 1799 667 parte
1820 630 1943 657 nostra
1964 625 2001 658 in
2031 626 2159 658 remis-

280 685 424 719 sionem
454 685 625 731 injungas
654 686 902 731 peccaminum
935 693 971 720 et
998 686 1043 720 ad
1073 698 1223 720 suorum
1253 687 1438 720 cumulum
1473 689 1699 729 meritorum,
1729 696 1768 722 ut
1796 689 1929 723 dilecto
1955 690 2030 724 filio
2058 692 2157 724 fratri

281 751 485 786 Guillermo
512 752 557 786 de
584 752 790 786 Milletona¹
820 752 904 786 huic
934 753 1175 786 sollicitudini
1204 754 1376 799 deputato
1410 754 1539 788 sedule
1567 755 1797 797 assistentes,
1826 756 2020 802 ipsumque
2049 770 2089 791 ac
2118 770 2158 791 se

281 825 407 852 mutuo
431 818 645 864 adjuvantes
669 819 750 852 sine
777 819 962 853 dilationis
988 819 1183 865 dispendio
1209 820 1371 866 predicte
1399 821 1545 855 Summe
1566 834 1659 867 opus
1680 822 1836 856 finaliter
1855 831 2092 869 exequantur,
2114 825 2158 857 ad

279 884 349 919 hoc
376 897 448 918 uno
470 891 506 919 et
525 885 653 919 eodem
679 885 825 919 Domini
851 886 995 931 spiritu,
1018 886 1079 931 qui
1105 887 1218 932 gratis
1245 887 1334 920 mira
1360 887 1592 921 scientiarum
1615 888 1708 922 dona
1730 888 1929 931 distribuit,
1951 890 2156 936 adjuvante.

281 952 359 985 Dat.
382 951 549 998 Anagnie
569 964 591 985 v
611 951 680 985 kal.
703 952 875 998 Augusti,
896 952 1128 998 pontificatus
1150 953 1267 986 nostri
1286 965 1382 986 anno
1403 954 1440 999 ij.

375 1050 443 1074 Bibl.
457 1053 511 1074 nat.
525 1050 620 1079 Parim,
631 1059 681 1074 ms.
693 1051 739 1075 lat.
753 1051 838 1080 1⁵751,
854 1051 897 1075 sol.
911 1051 983 1080 1205,
993 1055 1054 1083 post
1068 1051 1078 1075 1
1091 1055 1193 1083 partem
1203 1052 1328 1076 Summae
1337 1052 1476 1076 Alexandri
1487 1053 1519 1076 de
1532 1053 1610 1076 Hales
1622 1054 1699 1083 (saec.
1713 1054 1791 1083 xm),
1804 1055 1833 1078 In
1844 1054 1895 1077 {ine
1903 1054 2031 1086 epistolae
2043 1055 2158 1087 legitur:

281 1102 294 1118 σι
309 1094 423 1126 Explicit
450 1094 527 1127 copia
554 1095 587 1119 de
610 1095 691 1119 verbo
714 1095 748 1119 ad
771 1095 891 1123 verbum,
918 1104 998 1128 quarn
1021 1104 1070 1128 ego
1094 1096 1175 1120 habui
1199 1099 1225 1120 et
1245 1096 1317 1120 tenui
1342 1100 1367 1120 et
1390 1097 1500 1128 palpavi
1522 1096 1610 1120 bullas
1634 1106 1711 1129 pape,
1736 1101 1762 1122 et
1784 1098 1943 1130 transcripsi
1966 1102 1992 1123 et
2017 1099 2067 1123 fuit
2090 1108 2160 1132 papa

280 1138 426 1163 Alexander
440 1139 474 1163 IV
488 1147 511 1164 ι).
531 1139 667 1171 Originale
682 1139 708 1163 in
727 1143 856 1163 conventu
878 1141 990 1164 fratrum
1008 1140 1070 1164 Min.
1086 1140 1196 1164 Parisiis
1213 1144 1379 1164 asservatum
1400 1141 1456 1169 ruit,
1474 1144 1502 1164 ut
1522 1141 1620 1173 legitur
1635 1141 1661 1165 in
1676 1150 1755 1174 opere
1773 1143 1968 1168 Firmamenta
1987 1144 2077 1168 trium
2099 1145 2158 1169 ord.

281 1182 310 1208 S.
331 1183 484 1212 Franciscv',
505 1183 634 1214 (Parisiis,
657 1184 735 1216 1512),
756 1187 831 1215 parte
856 1185 877 1213 1,
899 1185 944 1207 fol.
961 1184 1036 1208 XLII.
1059 1185 1248 1216 Apographum
1267 1185 1294 1208 iu
1314 1185 1371 1209 cod.
1393 1185 1477 1209 Paris.
1500 1189 1540 1209 est
1560 1194 1627 1209 saec.
1644 1186 1700 1210 XIV
1714 1190 1740 1210 et
1755 1188 1821 1211 sorte
1841 1187 1903 1210 anni
1925 1188 1995 1216 1373,
2011 1188 2055 1220 qui
2075 1197 2160 1212 annus

280 1227 378 1259 legitur
397 1227 423 1251 in
442 1228 574 1260 principio
594 1228 718 1252 Summae
736 1227 792 1260 (fol.
808 1228 848 1260 2⁵)
868 1228 894 1251 in
914 1229 965 1252 fine
986 1228 1080 1252 indicis
1097 1229 1243 1252 titulorum.
1265 1229 1352 1253 Facile
1372 1229 1570 1262 recognoscitur
1585 1230 1628 1254 hic
1647 1230 1754 1263 illicque
1773 1232 1865 1255 eadem
1887 1240 1989 1256 manus.
2006 1246 2037 1250 —-
2056 1233 2160 1260 Quem-

277 1271 390 1300 Eehard,
406 1272 456 1297 SS.
476 1274 536 1297 ord.
552 1272 665 1299 PrCted..
682 1273 702 1301 l,
718 1273 772 1296 321.
794 1273 845 1296 Sed
864 1272 920 1304 jam
938 1275 1031 1296 auctor
1052 1273 1157 1298 Chron.
1174 1273 1276 1298 XXIV
1285 1274 1411 1304 general.
1432 1275 1493 1298 ord.
1510 1274 1614 1299 Minor.
1636 1283 1703 1298 saec.
1721 1276 1776 1299 XIV
1791 1276 1870 1307 hujus
1883 1276 2012 1308 epistolae
2027 1277 2157 1301 meminit.

279 1315 358 1348 (Bihl.
374 1315 493 1340 Riccard,
510 1311 634 1345 Floreat„
650 1324 699 1340 ms.
716 1317 780 1346 279).
796 1330 827 1334 —
841 1316 976 1348 Quidquid
991 1317 1026 1340 sit
1039 1317 1071 1340 de
1086 1317 1145 1348 ipsa
1160 1317 1281 1349 epistola,
1299 1326 1362 1341 sane
1377 1318 1495 1349 Rogerus
1512 1318 1580 1342 Baco
1594 1318 1705 1342 scribit:
1721 1328 1733 1343 «
1744 1320 1781 1343 Ex
1796 1328 1844 1343 suo
1857 1320 2017 1352 (Alexandri)
2034 1321 2160 1353 ingressu

279 1359 316 1392 (in
330 1360 388 1384 ord.
403 1360 543 1392 Minorum)
559 1362 653 1384 fratres
668 1363 694 1384 et
708 1360 754 1384 alii
767 1361 949 1384 exaltaverunt
963 1361 990 1384 in
1005 1361 1099 1389 celum,
1116 1364 1142 1384 et
1159 1361 1182 1385 ei
1200 1362 1330 1386 dederunt
1344 1362 1528 1386 auctoritatem
1543 1362 1625 1386 totius
1641 1363 1731 1392 studii,
1744 1367 1770 1388 et
1783 1365 1984 1396 adscripserunt
1997 1365 2020 1389 ei
2036 1374 2160 1397 magnam

279 1405 416 1428 Summam
430 1404 513 1433 illam,
529 1413 596 1437 quae
608 1408 649 1428 est
662 1405 723 1436 plus
738 1413 818 1436 quam
833 1405 937 1436 pondus
953 1405 1031 1428 unius
1046 1406 1116 1437 equi,
1133 1414 1213 1437 quam
1228 1406 1286 1438 ipse
1301 1415 1352 1429 non
1367 1407 1429 1430 fecit
1442 1407 1488 1430 sed
1503 1407 1559 1430 alii.
1581 1408 1613 1431 Et
1626 1410 1714 1431 tamen
1729 1411 1839 1440 propter
1853 1410 2027 1433 reverentiam
2044 1411 2160 1442 ascripta

277 1449 328 1473 {uit
341 1448 395 1481 [ei],
409 1452 436 1473 et
449 1452 559 1473 vocatur
573 1449 694 1474 Summa
705 1449 808 1480 fratris
823 1449 987 1474 Alexandri
1045 1450 1188 1482 Exemplar
1202 1450 1273 1482 apud
1289 1452 1384 1474 fratres
1399 1451 1529 1482 putrescit
1543 1454 1568 1475 et
1583 1451 1653 1483 jacet
1672 1452 1800 1476 intactum
1815 1461 1837 1476 ».
1860 1453 1962 1484 Royeri
1978 1455 2075 1478 Bacon
2095 1461 2160 1485 opp.

277 1491 395 1522 ἰόισάἰια,
414 1493 455 1518 ed.
472 1493 587 1522 Brewer,
607 1494 628 1522 1,
649 1494 703 1517 ³26.
725 1493 823 1517 Merum
847 1493 966 1517 fabulam
987 1501 1050 1518 vero
1070 1502 1128 1518 esse
1149 1494 1290 1526 opinamur
1312 1495 1491 1523 traditionem,
1513 1503 1524 1519 a
1545 1503 1612 1527 opus
1637 1496 1776 1520 Alexandri
1799 1505 1814 1520 a
1836 1498 1866 1520 72
1890 1498 1940 1527 (vel
1963 1499 2002 1529 60)
2024 1498 2160 1530 magistris

276 1537 410 1570 scriptura
423 1537 534 1570 propria
558 1545 588 1562 ac
608 1538 706 1570 sigillis
724 1546 782 1562 esse
797 1538 977 1570 approbatum
992 1546 1014 1568 r,
1030 1541 1060 1562 ut
1074 1539 1155 1562 refert
1174 1539 1392 1563 Bartholomaeus
1409 1540 1440 1563 de
1455 1539 1533 1568 Pisis,
1550 1539 1635 1564 Liber
1648 1541 1884 1571 conformitatum
1906 1542 2058 1571 (Bononiae,
2079 1543 2159 1573 1590),

277 1581 323 1606 fol.
338 1582 394 1611 1⁶0,
409 1581 556 1614 adjungens
571 1582 636 1606 haec
649 1582 807 1606 documenta
821 1582 974 1606 conservari
988 1582 1015 1606 in
1028 1582 1152 1606 sacristia
1166 1586 1310 1607 conventus
1325 1583 1493 1607 parisiensis.

371 1666 394 1690 1.
410 1667 459 1690 Μ..
476 1675 481 1690 :
494 1675 507 1690 α
522 1666 660 1691 Millerona
671 1675 693 1690 ι).
705 1667 765 1690 Fuit
778 1667 874 1691 saltem
884 1667 945 1691 1248
957 1667 1086 1699 magister
1097 1675 1191 1699 regens
1202 1670 1262 1691 actu
1277 1668 1388 1692 Parisiis
1401 1668 1470 1700 (vide
1485 1676 1567 1700 supra
1581 1672 1611 1692 n⁰
1624 1669 1678 1698 178,
1696 1672 1758 1693 nota
1769 1670 1793 1700 4)
1809 1673 1835 1693 et
1849 1678 1916 1693 unus
1932 1670 1964 1694 de
1979 1671 2159 1695 celeberrimis

275 1709 406 1742 theologis
421 1710 463 1734 sui
475 1710 613 1743 temporis,
628 1710 704 1743 cujus
719 1710 806 1734 adhue
820 1714 964 1743 supersunt
980 1711 1122 1739 Quolibeea
1135 1715 1161 1735 et
1178 1711 1360 1739 Quaestiones
1376 1712 1454 1742 (Bibl.
1472 1713 1498 1736 S.
1516 1713 1609 1736 Antan.
1626 1713 1727 1742 Patav„
1746 1722 1794 1738 ms.
1812 1714 1876 1746 152).

279 1888 392 1926 287.
414 1899 553 1936 Episcopi
576 1900 790 1936 provinciarum
819 1901 991 1927 Senonensis
1020 1909 1055 1927 ac
1083 1901 1231 1927 Romen-sis
1257 1905 1353 1928 notum
1375 1902 1491 1936 faciunt
1510 1910 1542 1928 se
1567 1903 1674 1928 vocatis
1705 1902 1854 1929 Guillelmo
1883 1903 1919 1930 de
1943 1905 1970 1930 S.
2000 1905 2104 1931 Amore
2133 1908 2162 1930 ee

367 1947 542 1984 quibusdam
577 1948 644 1974 viris
671 1948 855 1975 scholasticis
878 1949 1080 1986 fratribusque
1102 1949 1360 1976 praedicatoribus
1382 1950 1521 1977 obtulisse
1550 1954 1581 1976 ut
1605 1950 1646 1977 ad
1673 1950 1751 1978 litem
1779 1951 1971 1978 dirimendam
2004 1953 2160 1979 Concilium

366 1995 577 2032 colebraretur;
595 1996 776 2024 Guillelmum
791 2001 970 2035 acceptasse,
987 1998 1212 2025 Praedicator-es
1228 2007 1289 2026 ver-o
1305 2000 1444 2026 renuisse.

1502 2076 1577 2106 1258.
1592 2076 1655 2103 dulia·
1665 2077 1714 2107 31,-
1727 2076 1836 2110 Auyueti
1846 2078 1871 2104 4.

370 2147 411 2180 R.
458 2147 524 2180 Dei
557 2148 672 2194 gratia
706 2149 949 2183 Morinensis¹
989 2149 1145 2183 ecclesie
1179 2150 1347 2184 minister
1379 2150 1528 2184 humilis
1567 2151 1751 2185 universis
1790 2158 1981 2197 presentes
2020 2152 2159 2186 litteras

280 2212 502 2258 inspecturis
532 2213 686 2248 salutem
718 2215 756 2248 in
789 2216 958 2250 Domino.
991 2216 1175 2250 Noveritis
1205 2228 1273 2250 nos
1301 2216 1441 2250 litteras
1471 2217 1720 2263 infrascriptas
1750 2217 1819 2251 sub
1854 2218 1977 2263 sigillo
2007 2230 2158 2252 venera-

280 2277 408 2312 bilium
442 2286 582 2325 patrum
617 2281 874 2327 episcoporum
908 2281 1043 2315 ibidem
1079 2283 1347 2316 nominatorum
1381 2283 1494 2317 verbo
1528 2284 1572 2317 ad
1606 2283 1758 2318 verbum
1793 2284 1930 2330 legisse
1965 2291 2000 2318 et
2033 2297 2156 2319 earum

279 2345 512 2379 concessioni
532 2357 601 2380 nos
621 2353 813 2392 presentes
833 2348 997 2382 extitisse
1019 2355 1054 2382 et
1073 2348 1236 2394 sigillum
1258 2356 1422 2383 nostrum
1444 2362 1513 2383 una
1539 2362 1619 2383 cum
1645 2349 1726 2383 aliis
1746 2351 1975 2396 apposuisse.

371 2412 438 2445 lt·
464 2412 531 2445 Dei
560 2413 675 2458 gratia
706 2413 932 2448 Senonensis
963 2414 1275 2464 archiepiscopus,
1306 2417 1371 2448 N.³
1397 2415 1690 2458 Suessionensis,
1722 2417 1789 2450 G.⁴
1814 2416 2060 2457 Belvacensis,
2090 2419 2157 2452 V.⁵

279 2478 550 2521 Noviomensis,
588 2480 644 2513 J.‘
677 2479 957 2522 Attrabatensis‚
991 2481 1058 2515 G.⁷
1092 2481 1365 2524 Ambianensis,
1402 2483 1442 2516 R.
1478 2482 1702 2516 Morinensis
1742 2483 1929 2529 provincie
1964 2485 2156 2519 Remensis

278 2543 404 2578 eadem
435 2545 550 2591 gratia
585 2546 763 2592 episcopi,
796 2548 868 2580 M.·
894 2547 1147 2590 Carnotensis,
1181 2548 1244 2582 R.·
1270 2548 1501 2591 Parisiensis,
1530 2549 1575 2584 G.
1592 2550 1613 2567 ¹⁰
1641 2549 1932 2592 Aurelianensis,
1964 2550 2037 2584 A.¹¹
2065 2551 2156 2585 Mel-

279 2610 420 2653 densis,
455 2612 532 2645 N.¹·
560 2613 769 2655 Trecensis,
801 2614 1027 2648 Senonensis
1056 2614 1244 2660 provincie
1278 2615 1403 2648 eadem
1437 2615 1551 2661 gratia
1582 2616 1759 2662 episcopi,
1788 2622 1823 2650 et
1849 2617 1928 2651 G.¹³
1956 2617 2002 2651 de
2029 2617 2153 2651 eadem

278 2677 464 2723 provincia
490 2678 630 2713 electus
654 2680 876 2714 Neverensis
902 2681 1086 2715 universis
1110 2688 1302 2727 presentes
1327 2681 1466 2716 litteras
1491 2682 1713 2728 inspecturis
1739 2683 1891 2717 salutem
1920 2684 1956 2717 in
1985 2684 2152 2718 Domino.

278 2743 371 2778 Cum
410 2745 584 2791 magister
618 2745 769 2780 Ordinis
807 2747 1111 2781 Predicatorum'⁴
1151 2759 1270 2782 coram
1306 2747 1414 2782 nobis
1448 2748 1609 2783 Parisius
1648 2749 1869 2784 constitutus
1903 2750 2156 2785 denuntiasset

272 2809 400 2853 nobis,
428 2811 526 2857 quod
552 2811 697 2858 quidam
725 2813 911 2847 seculares
941 2814 1105 2860 magistri
1135 2813 1320 2861 theologie
1347 2815 1574 2850 Parisienses
1600 2815 1813 2851 docuissent
1842 2823 1877 2851 et
1903 2817 2156 2863 predicassent

280 2875 427 2922 publice
456 2877 566 2912 multa
595 2878 684 2913 salsa
713 2886 750 2914 et
777 2891 930 2915 erronea
959 2887 1084 2915 contra
1113 2880 1232 2915 bonos
1261 2893 1397 2923 mores,
1432 2893 1588 2928 quorum
1622 2882 1776 2929 quedam
1811 2883 1848 2917 in
1879 2883 2152 2930 derogationem

280 2942 423 2977 ordinis
453 2944 664 2979 eorumdem
695 2945 976 2981 redundabant:
1000 2959 1068 2982 nos
1097 2954 1224 2982 vocato
1254 2948 1429 2994 magistro
1458 2948 1504 2982 G.
1535 2948 1580 2982 de
1611 2949 1741 2983 Sancto
1773 2949 1907 2983 Amore
1937 2956 2086 2995 regente
2116 2949 2153 2983 in

408 3000 502 3026 chart.
523 3001 602 3027 vnio.
620 3002 715 3028 Para.
733 3003 753 3028 Ι.
1997 3008 2027 3030 42
