2618 3640
667 440 714 462 AB
748 439 993 463 ALEXANDRO
1030 439 1079 461 111
1114 439 1246 469 usqua
1282 439 1330 461 ΑΒ
1364 439 1504 462 ANNUM
1538 441 1628 462 mcc.
2046 432 2089 465 33

201 516 298 562 juris
325 515 596 561 compendium,
620 514 685 547 sed
710 514 755 547 ad
785 514 1068 559 adquisitionem
1100 513 1263 547 veritatis
1289 520 1324 547 et
1344 513 1475 558 judicii
1501 514 1695 559 equitatem
1724 526 1731 547 ε
1761 514 1791 547 si
1819 515 1911 547 forte
1942 527 2000 548 me
2030 522 2091 548 aut

206 583 315 617 alium
335 581 530 627 aliquando
551 587 717 627 oporteat
737 592 820 614 esse
835 580 999 626 judicem
1021 580 1234 625 autjudicis
1255 592 1495 613 assessorem.
1519 581 1635 613 Hodie
1663 580 1732 614 soli
1758 581 1911 614 avaricie
1937 581 2091 614 militant

206 649 348 696 patroni
377 659 594 682 causarum:
618 647 782 693 illudque
817 647 999 692 quondam
1033 646 1243 681 venerabile
1277 659 1412 680 nomen
1446 654 1482 680 et
1515 647 1677 693 gloriosa
1711 648 1892 693 professio
1927 648 2090 681 advocati

206 715 358 750 notabili
382 715 574 750 venalitate
600 714 757 756 vilescit,
784 714 869 747 dum
895 714 1008 747 miser
1028 721 1064 747 et
1083 714 1250 759 perditus
1275 714 1437 760 linguam
1465 714 1602 756 vendit,
1627 714 1710 747 lites
1738 715 1837 756 emit,
1864 715 2092 748 matrimonia

206 783 369 829 legitima
394 782 576 824 dissolvit,
605 781 781 815 amicitias
806 781 953 827 rumpit,
982 781 1182 827 sopitarum
1207 781 1325 815 litium
1347 782 1491 814 cineres
1517 782 1722 823 resuscitat,
1750 782 1937 827 pactiones
1966 782 2090 823 violat,

207 856 378 883 retrectat
408 849 692 891 transactiones,
728 848 920 894 privilegia
953 848 1104 894 frangit,
1137 855 1173 882 et
1201 849 1239 881 in
1268 855 1451 894 capturam
1487 849 1642 894 pecunie
1677 849 1824 894 pedicas
1852 855 1888 882 et
1919 849 2092 882 retiacula

207 916 377 958 tendens,
398 918 482 962 jura
508 916 628 949 omnia
653 915 870 950 intervertit.
900 915 987 948 Ideo
1013 916 1227 949 constitutio
1253 915 1453 961 imperialis
1478 915 1522 949 ab
1548 916 1667 949 officio
1695 916 1904 962 postulandi
1930 923 2094 950 removet

207 983 325 1017 litium
359 983 624 1029 redemptores.
660 984 746 1016 Jure
780 989 899 1016 autem
935 982 1095 1028 pretorio
1131 989 1237 1028 atque
1272 983 1511 1028 interpretum
1542 983 1580 1016 in
1610 983 1879 1029 prevaricantes
1913 983 1971 1016 vel
2005 983 2092 1016 alias

208 1050 466 1096 delinquentes
494 1062 587 1095 pene
615 1050 901 1083 extraordinarie
929 1056 1148 1083 statuuntur.
1179 1049 1363 1083 Debuerat
1389 1050 1598 1092 advocatus,
1626 1050 1724 1095 quod
1751 1051 1865 1096 gratis
1891 1057 2090 1096 acceperat,

208 1117 322 1163 gratis
343 1117 441 1159 dare,
463 1117 640 1150 advocare
666 1128 732 1162 pro
759 1115 899 1162 pupillo
921 1123 957 1149 et
979 1101 1101 1158 vidua,
1129 1128 1194 1162 pro
1221 1116 1375 1150 utilitate
1404 1116 1619 1162 reipublice,
1643 1129 1709 1162 pro
1734 1117 1890 1150 ecclesie
1911 1117 2091 1159 libertate,

209 1183 322 1217 nichil
343 1184 508 1229 exigens,
527 1189 657 1229 sponte
678 1182 797 1216 oblata
819 1183 1039 1228 suscipiens,
1063 1183 1224 1228 eripiens
1246 1183 1392 1229 inopem
1414 1183 1459 1216 de
1480 1196 1587 1217 manu
1607 1184 1799 1217 fortiorum
1824 1185 1916 1229 ejus,
1935 1196 2092 1230 egenum

209 1257 246 1284 et
274 1262 470 1296 pauperem
497 1263 516 1283 a
541 1249 800 1295 diripientibus
831 1261 925 1282 eum.
959 1250 1198 1283 Fructuosius
1229 1250 1262 1282 ei
1290 1257 1390 1283 esset
1414 1250 1584 1283 salarium
1614 1251 1797 1284 modicum
1824 1258 1859 1284 et
1885 1250 2092 1290 honestum,

209 1322 316 1362 quam
338 1317 458 1350 sinum
479 1316 713 1362 inexplebilis
734 1316 888 1350 avaricie
908 1328 973 1361 per
993 1317 1045 1349 sas
1067 1323 1103 1349 et
1122 1317 1223 1350 nefas
1249 1317 1445 1350 extendere
1467 1317 1504 1349 in
1525 1317 1761 1358 immensum,
1785 1330 1865 1351 nam
1886 1317 2018 1351 melius
2039 1324 2096 1351 est

209 1383 392 1417 modicum
407 1384 510 1428 justo
532 1395 644 1428 super
665 1382 810 1416 divitias
836 1389 1066 1428 peccatorum
1092 1382 1236 1416 multas.
1261 1383 1297 1416 Si
1319 1383 1492 1416 talentum
1515 1384 1667 1417 scientie
1688 1384 1759 1417 sibi
1780 1397 1798 1417 a
1819 1385 1975 1417 Domino
1997 1397 2095 1418 com-

209 1450 392 1484 modatum
414 1456 544 1496 sponte
571 1456 606 1483 et
625 1449 739 1495 gratis
765 1449 992 1494 expenderit,
1015 1461 1089 1482 non
1110 1455 1167 1483 est
1190 1449 1397 1483 abbreviata
1422 1462 1551 1483 manus
1572 1451 1731 1492 Domini,
1755 1457 1795 1483 nt
1815 1451 1848 1483 ei
1870 1451 2095 1496 respondere

209 1517 254 1551 ad
283 1517 469 1558 meritum,
500 1523 536 1550 et
564 1516 740 1562 ampliora
769 1516 875 1549 etiam
899 1508 1068 1549 conferre
1096 1528 1170 1549 non
1200 1516 1329 1562 possit.
1362 1518 1438 1550 Hoc
1467 1517 1580 1562 igitur
1610 1529 1739 1550 secure
1769 1518 1975 1550 commodet
2005 1518 2096 1563 patri

210 1583 456 1630 orphanorum
485 1590 520 1617 et
539 1583 657 1629 judici
681 1583 890 1624 viduarum3
923 1583 1003 1628 ipse
1031 1583 1127 1616 enim
1149 1583 1353 1629 promissor
1378 1590 1435 1617 est
1459 1583 1688 1629 magnificus,
1716 1591 1751 1618 et
1771 1584 1966 1618 munificus
1991 1585 2096 1618 retri-

209 1650 330 1685 butor.

303 1749 372 1773 Bibl.
396 1751 450 1773 nat.
475 1749 560 1773 Paris.
582 1757 630 1772 ms.
651 1749 697 1772 lat.
715 1749 801 1778 14764,
823 1749 867 1773 sol.
890 1748 941 1772 25¹³.
962 1763 993 1766 —
1012 1749 1109 1780 Migne,
1128 1749 1240 1774 Patrol.
1265 1749 1324 1778 lat„
1347 1752 1410 1772 tom.
1428 1749 1526 1778 CCVII,
1546 1758 1587 1781 ep.
1610 1751 1648 1778 26,
1668 1758 1694 1781 p.
1718 1750 1756 1773 91.
1779 1749 1818 1773 Cf.
1839 1750 1911 1775 Hist.
1937 1749 1988 1774 litt.
2011 1751 2045 1774 de
2068 1750 2097 1774 la

209 1790 321 1819 nance
334 1794 386 1822 xv,
402 1795 456 1818 383.

306 1879 329 1903 1.
347 1878 411 1903 Mu.
428 1879 475 1903 lat.
492 1879 563 1903 2604.
579 1879 641 1902 2605
657 1878 799 1910 epistolam
813 1878 857 1902 hic
872 1878 1022 1902 absolvunt.

211 2063 290 2101 28.
312 2073 416 2099 Petrus
426 2072 573 2099 Blesensis
587 2072 689 2100 scribit
704 2073 842 2108 magistro
853 2073 992 2109 Ernaldo,
1006 2083 1037 2100 se
1052 2074 1155 2100 emisse
1165 2073 1291 2100 Parisiis
1307 2073 1396 2100 libros
1411 2073 1504 2108 legum
1516 2074 1611 2110 pretio
1627 2077 1776 2099 numerato
1789 2073 1842 2100 sed
1856 2083 1911 2100 non
1927 2073 2094 2110 abstulisse,

301 2130 372 2158 quos
392 2125 487 2148 tamen
507 2121 586 2148 alius
606 2123 711 2159 majori
726 2123 822 2159 pretio
842 2126 991 2149 numerato
1012 2122 1175 2149 abstulerit.
1197 2123 1302 2158 Arguit
1321 2122 1410 2149 libros
1430 2122 1505 2158 illos,
1528 2122 1595 2149 licet
1614 2123 1672 2149 sibi
1691 2122 1795 2149 traditi
1815 2132 1869 2149 non
1885 2124 1951 2158 sint,
1975 2123 2013 2149 ab
2036 2123 2095 2150 alio

301 2171 356 2197 emi
370 2179 425 2197 non
435 2171 577 2208 potuisse.

1519 2235 1592 2261 Circa
1606 2243 1646 2262 am.
1662 2236 1736 2261 1175.

256 2321 459 2355 Karissimo
489 2322 590 2355 socio
620 2328 657 2355 et
688 2322 804 2356 amico
834 2323 1009 2368 magistro
1040 2322 1199 2356 Ernaldo
1230 2324 1268 2356 P.
1300 2322 1490 2356 Blesensis
1525 2323 1783 2356 Bathoniensis
1816 2322 2094 2356 archidiaconus

212 2389 378 2423 salutem.
405 2389 496 2422 Cum
523 2388 695 2422 dominus
720 2400 784 2422 rex
807 2389 1012 2435 Anglorum
1039 2401 1095 2422 me
1120 2402 1237 2435 nuper
1258 2390 1302 2423 ad
1323 2390 1510 2423 dominum
1532 2401 1657 2435 regem
1679 2391 1899 2422 Francorum
1920 2389 2091 2422 nuncium

211 2455 446 2497 destinasset,
476 2454 561 2488 libri
591 2454 714 2501 legum
742 2455 891 2489 venales
918 2456 1079 2489 Parisius
1109 2456 1220 2490 oblati
1251 2463 1336 2490 sunt
1361 2456 1469 2489 michi
1499 2456 1543 2489 ab
1570 2456 1633 2489 illo
1665 2457 1705 2489 B.
1735 2455 1882 2501 publico
1913 2467 2093 2501 mangone

210 2522 401 2556 librorum.
431 2521 501 2565 Qui
531 2533 612 2555 cum
633 2522 678 2555 ad
699 2534 792 2567 opus
817 2522 1006 2568 cujusdam
1033 2522 1104 2555 mei
1129 2523 1275 2568 nepotis
1298 2523 1432 2568 ydonei
1447 2522 1677 2564 viderentur,
1705 2523 1860 2556 conveni
1880 2535 1961 2555 cum
1983 2534 2027 2556 eo
2048 2523 2093 2556 de

211 2589 348 2636 precio,
384 2595 420 2622 et
453 2600 518 2622 eos
552 2588 648 2634 apud
686 2589 914 2622 venditorem
949 2589 1149 2631 dimittens,
1185 2589 1219 2622 ei
1254 2589 1415 2635 precium
1456 2589 1655 2623 numeravi.
1697 2590 1968 2635 Superveniens
2006 2601 2093 2623 vero

210 2641 253 2691 C.
283 2655 574 2702 Saxeburgensis
604 2655 826 2701 prepositus,
855 2656 950 2690 sicut
978 2656 1112 2698 audivi,
1142 2656 1224 2702 plus
1255 2655 1398 2698 obtulit,
1431 2663 1467 2690 et
1494 2656 1692 2690 licitatione
1723 2657 1874 2691 vincens
1904 2656 2019 2690 libros
2048 2657 2092 2690 de

211 2722 320 2756 domo
348 2722 553 2756 venditoris
583 2723 792 2768 asportavit.
824 2723 1003 2766 Quoniam
1034 2723 1147 2769 igitur
1175 2723 1219 2756 ad
1247 2735 1328 2756 eum
1357 2723 1419 2769 qui
1450 2735 1506 2757 me
1537 2724 1648 2766 misit,
1680 2723 1800 2757 redire
1830 2724 2006 2757 maturius
2037 2736 2092 2757 me

211 2795 366 2835 oportet,
393 2801 533 2835 vosque
554 2801 689 2823 moram
717 2790 878 2823 facturus
905 2790 995 2824 estis
1022 2790 1196 2832 Parisius,
1224 2790 1474 2836 plenissimam
1495 2790 1634 2824 habens
1661 2791 1698 2824 in
1725 2797 1844 2824 vestra
1870 2791 2092 2824 discretione

211 2855 392 2898 fiduciam,
421 2855 527 2890 vobis
557 2856 711 2902 predicti
739 2857 1032 2903 procurationem
1063 2858 1202 2903 negotii
1232 2858 1445 2891 committo:
1469 2864 1529 2891 aut
1556 2858 1587 2891 si
1615 2858 1776 2891 Parisius
1807 2870 1942 2891 moram
1973 2857 2091 2902 aliqua

209 2922 316 2957 vobis
345 2923 547 2957 necessitas
572 2923 770 2967 interdicit,
797 2924 972 2970 magistro
998 2925 1145 2971 Hugoni
1169 2925 1345 2959 Januensi
1367 2924 1435 2958 sub
1466 2925 1666 2959 litterarum
1693 2937 1852 2958 mearum
1883 2924 2090 2958 testimonio

207 2989 398 3036 ,negotium
428 2990 673 3024 committatis
709 2991 800 3025 Cum
836 2991 931 3025 enim
967 2992 1106 3025 ratione
1145 2992 1242 3026 civili
1282 2992 1441 3038 negotiis
1475 2991 1605 3025 alienis
1640 2991 1867 3025 exactissima
1901 2990 2090 3036 diligentia

337 3047 433 3072 Chare.
456 3047 534 3073 Um'v.
552 3048 649 3074 Paris.
665 3048 687 3073 1.
1951 3050 1964 3072 5
