2580 3528
222 421 320 464 1284]
407 457 416 461 „
562 431 609 454 ΑΒ
642 432 750 454 Anno
783 431 862 454 nco
895 431 1029 460 usqua
1064 431 1113 454 An
1146 431 1377 454 rmmrruu
1412 432 1453 455 ιν
1486 432 1575 454 nso.
1612 433 1750 456 rame.
2029 425 2095 459 605

214 505 454 552 presentibus
473 505 606 539 litteris
626 505 797 538 duximus
817 504 1046 551 apponenda.
1070 505 1198 538 Datum
1219 517 1315 538 anno
1336 505 1482 538 Domini
1504 505 1698 539 millesimo
1720 507 1970 541 ducentesimo
1997 515 2095 542 octo-

203 571 364 618 .gesimo
384 578 526 618 quarto,
543 583 671 606 mense
690 572 812 606 Junio.

311 669 455 701 Magnum
471 669 567 694 ΟΜΝ.
580 669 702 700 episcopi
712 669 807 694 Paris.
820 669 847 692 in
862 669 939 693 Arch.
953 673 1007 693 nat.
1024 669 1109 693 Paris,
1127 669 1175 693 LL.
1190 669 1245 698 183,
1262 669 1308 693 sol.
1324 670 1363 693 65.
1381 683 1413 687 —
1427 669 1552 699 Bulaeus,
1567 670 1613 698 111,
1627 671 1681 693 1469.
1693 670 1765 694 -In
1780 670 1936 694 documento
1951 671 2013 694 anni
2027 672 2095 699 1283,

218 713 302 746 April.
317 714 358 743 ³0,
371 713 514 746 episcopus
533 713 619 738 Paris.
641 714 762 738 concedit
775 714 875 738 decano
899 717 925 738 et
944 713 1061 746 capitulo
1082 714 1108 737 S.
1126 714 1242 738 Thomne
1257 714 1289 737 de
1304 713 1410 745 Lupum
1433 714 1586 738 facultatem
1600 714 1764 746 percipiendi
1786 715 1813 738 in
1837 723 1944 738 manum
1966 719 2095 739 mortuam

217 761 322 782 centum
336 757 431 790 viginti
447 765 492 782 sex
506 757 607 781 solidos
621 758 702 782 annui
722 766 816 782 census
832 766 863 782 ox
878 757 1012 782 nonnullis
1028 758 1151 782 domibus
1170 757 1281 782 Parisiis
1301 758 1360 782 sitis
1380 758 1406 782 in
1426 758 1492 782 vicis
1512 759 1538 783 S.
1559 759 1675 782 'rhomae
1697 762 1723 783 et
1736 759 1980 791 Frigidi-Mantelli.
1997 759 2095 790 Mayn.

219 803 327 832 ohan..
342 803 361 827 l.
377 810 412 831 c.,
426 802 471 826 l'ol.
487 803 526 826 34.
542 802 667 832 Bulaeus,
684 803 730 833 111,
746 804 801 827 468.

220 979 333 1017 515.
356 989 567 1025 Responsiones
578 988 858 1024 magistri-Iohannis
869 988 906 1015 de
916 988 1068 1023 Maligna,
1081 988 1282 1025 procuratoris
1295 987 1450 1023 facultatis
1465 988 1580 1023 artium,
1594 988 1701 1022 Paris„
1719 988 1837 1015 oblatae
1846 997 1955 1015 summo
1966 989 2098 1025 pontifici

309 1041 339 1064 et
360 1037 563 1064 cardinalibus
585 1037 627 1064 ad
648 1046 693 1073 ea,
712 1046 787 1074 quac
802 1037 998 1064 cancellarius
1012 1037 1200 1072 Parisiensis,
1217 1036 1370 1074 Philippus
1386 1036 1422 1063 de
1440 1037 1587 1072 Thon-iaco,
1611 1036 1750 1072 facultati
1771 1037 1877 1064 artium
1899 1037 1980 1074 apud
2000 1037 2096 1064 sedem

308 1086 501 1123 apostolicam
516 1090 702 1124 opposuerat.

1221 1162 1291 1189 Inter
1306 1170 1345 1189 an.
1363 1162 1434 1189 1283
1448 1165 1477 1189 et
1491 1170 1529 1188 an.
1546 1162 1623 1192 1284,
1639 1162 1724 1189 Octob.
1738 1162 1782 1188 24.

309 1245 410 1279 Sicut
428 1245 506 1280 vult
524 1245 780 1291 philosophus,
811 1245 905 1278 libro
930 1245 1214 1286 Metheororum,
1237 1245 1394 1290 capitulo
1424 1245 1487 1278 ubi
1516 1245 1668 1279 docetur
1691 1252 1882 1279 ventorum
1908 1246 2096 1292 generatio

219 1317 255 1345 et
273 1317 413 1354 natura,
433 1323 508 1345 non
527 1298 590 1345 'est
606 1311 724 1345 virtus
750 1311 823 1344 nisi
851 1323 917 1357 per
943 1312 1076 1352 Deum;
1099 1311 1192 1356 ipse,
1214 1311 1362 1344 nonnisi
1387 1323 1451 1356 per
1471 1323 1578 1357 quem
1598 1311 1714 1345 virtus
1740 1318 1808 1354 est,
1830 1312 2023 1354 elementa,
2044 1313 2096 1346 rei

218 1377 393 1412 naturalis
422 1378 532 1411 mixte
559 1377 756 1411 materialia
784 1377 974 1423 principia,
1003 1377 1185 1411 ordinavit
1209 1377 1275 1419 sic,
1298 1384 1337 1410 ut
1361 1377 1455 1411 circa
1485 1384 1615 1411 terram
1646 1378 1694 1411 sit
1719 1390 1823 1423 aqua,
1849 1379 1943 1412 circa
1968 1391 2094 1424 aquam

218 1455 293 1487 aer,
314 1444 409 1478 circa
433 1456 554 1478 aerem
579 1444 695 1490 ignis3
723 1444 850 1490 sicque
875 1455 917 1477 ea
941 1444 1124 1489 disposuit
1150 1445 1250 1477 Deus
1275 1444 1463 1490 gloriosus
1491 1451 1527 1477 et
1552 1444 1735 1486 sublimis,
1764 1445 1860 1478 sicut
1885 1446 1922 1478 in
1952 1457 2097 1491 preme-

217 1517 359 1545 morato
383 1510 479 1544 libro
509 1510 638 1544 scribit
662 1510 918 1556 philosophus.
941 1511 1009 1544 Per
1029 1522 1155 1556 puram
1181 1510 1290 1556 hujus
1318 1510 1553 1556 dispositoris
1577 1510 1774 1544 bonitatem
1795 1518 1851 1544 est
1871 1512 1955 1545 fixio
1976 1507 2105 1545 omnis

217 1576 479 1624 intelligentie3
506 1589 587 1611 nam
613 1577 816 1611 secundum
842 1577 941 1623 quod
961 1577 1134 1611 scribitur
1154 1577 1192 1610 in
1213 1589 1284 1611 una
1305 1578 1557 1623 propositione
1576 1577 1619 1611 de
1639 1578 1801 1620 Causis',
1822 1578 1942 1611 omnis
1961 1578 2096 1611 intelli-

217 1644 341 1690 gentie
361 1643 446 1677 fixio
467 1650 524 1678 est
543 1655 608 1689 per
627 1643 827 1677 bonitatem
853 1655 979 1689 puram
1007 1655 1078 1689 que
1103 1650 1160 1677 est
1185 1643 1299 1689 prima
1319 1656 1440 1678 causa.
1464 1645 1561 1678 Hanc
1582 1644 1733 1690 primam
1755 1656 1898 1678 causam
1920 1644 2097 1678 debemus

217 1710 421 1745 concedere
452 1722 559 1744 unam
590 1722 673 1744 esse
702 1722 742 1744 ac
771 1717 951 1752 eternam3
983 1722 1064 1743 nam
1094 1710 1295 1744 secundum
1323 1711 1422 1756 quod
1447 1711 1492 1744 de
1522 1722 1563 1744 ea
1591 1712 1673 1744 XII⁰
1697 1711 1943 1757 Metaphysice
1968 1711 2098 1745 scribi-

218 1783 290 1819 tur,
308 1788 404 1811 unus
424 1783 482 1811 est
496 1778 609 1819 Deus,
630 1783 793 1819 eternus,
815 1777 854 1810 in
873 1777 945 1810 fine
966 1776 1167 1811 nobilitatis
1188 1783 1225 1810 et
1243 1777 1380 1823 gaudii.
1399 1779 1497 1811 Hanc
1519 1778 1624 1811 etiam
1648 1778 1786 1811 ratione
1807 1789 1872 1811 sue
1894 1777 2097 1812 substantie

217 1850 254 1878 et
272 1850 414 1886 nature,
434 1855 579 1877 omnem
599 1843 871 1890 cogitationem,
893 1843 1164 1877 meditationem
1194 1855 1234 1877 ac
1263 1855 1413 1877 sensum
1441 1845 1663 1890 superantis,
1689 1844 1867 1878 debemus
1892 1845 2097 1878 concedere

217 1909 497 1944 inenarrabilem
526 1910 700 1952 existere;
731 1922 813 1944 nam
846 1910 941 1944 sicut
963 1910 1042 1944 vult
1065 1917 1165 1944 actor
1193 1909 1237 1945 de
1268 1911 1399 1945 Causis
1424 1911 1462 1944 in
1497 1917 1597 1944 sexta
1627 1911 1684 1944 sui
1715 1910 1799 1944 libri
1829 1911 2096 1957 propositione,

218 1977 333 2023 prima
360 1989 467 2011 causa
496 1983 596 2011 caret
625 1977 724 2010 omni
749 1977 997 2018 enarrationem
1020 1989 1105 2023 que,
1126 1977 1212 2011 licet
1231 1977 1268 2010 in
1288 1977 1408 2010 omnia
1429 1977 1667 2023 producendo
1688 1978 1842 2023 quedam
1864 1978 2040 2024 producat
2059 1979 2096 2011 in

217 2054 301 2077 esse
330 2055 396 2090 per
424 2043 555 2085 media,
587 2043 670 2089 plus
698 2043 819 2077 influit
847 2044 883 2077 in
913 2044 1079 2077 effectum
1111 2055 1216 2090 quam
1243 2055 1351 2077 cause
1377 2044 1513 2085 medie;
1542 2056 1621 2078 nam
1648 2044 1685 2078 in
1711 2045 1824 2090 prima
1845 2045 2096 2090 propositione

217 2109 303 2143 libri
323 2110 578 2156 prememorati
594 2109 769 2144 scribitur
784 2110 882 2156 quod
903 2122 1011 2144 causa
1032 2111 1200 2156 primaria
1221 2110 1305 2156 plus
1325 2110 1446 2144 inssuit
1464 2111 1501 2144 in
1522 2111 1689 2144 effectum
1711 2123 1816 2157 quam
1838 2123 1945 2145 causa
1965 2123 2097 2145 secun-

218 2176 329 2210 daria.
348 2177 447 2210 Inter
466 2176 618 2210 effectus
639 2177 793 2211 mediate
815 2177 1014 2223 productos
1034 2189 1052 2211 a
1074 2177 1191 2223 primo
1212 2177 1406 2223 principio,
1427 2177 1536 2211 homo
1557 2184 1614 2212 est
1632 2178 1783 2211 effectus
1804 2178 1977 2219 nobilior,
1998 2178 2095 2223 quod

218 2254 262 2276 ex
283 2243 364 2289 ejus
383 2243 499 2277 forma
518 2243 789 2290 comprobatur,
807 2255 878 2289 que
894 2243 980 2278 licet
994 2256 1013 2277 a
1029 2250 1130 2290 parte
1146 2244 1316 2290 principii
1333 2244 1558 2278 eternitatem
1576 2256 1649 2278 non
1667 2244 1807 2285 habeat,
1825 2257 1843 2278 a
1861 2251 1961 2290 parte
1978 2251 2095 2278 tamen

218 2309 303 2343 finis
323 2315 381 2343 est
398 2315 572 2355 perpetua
593 2321 633 2343 ac
652 2316 789 2343 eterna.
808 2311 879 2344 Ista
899 2309 1059 2344 hominis
1079 2311 1255 2356 perfectio
1277 2317 1355 2344 nata
1373 2317 1429 2344 est
1448 2322 1514 2344 seu
1530 2317 1648 2344 creata
1668 2310 1833 2344 scientiis
1850 2317 1885 2344 et
1900 2310 2096 2345 virtutibus

218 2376 446 2422 imperfecta3
469 2387 550 2410 nam
575 2375 776 2410 secundum
806 2376 904 2422 quod
931 2377 969 2410 in
995 2376 1109 2410 tercio
1135 2376 1179 2411 de
1196 2377 1349 2411 Anima'
1369 2377 1489 2410 innuit
1514 2376 1768 2423 philosophus,
1790 2378 1907 2411 anima
1935 2384 2014 2423 nata
2041 2384 2098 2411 est

218 2448 387 2488 tanquam
415 2441 535 2476 tabula
561 2453 654 2484 rasa,
681 2442 719 2476 in
746 2453 815 2488 qua
842 2441 953 2476 nichil
979 2448 1036 2476 est
1061 2442 1262 2488 depictum;
1285 2442 1384 2488 quod
1404 2443 1559 2488 primum
1581 2443 1742 2477 omnium
1764 2443 1981 2490 principium
2003 2444 2096 2478 sorte

219 2509 263 2542 ad
280 2508 348 2542 hoc
367 2509 486 2542 facere
507 2508 634 2550 voluit,
653 2515 692 2543 ut
711 2508 820 2542 homo
842 2508 1054 2543 naturaliter
1073 2509 1261 2543 scientiam
1278 2509 1507 2551 desiderans,
1524 2510 1561 2543 in
1581 2522 1649 2543 suo
1669 2510 1730 2543 tali
1751 2510 1951 2553 desiderio,
1972 2510 2095 2544 labore

219 2575 387 2609 studioso
414 2575 584 2617 saciatus,
606 2575 651 2609 de
671 2575 754 2621 ipso
774 2575 1022 2621 cognitionem
1048 2575 1254 2621 acquireret
1281 2581 1318 2610 et
1343 2576 1460 2622 ipsius
1487 2576 1649 2610 notitiam
1675 2576 1837 2619 haberet,
1863 2577 1958 2611 sicut
1982 2577 2039 2611 sui
2060 2584 2096 2611 et

218 2642 380 2676 omnium
415 2642 631 2676 conditoris.
667 2643 715 2676 Ut
740 2648 860 2676 autem
894 2642 1106 2688 cognitione
1139 2643 1212 2687 jam
1254 2642 1347 2676 dicta
1383 2642 1618 2677 investiretur
1656 2643 1836 2678 hunuanus
1872 2643 2094 2687 intellectus,

219 2708 389 2754 provisor
421 2709 711 2754 circumspectus
745 2709 845 2742 Deus
879 2708 959 2755 ipse
994 2707 1132 2742 homini
1167 2708 1327 2755 providit
1367 2708 1411 2743 de
1447 2709 1621 2755 virgulto,
1653 2722 1767 2756 prope
1801 2711 1906 2756 cujus
1937 2710 2093 2744 medium

218 2775 355 2810 sontem
385 2775 553 2822 apperuit
578 2775 783 2821 egregium,
812 2775 848 2808 in
876 2781 1032 2821 quatuor
1060 2774 1261 2809 derivatum
1289 2775 1442 2818 rivulos,
1467 2788 1594 2822 aquam
1622 2777 1659 2810 in
1687 2788 1755 2810 suo
1784 2776 1924 2811 orificio
1950 2789 2094 2811 conser-

218 2847 377 2884 vantem,
398 2853 468 2888 qua
488 2853 555 2876 sue
580 2841 742 2889 plantule
767 2841 915 2888 irrigate
940 2842 1096 2876 fructum
1122 2842 1278 2876 afferunt
1297 2842 1551 2877 informantem
1576 2842 1799 2878 intellectum
1833 2843 2026 2877 humanum
2058 2844 2094 2876 in

220 2908 431 2955 cognitione
458 2907 515 2943 sui
542 2915 579 2943 et
607 2908 769 2942 omnium
796 2909 984 2943 creatoris.
1005 2908 1214 2955 virgultum
1245 2915 1302 2943 est
1329 2909 1549 2944 Parisiensis
1573 2909 1717 2952 civitam
1745 2909 1853 2956 hujus
1874 2917 1991 2944 autem
2013 2910 2095 2943 sons

221 2981 278 3009 est
303 2975 561 3022 magistrorum
592 2981 628 3009 et
653 2975 873 3010 scholarium
902 2975 1139 3019 universitas3
1162 2975 1340 3010 orificium
1368 2976 1480 3010 sontis
1509 2983 1594 3011 sunt
1623 2976 1757 3011 ibidem
1783 2983 1863 3010 actu
1890 2975 2092 3022 regentium
