2580 3528
515 388 578 419 552
862 397 876 414 -’
1090 397 1410 419 οΗΑιιτυιΑιιιυΜ
1446 396 1635 418 Uvassns.
1674 395 1801 418 rmus.
2288 389 2386 431 [1277

515 471 700 515 disputare
733 477 768 504 et
797 471 1051 512 determinare,
1084 472 1166 516 quia
1198 471 1355 504 rationes
1385 470 1612 514 accipiuntur
1642 482 1659 502 a
1692 469 1814 502 rebus..
1846 469 2080 516 Philosophia
2110 478 2228 505 autem
2259 483 2387 506 omnes

517 549 574 570 res
600 537 707 570 habet
731 538 964 570 considerare
991 538 1191 570 secundum
1219 537 1383 570 diversas
1410 536 1465 569 sui
1493 542 1624 581 partes.

605 605 678 637 146.
701 605 806 647 Quod
828 604 1004 649 possibile
1025 604 1081 637 vel
1104 603 1331 648 impossibile
1357 603 1584 648 simpliciter,
1612 602 1648 634 id
1674 609 1741 643 est,
1770 603 1940 636 omnibus
1967 604 2098 646 modis,
2126 611 2182 638 est
2208 604 2386 650 possibile

513 670 570 703 vel
596 670 823 715 impossibile
849 671 1048 703 secundum
1076 670 1356 715 philosophiam.

605 738 677 770 147.
701 737 806 779 Quod
827 737 1055 781 impossibile
1078 736 1291 781 simpliciter
1312 748 1384 768 non
1408 742 1527 780 potest
1548 735 1627 768 fieri
1648 748 1666 768 a
1688 737 1779 777 Deo,
1801 736 1857 769 vel
1879 736 1923 769 ab
1944 744 2074 782 agente
2095 737 2178 770 alio.
2195 758 2239 763 —
2260 739 2385 780 Error,

514 803 544 835 si
570 803 614 835 dc
639 803 857 848 impossibili
884 803 1081 836 secundum
1110 810 1270 835 naturam
1298 802 1533 847 intelligatur.

604 870 676 902 148.
699 870 803 911 Quod
830 869 937 901 homo
964 882 1028 914 per
1054 869 1288 901 nutritionem
1316 875 1435 913 potest
1452 869 1530 901 fieri
1556 869 1649 902 alius
1675 869 1912 903 numeraliter
1935 877 1972 910 et
1988 870 2272 904 individualiter.

603 937 676 968 2145).
699 935 804 978 Quod
829 935 922 968 alius
948 943 1000 968 est
1028 935 1234 968 intellectus
1260 936 1297 967 in
1324 935 1461 968 ratione
1488 935 1690 968 secundum
1724 936 1822 981 quod
1854 937 1951 969 Deus
1977 937 2150 982 intelligit
2174 949 2213 970 se
2240 944 2276 972 et
2302 938 2383 974 alia.

510 1022 553 1025 ——
590 1002 714 1042 Error,
748 1002 830 1046 quia
863 1002 945 1034 licet
979 1002 1023 1034 sit
1057 1002 1122 1035 alia
1157 1002 1246 1034 ratio
1276 1001 1521 1047 intelligendi,
1555 1014 1628 1036 non
1662 1009 1781 1035 tamen
1812 1002 1905 1036 alius
1939 1003 2147 1037 intellectus
2182 1004 2381 1038 seeundum

511 1068 695 1100 rationem.

600 1136 673 1167 150.
697 1135 802 1177 Quod
833 1134 940 1166 homo
976 1147 1047 1167 non
1072 1135 1179 1182 debet
1206 1147 1287 1168 esse
1314 1142 1508 1169 contentus
1533 1136 1744 1169 auctoritate
1779 1136 1823 1169 ad
1854 1136 2059 1169 habendum
2090 1137 2380 1171 certitudinem⁷¹

510 1201 661 1245 alicujus
685 1201 900 1245 questionis

601 1269 673 1300 151.
696 1268 802 1310 Quod
825 1268 868 1300 ad
900 1268 981 1304 hoc.
1015 1269 1111 1313 quod
1143 1268 1250 1301 homo
1282 1269 1408 1302 habeat
1440 1269 1595 1315 aliquam
1627 1270 1880 1303 certitudinem
1913 1270 2067 1316 alicujus
2097 1271 2382 1306 conclusionis”

509 1341 663 1381 oportet,
691 1334 788 1379 quod
814 1335 860 1367 sit
884 1335 1055 1367 fundatus
1086 1347 1197 1380 super
1226 1336 1403 1381 principia
1434 1349 1499 1382 per
1529 1349 1567 1369 sc
1598 1343 1693 1370 nota.
1724 1357 1769 1361 —-
1793 1338 1917 1379 Error,
1949 1337 2031 1382 quia
2061 1338 2283 1383 generaliter
2311 1345 2380 1372 tam

509 1401 552 1433 de
583 1401 835 1433 certitudine⁷⁸
862 1401 1165 1446 apprehensionis
1192 1414 1296 1447 quam
1323 1402 1535 1436 adhesionis
1561 1403 1735 1448 loquitur.

598 1468 670 1500 152.
694 1468 800 1510 Quod
826 1480 1015 1501 sermones
1042 1468 1203 1514 theologi
1229 1469 1367 1503 fundati
1394 1476 1479 1502 sunt
1504 1470 1540 1502 in
1566 1469 1710 1503 sabulis.

598 1535 671 1566 153.
693 1534 798 1577 Quod
825 1534 935 1567 nichil
962 1535 1042 1579 plus
1068 1535 1182 1568 scitur
1208 1542 1356 1581 propter
1381 1536 1474 1569 scire
1497 1536 1730 1582 theologiam.

598 1601 670 1632 154.
693 1601 799 1643 Quod
826 1601 1008 1646 sapientes
1034 1602 1159 1634 mundi
1186 1609 1271 1635 sunt.
1296 1602 1505 1648 philosophi
1531 1610 1680 1636 tantum.

596 1668 667 1699 155.
687 1667 792 1710 Quod
819 1680 891 1700 non
917 1675 972 1701 est
996 1669 1194 1701 curandum
1222 1669 1266 1702 de
1293 1670 1491 1714 sepultura.

600 1735 671 1766 156.
695 1734 799 1777 Quod
826 1735 855 1767 si
882 1735 997 1767 celum
1026 1742 1148 1777 staret7
1175 1736 1273 1781 ignis
1299 1736 1335 1769 in
1362 1743 1501 1782 stupam
1529 1749 1602 1769 non
1628 1744 1764 1783 ageret,
1792 1737 1874 1782 quia
1900 1738 1999 1770 Deus
2025 1750 2098 1770 non
2124 1740 2269 1771 esset⁷’.

597 1801 669 1833 157.
693 1801 798 1843 Quod
829 1801 937 1834 homo
967 1802 1156 1835 ordinatus
1189 1810 1360 1847 quantum
1394 1803 1438 1836 ad
1470 1803 1694 1837 intellectum
1729 1810 1764 1837 et
1795 1804 1976 1840 affectum.
2008 1804 2102 1837 sicut
2132 1811 2252 1850 potest
2280 1805 2380 1851 suflif

506 1866 643 1898 cientcr
669 1879 749 1899 esse
773 1880 837 1912 per
861 1868 1014 1901 virtutes
1040 1869 1306 1902 intellectuales
1333 1876 1364 1903 et
1396 1870 1484 1903 alias
1511 1870 1680 1912 morales,
1708 1870 1752 1903 de
1781 1870 1915 1915 quibus
1946 1870 2107 1915 loquitur
2136 1870 2378 1917 philosophus

506 1932 541 1964 in
567 1932 716 1975 Ethicis⁷
744 1941 797 1966 cst
824 1934 1046 1968 sufficienter
1071 1936 1273 1981 dispositus
1299 1937 1341 1969 ad
1367 1936 1574 1970 felicitatem
1601 1943 1775 1970 eternam.

596 2000 669 2032 158.
692 2001 797 2043 Quod
824 2008 903 2046 post
930 2002 1202 2035 conclusionem
1230 2003 1355 2035 saetam
1383 2003 1426 2036 de
1452 2001 1573 2049 aliquo
1599 2003 1778 2045 faciendo,
1804 2003 1973 2037 voluntas
1999 2015 2073 2037 non
2098 2011 2219 2038 manet
2242 2004 2375 2046 libera;

506 2072 541 2098 et
565 2067 662 2110 quod
689 2079 779 2111 pene
806 2080 878 2100 non
909 2068 1128 2101 adhibentur
1157 2082 1175 2102 a
1206 2069 1300 2114 lege,
1333 2070 1403 2102 nisi
1434 2070 1478 2103 ad
1509 2071 1715 2115 ignorantie
1746 2070 2029 2115 correptionem,
2061 2078 2095 2104 et
2126 2078 2164 2104 ut
2194 2071 2376 2117 correptio

505 2132 551 2164 sit
575 2132 654 2165 aliis
681 2134 896 2179 principium
924 2136 1158 2180 cognitionis.

595 2201 667 2233 159.
691 2201 795 2242 Quod
830 2202 998 2235 voluntas
1036 2202 1230 2235 hominis⁷⁵
1263 2204 1505 2237 necessitatur
1540 2216 1604 2249 per
1641 2216 1741 2237 suam
1772 2204 2033 2249 cognitionem,
2068 2206 2163 2238 sicut
2195 2200 2377 2251 appetitus

505 2264 611 2298 bruti.

595 2334 668 2365 160.
691 2334 797 2375 Quod
823 2335 960 2368 nullum
989 2321 1102 2381 agens
1129 2343 1184 2370 est
1207 2337 1251 2369 ad
1277 2337 1503 2378 utrumlibet,
1530 2338 1640 2370 immo
1667 2338 1941 2373 determinatur.

594 2400 668 2432 161.
690 2401 795 2442 Quod
821 2402 971 2435 effectus
999 2403 1183 2436 stellarum
1212 2415 1323 2448 super
1348 2403 1503 2436 liberum
1530 2404 1717 2438 arbitrium
1745 2412 1829 2439 sunt
1855 2406 2002 2439 occulti.

594 2467 667 2498 162.
691 2467 796 2508 Quod
821 2468 989 2501 voluntas
1016 2476 1139 2502 nostra
1165 2469 1328 2514 subjacet
1353 2471 1522 2515 potestati
1547 2483 1740 2516 corporum
1767 2472 1970 2505 celestium.

595 2533 667 2564 163.
690 2533 795 2574 Quod
820 2534 988 2567 voluntas
1015 2537 1222 2569 necessario
1250 2537 1495 2581 prosequitur.
1524 2538 1622 2582 quod
1648 2538 1800 2571 firmiter
1825 2539 2001 2572 creditum
2028 2545 2084 2571 est
2105 2551 2123 2571 a
2155 2539 2312 2579 ratione;
2339 2545 2375 2572 et

505 2597 601 2640 quod
634 2610 705 2630 non
737 2606 853 2643 potest
887 2600 1069 2634 abstinere
1100 2602 1144 2635 ab
1180 2615 1235 2644 (30,
1272 2603 1369 2648 quod
1404 2603 1494 2636 ratio
1529 2604 1650 2637 dictat.
1688 2606 1761 2637 Hec
1795 2611 1913 2638 autem
1946 2604 2177 2639 necessitatio
2212 2617 2286 2638 non
2317 2612 2374 2639 est

504 2663 654 2704 coactio,
682 2665 745 2696 sed
772 2672 895 2698 natura
920 2668 1127 2701 voluntatis.

595 2731 668 2762 164.
691 2732 795 2773 Quod
821 2731 929 2765 homo
956 2734 992 2766 in
1018 2735 1188 2768 omnibus
1213 2737 1418 2770 actionibus
1444 2738 1521 2770 suis
1543 2738 1708 2783 sequitur
1729 2739 1940 2783 appetitum,
1963 2745 1998 2771 et
2018 2749 2163 2783 semper
2184 2739 2374 2783 majorema

503 2812 547 2820 —-
572 2796 694 2836 Error,
722 2797 752 2829 si
778 2797 1001 2843 intelligatur
1027 2801 1070 2833 dc
1098 2803 1223 2846 majori
1250 2803 1286 2835 in
1312 2804 1492 2837 movendo
1503 2804 1541 2837 ⁷⁶.

595 2863 667 2895 165.
691 2863 796 2905 Quod
822 2876 894 2897 non
920 2873 975 2898 est
1000 2867 1176 2911 possibile
1207 2881 1289 2902 esse
1320 2877 1505 2915 peccatum
1538 2871 1572 2903 in
1603 2871 1775 2916 potentiis
1805 2871 1923 2904 anime
1953 2870 2220 2916 superioribus.
2252 2873 2297 2904 Et
2323 2871 2370 2905 ita

504 2935 687 2973 peccatum
714 2929 786 2962 fit'⁷
813 2931 999 2974 passione.
1023 2945 1095 2966 non
1121 2935 1316 2969 voluntate.
