2580 3528
488 383 552 417 270
1063 389 1380 412 ann’rULAan
1415 388 1605 410 UNIVERS.
1643 387 1770 408 mnis.
2258 378 2358 420 [1254

489 475 624 502 temere
659 466 765 500 debet
801 466 937 511 eligere
973 464 1130 509 antiquis
1165 470 1303 508 patrum
1340 473 1487 495 suorum
1524 460 1687 493 dimissis
1717 459 1931 511 sepulturis,
1962 461 1999 494 in
2027 461 2161 495 vestris
2191 461 2359 498 ecelesiis

489 535 656 579 recipere
677 545 742 567 vos
767 532 965 577 contingat,
994 530 1166 571 omnium,
1195 541 1264 573 quc
1293 528 1441 561 obtentu
1470 527 1579 571 hujus
1610 526 1799 571 sepulture
1827 527 1970 560 fueritis
1995 528 2196 570 consecuti,
2222 528 2360 563 medie-

490 607 595 634 tatem
623 600 681 634 vel
708 599 847 632 tertiam
875 598 932 631 vel
965 603 1124 642 quartam
1158 602 1292 640 partem
1317 596 1417 639 juxta
1448 593 1565 626 felicis
1597 593 1862 627 recordationis
1887 593 2087 628 Clementis
2112 607 2203 640 pape
2228 595 2360 641 prede*

489 667 648 700 cessoris
678 665 792 699 nostri
819 665 1018 704 decretum,
1045 662 1245 695 secundum
1275 659 1579 693 consuetudinem
1607 659 1786 704 regionis,
1813 660 1919 693 etiam
1951 673 2025 694 non
2054 661 2235 706 requisiti,
2267 662 2359 697 infra

490 740 569 766 octo
592 733 670 766 dics
691 745 709 765 a
731 739 892 776 tempore
920 729 1140 774 receptionis
1166 739 1291 760 eorum
1318 727 1491 771 episeopo
1512 725 1570 759 vel
1592 726 1772 760 sacerdoti
1793 726 1838 760 de
1859 727 1964 772 cujus
1984 727 2173 773 parrochia
2193 735 2359 763 mortuus

489 807 545 833 est
564 805 771 843 assumptus
793 796 962 830 exhibere
985 795 1132 835 curetis,
1152 792 1476 826 constitutionibus
1497 792 1593 825 bone
1614 793 1788 826 memorie
1810 794 2014 828 Innocentii
2035 801 2071 828 et
2090 795 2262 841 Gregorii
2281 807 2359 841 pre÷

489 867 721 899 decessorum
750 870 955 896 nostrorum
984 864 1225 894 Romanorum
1253 859 1465 905 pontificum
1492 859 1536 892 de
1563 871 1637 892 non
1658 859 1871 893 deducenda
1892 861 2065 894 canonica
2085 862 2266 907 portione,
2288 869 2360 900 tam

489 933 533 965 de
564 932 666 976 cquis
695 937 730 963 ct
758 930 865 962 armis
896 928 1025 973 legatis
1053 927 1089 959 in
1115 926 1319 959 subsidium
1347 932 1442 958 terre
1469 932 1592 959 sancte
1619 938 1724 971 quam
1751 926 1795 959 de
1821 926 1892 960 hiis
1918 939 1988 972 que
2014 928 2051 960 in
2076 913 2300 962 ornamentis
2323 935 2361 963 et

486 999 565 1031 aliis
587 998 629 1030 ad
651 997 810 1029 divinum
834 994 966 1027 cultum
991 993 1239 1038 spectantibus
1261 992 1530 1037 relinquuntur,
1549 992 1586 1025 in
1606 1005 1673 1025 suo
1695 992 1827 1026 robore
1849 993 2046 1035 duraturis,
2067 994 2264 1028 dummodo
2284 1007 2360 1035 non

486 1064 709 1108 relinquatur
741 1063 776 1094 in
807 1061 981 1099 fraudem,
1013 1061 1084 1093 ut²⁵
1116 1060 1168 1092 sic
1194 1060 1368 1104 episcopo
1398 1059 1456 1093 vel
1485 1059 1702 1105 parrochiali
1732 1060 1888 1094 ecclesie
1916 1060 2037 1094 debita
2064 1062 2189 1107 porcio
2217 1061 2360 1096 subtra!

484 1131 598 1163 hatur.
627 1130 662 1162 Si
691 1129 772 1173 quis
802 1140 887 1160 vero
918 1128 1107 1160 vestrui11²⁶
1133 1126 1242 1171 hujus
1272 1132 1397 1159 nostre
1418 1127 1670 1171 provisionis'⁷
1691 1133 1944 1173 transgressor
1964 1135 2090 1162 contra
2114 1129 2276 1174 predicta
2299 1129 2359 1168 vel,

482 1197 618 1241 aliquid
639 1195 882 1241 predictorum
905 1194 1028 1227 venire
1051 1193 1328 1238 presumpserit,
1351 1200 1473 1238 preter
1493 1193 1743 1227 inobedientie
1763 1194 1895 1227 vicium
1918 1201 1953 1228 et
1973 1196 2358 1236 excommunicationis

482 1263 696 1297 sententiam
728 1273 832 1306 quam
864 1273 944 1293 eum
973 1260 1052 1305 ipso
1080 1260 1173 1293 sacto
1203 1260 1391 1293 incurrere
1420 1259 1604 1302 volumus,
1631 1261 1768 1306 gradus
1798 1261 1855 1294 sui
1888 1261 2052 1306 periculo
2087 1262 2292 1308 subjacebit
2322 1269 2359 1298 et

482 1329 740 1362 nichilominus
761 1341 778 1361 a
800 1327 870 1360 loci
892 1327 1097 1372 dyocesano
1127 1326 1171 1359 ad
1197 1326 1376 1371 premissa
1402 1327 1573 1360 universa
1600 1333 1636 1360 et
1662 1327 1807 1373 singula
1832 1327 2059 1362 observanda
2080 1341 2146 1374 per
2165 1341 2356 1364 censuram

482 1395 762 1429 ecclesiasticam
784 1393 1026 1439 appellatione
1048 1400 1184 1426 remota
1205 1393 1408 1426 districtius
1429 1393 1680 1439 compellatur,
1696 1393 1809 1434 >nullis
1831 1394 1863 1427 ei
1885 1401 2009 1428 contra
2028 1394 2095 1428 hec
2115 1395 2357 1442 indulgentiis

481 1463 538 1496 vel
573 1462 775 1508 privilegiis
810 1460 1020 1506 apostolicis
1052 1460 1230 1494 valituris.
1260 1461 1338 1493 Dat.
1369 1460 1520 1505 Neapoli
1552 1462 1584 1506 xj
1617 1461 1685 1494 kal.
1715 1461 1941 1503 Decembris,
1975 1462 2206 1507 pontificatus
2240 1463 2356 1498 nostri

482 1542 575 1563 anno
597 1529 825 1562 duodecimo.

575 1627 644 1650 Bibl.
660 1627 739 1658 capit.
756 1627 859 1654 Poson.,
876 1635 925 1649 ms.
942 1626 970 1648 13
987 1627 1063 1655 (saec.
1081 1626 1232 1655 XIII-XIV),
1250 1625 1294 1648 fol.
1311 1626 1365 1654 242,
1382 1625 1432 1648 sub
1446 1625 1524 1649 titulo
1540 1633 1546 1649 t
1565 1634 1576 1648 «
1592 1626 1628 1649 De
1643 1626 1812 1657 regularibus
1832 1634 1854 1650 ».
1876 1626 1945 1650 Bibl.
1969 1626 2050 1650 Basil.
2072 1627 2102 1651 Β.
2123 1627 2152 1655 Χ,
2173 1627 2211 1656 14,
2232 1627 2277 1651 fol.
2298 1626 2346 1651 54⁵

482 1672 545 1695 Cod.
562 1672 618 1696 Vat.
635 1671 723 1695 ottob.
745 1673 782 1699 56,
805 1671 847 1694 ful.
870 1671 923 1694 119.
944 1671 972 1693 In
992 1670 1033 1693 his
1050 1670 1172 1693 omnibus
1193 1669 1290 1693 dicitur
1306 1678 1311 1694 ι
1330 1678 1341 1693 (ι
1358 1670 1525 1694 Innocentius
1541 1670 1673 1694 universis
1694 1670 1827 1702 religiosis
1844 1679 1865 1694 n.
1883 1671 1952 1695 Bibl.
1969 1674 2022 1695 nat.
2043 1671 2138 1700 Paris„
2154 1680 2204 1695 ms.
2220 1672 2266 1695 lat.
2283 1672 2355 1701 3120,

483 1717 526 1740 fol.
547 1716 604 1740 651².
625 1717 653 1739 ln
674 1724 722 1739 ms.
747 1716 853 1738 laudato
874 1724 930 1746 cap.
954 1715 1047 1738 Poson.
1070 1714 1166 1738 iterum
1186 1714 1309 1743 occurrit,
1331 1715 1376 1738 fol.
1397 1715 1451 1744 230,
1473 1715 1541 1738 inter
1561 1715 1709 1738 Decretales
1726 1718 1928 1747 extravagantes
1950 1724 1965 1739 a
1980 1716 2108 1747 Gregorio
2129 1716 2162 1739 IX
2181 1716 2214 1740 ad
2235 1716 2355 1741 Clemen-

482 1765 532 1785 tem
549 1762 590 1789 lv,
606 1761 703 1784 omisso
718 1760 849 1792 principio
865 1768 947 1791 usque
965 1768 976 1783 t(
992 1760 1060 1783 Sane
1075 1759 1164 1791 gravis
1181 1767 1203 1788 ›),
1220 1763 1245 1782 et
1261 1759 1317 1783 sine
1331 1759 1459 1791 temporis
1475 1763 1545 1789 nota,
1563 1759 1612 1783 sub
1628 1760 1705 1783 titulo
1721 1767 1726 1783 :
1745 1768 1757 1783 «
1773 1760 1809 1783 De
1825 1760 1969 1792 sepulturis
1985 1768 2007 1784 )›.
2028 1761 2148 1792 Epistola
2162 1761 2189 1784 in
2204 1769 2253 1785 ms.
2269 1761 2353 1786 Paris.

481 1809 522 1829 est
540 1806 622 1829 multo
642 1805 804 1828 emendatior
824 1813 902 1836 quam
927 1804 953 1827 in
978 1804 1071 1827 ceteris
1097 1812 1171 1832 mss„
1197 1812 1256 1827 cum
1283 1804 1380 1836 quibus
1400 1805 1524 1833 Bulaeus,
1545 1805 1591 1833 111,
1615 1805 1669 1834 270,
1689 1805 1846 1837 plerumque
1871 1805 2020 1834 concordat,
2041 1814 2088 1829 nee
2106 1814 2206 1837 paucas
2229 1805 2354 1831 lectione-

481 1850 613 1873 variantes
628 1850 712 1873 offert.
728 1863 759 1867 —
772 1849 837 1872 Vide
853 1850 885 1872 ad
900 1849 964 1872 haec
979 1852 1067 1872 notam
1084 1849 1117 1871 ad
1132 1849 1273 1880 epistolam
1288 1857 1370 1880 supra
1385 1853 1414 1871 n⁰
1429 1850 1474 1872 235
1488 1849 1662 1881 publicatam,
1679 1857 1745 1881 quae
1760 1852 1800 1872 est
1815 1849 1933 1881 ejusdem
1947 1849 2055 1873 tenoris.
2072 1850 2140 1873 Istas
2155 1850 2257 1874 litteras
2269 1849 2355 1879 adhue

481 1898 541 1926 post
556 1895 607 1918 duo
622 1894 746 1917 decennia
762 1893 907 1917 adversarii
923 1893 1128 1917 Mendicantium
1143 1893 1170 1916 in
1184 1893 1362 1917 Universitate
1375 1893 1458 1917 Paris.
1474 1893 1652 1925 proferebant.
1670 1893 1709 1919 Cf.
1728 1893 1907 1918 collectiones
1921 1894 2023 1919 cathol.
2039 1898 2064 1919 et
2077 1901 2181 1919 canon.
2193 1894 2355 1925 scripturae

483 1939 508 1963 in
525 1939 669 1964 Guillelmi
686 1940 717 1963 de
735 1939 761 1963 S.
780 1941 884 1963 Amore
898 1945 970 1969 opp„
988 1938 1028 1961 ed.
1046 1938 1223 1966 Constantine,
1241 1939 1310 1967 1632,
1326 1947 1353 1970 p.
1369 1939 1423 1962 188.

576 2024 597 2047 1.
616 2023 699 2047 Puris.
714 2032 718 2046 z
736 2032 747 2046 a
763 2023 936 2054 professionis
956 2031 978 2047 ».
993 2037 1025 2041 —-
1037 2024 1059 2047 2.
1076 2023 1114 2046 Ex
1128 2023 1184 2046 cod.
1202 2023 1273 2051 Bas„
1290 2022 1357 2046 alias
1374 2031 1386 2046 α
1401 2022 1569 2054 conspectius
1585 2021 1654 2046 ».‘—
1669 2024 1691 2046 3.
1709 2022 1792 2046 Paris.
1810 2022 1884 2046 addit
1899 2031 1911 2046 <t
1928 2031 2008 2054 quam
2023 2030 2045 2046 ».
2060 2036 2092 2040 —
2105 2024 2129 2046 4.
2145 2022 2186 2054 Et]
2200 2022 2249 2046 hos
2263 2022 2352 2052 etiam,

482 2068 565 2092 Paris.
586 2082 618 2086 —
636 2071 658 2091 5.
680 2068 762 2091 Paris.
784 2068 857 2091 addit
872 2076 883 2091 «
899 2076 929 2091 ac
948 2068 1096 2099 periculose
1111 2068 1252 2091 illudentes
1268 2076 1290 2090 )).
1307 2068 1370 2091 -6,
1388 2067 1548 2099 Periculose]
1565 2067 1694 2099 judicant,
1715 2067 1799 2091 Paris.
1815 2081 1847 2085 —
1861 2068 1926 2091 7.1n
1941 2067 2101 2099 quibusdam
2117 2075 2122 2091 :
2141 2076 2153 2091 ((
2168 2067 2274 2091 mundis
2289 2075 2359 2093 t)..—.

482 2114 505 2136 8.
521 2113 582 2136 Bas.
598 2116 623 2135 et
637 2113 730 2136 Poson.
743 2114 751 2130 ¹
766 2120 771 2135 ·.
790 2121 800 2135 (ε
818 2112 1020 2135 internecionem
1032 2121 1060 2141 »ς
1077 2113 1210 2136 Poson.²·.
1229 2121 1240 2135 «
1256 2112 1465 2135 interfectionem
1480 2120 1501 2135 1).
1518 2125 1548 2130 —
1562 2113 1585 2135 9.
1603 2111 1687 2135 Paris.
1705 2120 1710 2135 ·.
1729 2120 1740 2135 α
1756 2115 1895 2143 permanet
1909 2120 1931 2135 )).
1946 2125 1979 2130 —
1994 2112 2031 2135 10.
2048 2111 2210 2144 Episcopus]
2223 2111 2352 2144 predicat,

482 2157 565 2181 Paris.
585 2171 617 2174 —
632 2157 669 2180 11.
685 2157 768 2180 Paris.
789 2157 862 2180 addit
879 2165 889 2180 (ι
906 2157 1021 2188 undique
1036 2166 1058 2180 ».
1074 2171 1106 2175 -
1120 2157 1158 2180 12.
1175 2156 1259 2180 Paris.
1277 2165 1282 2180 :
1301 2165 1313 2179 «
1329 2156 1466 2180 blanditiis
1483 2164 1505 2180 r.
1519 2169 1551 2174 —
1567 2156 1604 2180 13.
1621 2157 1716 2180 Poson.
1734 2164 1739 2180 :
1757 2165 1769 2179 (ι
1786 2157 1946 2180 defraudant
1964 2156 2089 2180 ecclesias
2105 2165 2128 2182 )).
2142 2170 2175 2175 --
2189 2157 2227 2180 14.
2243 2156 2328 2181 Paris.
2345 2164 2352 2180 ε

482 2211 494 2225 «
507 2202 621 2225 minimis
638 2210 658 2224 ›).
672 2215 697 2219 ——
712 2202 749 2225 15.
762 2202 845 2225 Paris.
859 2209 863 2224 :
878 2211 888 2225 (ι
901 2202 1018 2225 ecclesiis
1035 2210 1056 2225 )).
1070 2215 1098 2219 -
1110 2202 1150 2225 16.
1161 2201 1246 2225 Ceteri
1261 2204 1367 2232 praeter
1381 2201 1495 2225 Poson.²
1511 2209 1516 2224 z
1531 2209 1543 2224 «
1558 2201 1739 2233 proximorum
1755 2209 1777 2224 ».
1789 2215 1820 2219 -
1831 2201 1868 2224 17.
1881 2201 1965 2225 Paris.
1978 2205 2003 2225 et
2017 2202 2131 2225 Posou.²
2149 2209 2155 2225 ι
2173 2210 2185 2225 α
2200 2204 2355 2234 ἱναηεραφ,

481 2247 585 2270 sionum
604 2246 783 2278 predictarum
800 2255 820 2269 ».
837 2260 867 2264 —-
882 2247 919 2269 18.
936 2246 1019 2270 Paris.
1037 2246 1111 2269 addit
1127 2255 1138 2269 (‹
1155 2246 1186 2269 de
1202 2245 1335 2269 communi
1351 2247 1463 2269 fratrum
1478 2249 1630 2269 nostrorum
1649 2245 1759 2269 consilio
1773 2254 1796 2269 ».
1807 2259 1837 2264 —
1848 2246 1887 2269 19.
1902 2246 2086 2269 Lateranensis
2097 2246 2181 2270 lv.-—
2193 2247 2231 2270 20.
2248 2246 2332 2270 Paris.
2345 2254 2351 2270 z

482 2300 494 2314 (ι
510 2294 597 2314 autem
612 2299 634 2314 ».
650 2305 681 2308 -
695 2291 734 2314 21.
750 2291 827 2314 Deest
846 2290 872 2313 in
891 2291 986 2314 Poson.
1002 2304 1032 2309 -
1047 2292 1086 2314 22.
1106 2291 1190 2314 Paris.
1207 2290 1282 2314 addit
1297 2299 1309 2313 «
1325 2293 1350 2314 et
1368 2290 1519 2314 oblaciones
1536 2298 1557 2314 )),
1571 2304 1599 2308 -
1616 2291 1653 2314 23.
1669 2290 1706 2314 Ad
1722 2290 1760 2322 id]
1779 2290 1813 2313 ab
1828 2290 1879 2319 bis,
1891 2291 1986 2314 Poson.
1998 2291 2010 2308 ⁹
2024 2304 2056 2309 —
2069 2291 2107 2314 24.
2126 2299 2138 2314 t(
2153 2291 2192 2315 Ex
2206 2290 2353 2323 frequentin

482 2339 507 2359 et
522 2335 697 2359 inculcacione
715 2344 736 2364 n,
758 2335 851 2363 Paris„
868 2336 979 2359 Poson.¹
996 2349 1027 2353 —-
1042 2336 1081 2359 25.
1097 2335 1157 2358 Bas.
1176 2343 1181 2358 ’.
1205 2344 1216 2358 (ι
1232 2338 1258 2358 et
1273 2343 1296 2359 )).
1313 2349 1339 2352 -
1357 2336 1395 2359 26.
1411 2335 1494 2358 Paris.
1512 2335 1586 2358 addit
1601 2343 1613 2358 «
1629 2334 1785 2359 temerarius
1802 2343 1823 2358 ».
1839 2348 1871 2353 —-·
1885 2336 1924 2361 27.
1940 2335 2000 2358 Bas.
2017 2338 2042 2359 et
2057 2336 2151 2359 Poson.
2164 2337 2173 2353 ¹
2191 2343 2196 2358 ε
2214 2344 2225 2359 (ι
2240 2343 2354 2368 precep-

479 2380 557 2403 tionis
573 2388 595 2403 »-

481 2515 591 2551 241.
616 2524 755 2550 Robertus
773 2524 808 2550 de
828 2526 925 2550 Duaco
947 2524 1040 2550 vendit
1062 2524 1210 2551 Guillelmo
1232 2524 1267 2551 de
1291 2526 1412 2551 θαι-ηοω
1429 2526 1456 2551 S.
1478 2525 1607 2559 Quintim'
1627 2524 1763 2551 canonico
1783 2524 1897 2551 domum
1916 2525 2003 2550 sitam
2023 2524 2064 2550 ad
2081 2523 2226 2560 palatium
2245 2524 2351 2550 Termi-

571 2581 677 2607 norum,
696 2572 744 2598 ubi
754 2577 859 2609 postea
873 2573 1026 2607 fundatum
1042 2577 1085 2599 est
1100 2573 1249 2608 collegium
1266 2574 1420 2600 Sorbonae.

1570 2663 1643 2693 1254,
1659 2664 1747 2690 Mense
1761 2662 1897 2693 Novembri.
1913 2661 2065 2697 [Parisiis]

574 2735 763 2768 Universis
789 2743 978 2780 presentes
999 2737 1137 2770 litteras
1162 2738 1384 2783 inspecturis
1405 2737 1569 2771 officialis
1590 2738 1690 2771 curie
1711 2737 1929 2771 Parisiensis
1950 2737 2103 2771 salutem
2123 2736 2161 2769 in
2181 2736 2352 2776 Domino,

484 2802 614 2833 Notum
632 2801 796 2843 facimus7
819 2802 916 2846 quod
937 2802 973 2835 in
994 2810 1117 2836 nostra
1138 2804 1327 2849 presencia
1348 2805 1568 2838 constitutus
1590 2804 1764 2850 magister
1780 2803 1961 2837 Robertus
1983 2803 2028 2836 de
2049 2804 2171 2836 Duaco
2194 2802 2350 2836 clericus

483 2867 648 2900 vendidit
661 2874 695 2900 et
711 2868 876 2912 quittavit
890 2880 1009 2901 coram
1026 2869 1133 2903 nobis
1150 2870 1356 2915 specialiter
1372 2877 1408 2904 et
1422 2883 1596 2917 expresse
1613 2871 1761 2904 domino
1777 2870 1975 2904 Guillelmo
1993 2869 2037 2903 de
2054 2870 2212 2903 Carnoto
2230 2869 2350 2903 Sancti

487 2933 651 2976 Quintini
676 2934 849 2967 canonico
875 2935 919 2967 ad
944 2947 1036 2980 opus
1062 2937 1248 2981 cujusdam
1276 2938 1381 2971 amici
1404 2938 1476 2980 sui,
1502 2944 1541 2971 ut
1566 2937 1720 2980 dicebat,
1748 2944 1783 2971 et
1807 2937 1881 2970 illis
1907 2937 1968 2982 qui
1995 2948 2139 2970 causam
2165 2935 2351 2970 habebunt
