2580 3528
243 399 340 440 1259]
582 408 630 430 AB
663 407 770 430 Auno
804 407 882 431 nec
916 407 1048 436 usone
1083 407 1131 429 an
1166 407 1395 429 ruimrrcu
1432 407 1472 428 1v
1506 407 1596 429 nec..
1635 407 1771 428 rame.
2053 399 2117 431 :397

238 541 354 580 346.
374 550 544 578 Alexander
563 551 608 577 JV
622 549 800 577 cancellario
820 552 848 576 S.
873 551 1031 584 Genovefae
1051 549 1172 575 mandat
1187 553 1219 575 ut
1233 549 1381 576 licentiam
1401 548 1519 583 regendi
1539 549 1567 574 iu
1588 549 1695 574 artium
1718 548 1861 582 facultate
1883 549 1956 574 nulli
1971 549 2119 583 concedat,

327 599 387 627 nisi
400 600 586 626 examinatus
599 600 690 634 fuerit
700 608 756 636 per
770 603 896 635 quatuor
910 599 1065 634 magistros
1080 598 1118 625 ab
1134 599 1200 635 ipsa
1214 597 1360 633 facultate
1375 597 1539 634 deputatos.

1444 687 1520 716 1259,
1536 686 1645 719 Augusti
1656 687 1682 716 2,
1698 686 1833 719 Anagniae.

328 762 535 796 Alexander
564 763 762 809 episcopus
793 774 922 796 servus
943 775 1133 796 servorum
1155 762 1220 795 Dei
1242 762 1375 795 dilecto
1397 761 1472 794 filio
1492 788 1512 794 ..
1536 760 1752 794 cancellario
1779 761 1908 794 Sancte
1933 761 2121 794 Genovese

239 829 416 863 Parisien.
448 829 602 863 salutem
622 836 658 863 et
677 829 913 875 apostolicam
935 829 1242 863 benedictionem.
1263 830 1315 861 Ex
1335 835 1435 873 parte
1456 827 1672 861 dilectorum
1693 827 1851 860 filiorum
1873 827 2120 861 universitatis

239 896 497 942 magistrorum
533 902 568 930 et
602 896 798 930 scolarium
834 896 1094 930 parisiensium
1129 896 1196 929 suit
1230 895 1456 941 propositum
1497 906 1617 927 coram
1657 893 1778 935 nobis,
1816 894 1913 939 quod
1953 894 2035 927 licet
2076 894 2123 927 de

238 962 399 1008 antiqua,
429 962 626 1008 approbata
656 970 692 996 et
725 962 902 997 hactenus
928 963 1077 1009 pacifice
1103 962 1293 996 observata
1319 961 1586 995 consuetudine
1611 961 1772 994 Parisius
1798 961 1846 994 sit
1869 960 2057 994 obtentum
2085 969 2121 995 ut

240 1041 306 1075 per
343 1035 379 1063 te
417 1029 509 1062 nulli
548 1029 593 1062 de
632 1029 836 1063 scolaribus
875 1030 967 1075 ipsis
1005 1028 1240 1062 studentibus
1278 1029 1315 1061 in
1353 1028 1482 1061 artium
1522 1027 1688 1061 facultate
1728 1028 1880 1073 regendi
1919 1028 1955 1060 in
1996 1028 2120 1061 eadem

239 1095 407 1130 facultate
436 1095 582 1129 licentia
612 1096 846 1138 concedatur,
873 1097 945 1130 nisi
975 1108 1040 1142 per
1062 1102 1218 1141 quatuor
1242 1095 1438 1140 magistros
1463 1094 1717 1127 examinationi
1749 1094 1871 1127 talium
1901 1094 1946 1127 ab
1976 1095 2123 1128 univer-

239 1162 345 1196 sitate
380 1162 638 1208 magistrorum
677 1163 858 1196 facultatis
898 1175 963 1209 pro
1003 1170 1166 1208 tempore
1196 1162 1388 1208 deputatos
1423 1161 1613 1195 examinati
1649 1161 1785 1194 fuerint
1823 1168 1857 1194 et
1891 1161 2025 1207 ydonei
2064 1162 2121 1195 vel

239 1228 466 1262 sufficientes
504 1229 660 1263 inventi¹
701 1241 708 1262 :
750 1236 788 1262 111
828 1236 948 1263 tamen
996 1241 1108 1274 super
1144 1228 1215 1262 hiis
1254 1227 1452 1261 indebitam
1495 1227 1558 1261 tibi
1600 1227 1895 1273 jurisdictionem
1940 1240 2122 1274 usurpans

239 1294 430 1328 nonnullis
459 1306 502 1328 ex
532 1291 737 1329 scolaribus
769 1295 989 1341 supradictis
1023 1302 1142 1340 spreta
1174 1295 1438 1328 examinatione
1469 1294 1647 1327 dictorum
1679 1294 1962 1327 examinatorum
1996 1294 2124 1339 hujus-

239 1361 339 1395 ⁹nodi
386 1361 567 1395 licentiam
613 1362 816 1396 temeritate
861 1362 1007 1408 propria
1051 1362 1288 1402 concessisti,
1334 1368 1369 1394 ct
1412 1356 1546 1406 passi—m
1591 1361 1793 1394 concedere
1842 1373 1915 1394 non
1962 1362 2121 1404 vereris,

239 1427 495 1461 examinationi
525 1427 650 1461 talium
681 1435 802 1462 certos
827 1429 1092 1462 examinatores
1117 1434 1216 1461 motu
1243 1428 1391 1473 proprio
1418 1427 1638 1472 deputando.
1667 1427 1771 1460 Unde
1797 1428 1835 1460 lit
1860 1428 1957 1472 quod
1988 1429 2122 1473 prefata

238 1493 384 1528 licentia
421 1506 487 1540 per
524 1501 559 1528 te
597 1495 723 1541 sepius
759 1494 1066 1529 insufficientibus
1106 1495 1327 1528 concedatur
1361 1501 1396 1527 et
1429 1494 1606 1539 indignis,
1646 1506 1686 1526 ac
1721 1506 1785 1539 per
1821 1493 1888 1527 hoc
1927 1502 2123 1528 memorate

238 1560 418 1595 facultatis
448 1561 610 1595 studium
641 1574 715 1595 non
746 1562 929 1596 modicum
959 1562 1198 1608 vilipenditur
1228 1568 1263 1595 et
1292 1561 1438 1607 penitus
1468 1567 1672 1594 enervatur.
1705 1561 1797 1603 Quia
1830 1561 1941 1606 igitur
1970 1562 2006 1594 in
2037 1561 2122 1603 hiis,

239 1627 271 1662 si
304 1639 389 1662 vera
423 1635 521 1671 sunt,
559 1640 632 1662 non
667 1629 789 1662 minus
822 1628 1004 1663 honestati
1035 1635 1094 1663 tue
1124 1641 1229 1674 quam
1262 1628 1424 1674 predicte
1459 1627 1668 1661 detrahatur
1701 1627 1872 1668 facultati,
1910 1627 2122 1661 discretioni

239 1700 300 1728 tue
321 1706 387 1740 per
406 1694 605 1741 apostolica
629 1696 763 1742 scripta
784 1696 997 1730 mandamus
1019 1696 1190 1742 quatinus
1209 1694 1392 1741 aliquibus
1413 1706 1456 1727 ex
1477 1694 1681 1727 scolaribus
1702 1694 1921 1740 supradictis
1940 1694 2120 1728 licentiam

238 1759 451 1806 hujusmodi
477 1773 551 1794 non
578 1762 772 1804 concedas,
795 1762 867 1796 nisi
888 1774 955 1808 per
979 1762 1097 1796 dictos
1118 1761 1376 1796 Universitatis
1401 1761 1679 1801 examinatores,
1701 1767 1740 1794 ut
1760 1761 1838 1794 fieri
1860 1760 1967 1808 solet,
1989 1762 2122 1795 exami-

239 1827 313 1861 nati
342 1827 478 1861 fuerint
506 1834 542 1862 et
569 1828 703 1874 ydonei
733 1829 791 1863 vel
817 1829 1040 1863 sufficientes
1066 1829 1218 1870 inventi,
1244 1835 1380 1869 certus,
1407 1827 1506 1873 quod
1531 1828 1562 1861 si
1588 1828 1792 1861 mandatum
1820 1835 1984 1861 nostrum
2011 1841 2123 1874 supcr

239 1892 308 1927 hoc
342 1893 552 1940 neglexeris
581 1895 795 1941 adimplere,
826 1902 861 1929 te
891 1896 935 1929 ad
964 1895 1001 1929 id
1031 1895 1201 1941 compelli
1233 1895 1412 1928 mediante
1442 1894 1583 1939 justitia
1618 1894 1804 1927 sttciemus.
1842 1895 1918 1927 Dat.
1956 1895 2122 1940 Anagnie

239 1959 291 2006 iiij
318 1971 404 1994 non.
430 1961 604 2007 Augusti,
635 1962 867 2007 pontificatus
896 1962 1014 1996 nostri
1043 1974 1138 1996 anno
1168 1962 1308 2008 quinto.

333 2057 470 2091 Origini-le
490 2059 517 2083 in
544 2060 621 2084 Arch.
638 2064 692 2085 nat.
707 2061 791 2085 Paris.
806 2061 834 2085 L.
851 2061 905 2091 25³,
921 2066 951 2085 n⁰
965 2062 1022 2086 248.
1036 2061 1114 2085 Bulla
1127 2061 1230 2093 plnmb.
1247 2060 1299 2084 fitis
1315 2060 1427 2084 cnnnnb.
1448 2060 1616 2092 appenditur.
1635 2060 1663 2083 111
1679 2059 1832 2083 membrana
1847 2068 1941 2083 aversa
1957 2068 1962 2083 z
1981 2069 1991 2083 n
2009 2061 2121 2084 Univer-

239 2101 306 2126 nim
320 2102 446 2134 parieien.
464 2111 487 2132 n,
504 2104 538 2128 ed
553 2104 627 2136 cnjus
642 2105 719 2129 Arch.
736 2105 894 2138 pertinebat.
910 2105 979 2129 Bibl.
997 2105 1023 2129 S.
1040 2105 1188 2130 Genovesae
1207 2105 1302 2133 Puris.,
1318 2105 1375 2128 cod.
1393 2105 1423 2133 Q.
1441 2105 1460 2128 1.
1475 2105 1497 2133 2,
1515 2104 1588 2134 111-80,
1605 2104 1648 2128 tol.
1666 2104 1721 2127 311».
1739 2104 1862 2128 coavat.
1880 2105 1942 2136 ch.
1959 2106 2013 2133 1106,
2031 2105 2074 2128 sol.
2091 2107 2121 2128 23

239 2145 295 2178 (uhi
309 2154 451 2179 perperam
465 2155 478 2172 ι
494 2147 532 2180 iiij
548 2149 659 2181 August.
676 2151 713 2179 11);
729 2149 798 2174 Bibl.
816 2149 949 2183 Phillippe
964 2149 992 2174 in
1009 2149 1190 2178 monentium,
1206 2157 1256 2173 ms.
1272 2150 1327 2177 ⁸76,
1345 2149 1390 2173 tol.
1405 2149 1461 2177 25¹³,
1478 2149 1528 2172 sub
1543 2148 1636 2172 titulo:
1652 2157 1664 2171 a
1677 2149 1850 2180 Privitegium
1862 2156 1942 2181 super
1952 2149 2120 2172 libertatibus

239 2190 369 2215 examini·
383 2191 410 2216 S.
427 2191 559 2217 Genovel'e
574 2202 597 2218 11.
611 2207 644 2212 -
657 2193 781 2224 Bulaeus,
798 2194 844 2223 m,
860 2195 915 2223 ³46,
930 2203 1072 2227 perperam
1089 2203 1100 2218 u
1117 2194 1154 2226 iiij
1168 2194 1221 2218 kal.
1237 2195 1304 2225 Aug.
1320 2202 1362 2217 un.
1378 2194 1391 2216 Ιι
1409 2202 1420 2216 n
1430 2212 1436 2217 .

335 2275 358 2299 1.
377 2275 442 2300 Vide
456 2284 539 2309 snpra
554 2281 584 2301 11⁰
597 2278 652 2302 ³³³.

241 2393 355 2432 347.
378 2400 547 2428 Alexander·
566 2401 611 2426 IV
626 2398 796 2426 Ludovicum
817 2400 865 2435 IX,
887 2408 981 2435 regem
1000 2401 1184 2434 Francorum,
1207 2399 1345 2426 laudibus
1365 2399 1479 2426 extollit
1494 2399 1571 2436 quod
1585 2399 1735 2435 collegium
1751 2399 1953 2434 magistrorum
1971 2400 2077 2426 artium
2093 2401 2121 2427 in

332 2450 479 2485 theologia
493 2448 670 2476 eludentium
685 2448 811 2474 Parisiis
827 2447 976 2475 instituere
990 2447 1153 2484 decreverit,
1171 2448 1398 2484 exhortaturque
1413 2452 1444 2474 ut
1459 2457 1530 2485 opus
1543 2452 1746 2485 prosequatur.

1451 2537 1526 2568 125⁹.
1543 2537 1651 2571 liquati
1660 2537 1685 2568 2,
1700 2537 1835 2571 Anagniae.

331 2613 541 2648 Alexander
572 2613 769 2659 episcopus
799 2624 928 2647 servus
958 2624 1147 2647 servorum
1185 2613 1251 2646 Dei
1290 2612 1484 2646 karissimo
1514 2612 1551 2646 in
1586 2611 1733 2647 Christo
1768 2612 1844 2646 filio
1879 2612 2012 2647 illustri
2043 2614 2120 2659 regi

243 2681 394 2715 Francie
424 2679 581 2714 salutem
612 2686 649 2713 et
677 2678 912 2725 apostolicam
943 2678 1251 2713 benedictionem.
1279 2678 1565 2724 Congaudemus
1591 2678 1670 2721 tibi,
1702 2678 1753 2712 fili
1778 2679 1980 2721 carissime,
2011 2692 2123 2726 super

242 2746 428 2781 universis
457 2745 636 2792 operibus
667 2745 812 2792 pietatis
841 2744 976 2791 quibus
1005 2745 1177 2779 continue
1207 2745 1356 2779 studere
1388 2751 1422 2779 te
1453 2745 1635 2788 novimus,
1671 2747 1710 2779 ut
1744 2745 1866 2780 divine
1896 2746 2122 2792 complaceas

243 2813 466 2860 magestati3-
483 2812 549 2847 sed
576 2813 672 2847 inter
696 2812 763 2846 hec
788 2824 829 2846 ea
855 2812 1036 2846 delectant
1060 2812 1234 2858 precipue
1259 2818 1416 2846 mentem
1443 2818 1603 2846 nostram
1630 2824 1695 2858 per
1719 2824 1789 2858 que
1815 2819 1854 2846 ut
1876 2812 2122 2846 intelleximus

243 2878 427 2926 adaugere
458 2879 636 2925 proponis
666 2879 703 2913 in
734 2879 878 2914 civitate
908 2879 1022 2913 Paris.
1053 2878 1214 2912 studium
1246 2878 1454 2925 theologice
1488 2877 1682 2921 facultatis,
1720 2879 1889 2925 quoniam
1921 2891 1964 2912 ex
1994 2880 2048 2912 eis
2078 2892 2122 2912 co

245 2944 432 2991 pleniores
462 2952 715 2992 reportaturus
744 2957 785 2979 es
815 2945 1022 2992 manipulos
1051 2945 1273 2992 premiorum
1309 2957 1382 2991 quo
1413 2957 1478 2991 per
1507 2945 1584 2991 ipsa
1619 2945 1811 2991 negocium
1848 2945 1946 2986 fidei,
1977 2957 2119 2979 0011811111
