2618 3640
1009 440 1306 463 INTRODUCTIO.
2009 440 2102 462 XXXV

213 517 305 566 loqia
322 516 468 553 Parisiis
490 528 582 553 saec.
601 517 682 553 XIV
704 520 856 553 exeunte
880 516 1031 552 usitatus
1057 515 1257 564 exscriptus
1280 518 1344 551 est.
1375 515 1632 551 Licentiandus
1653 514 1881 561 quaestiones
1905 514 1994 550 duas
2018 526 2101 562 pro-

213 588 348 637 positas
374 591 446 624 tam
468 587 503 624 in
521 588 696 634 vesperiis,
718 599 826 635 quam
846 588 884 623 in
906 588 1002 632 aula,
1029 587 1191 636 episcopi
1210 586 1391 631 videlicet,
1416 586 1552 622 solvere
1577 585 1780 622 tenebatur.
1809 587 1911 622 Hunc
1936 586 2099 622 ordinem

213 671 310 696 saec.
343 660 426 695 XIII
456 659 634 708 originem
664 659 873 707 sumpsisse,
894 658 1022 707 probat
1043 662 1129 695 nota
1148 658 1193 695 ad
1214 664 1279 694 ῃ111111
1296 658 1379 695 596.

311 732 363 768 Ea
387 730 612 767 Chartularia
640 730 756 779 magis
787 731 824 766 in
856 730 935 767 aliis
964 730 1096 766 nostris
1124 729 1367 766 voluminibus
1399 741 1508 778 quam
1538 730 1575 765 in
1600 729 1776 778 praesenti
1806 729 2098 772 adhibebuntur;

211 814 370 851 namque
386 802 458 839 duo
473 813 565 851 quae
581 802 698 850 primo
713 802 1006 847 memoravimus,
1025 801 1069 838 ad
1085 804 1236 838 aetatem
1251 805 1478 849 sequentem,
1497 813 1563 837 nos
1578 812 1691 849 paene
1707 801 1888 837 deficient.

311 875 363 910 De
391 873 571 911 Facultate
596 874 811 910 Artistarum
838 877 951 910 exstat
970 877 1159 922 praeterea
1184 873 1221 908 in
1249 873 1342 909 Bibl.
1374 874 1410 909 S.
1435 872 1631 910 Genovefae
1653 873 1765 909 Paris.
1791 873 1910 910 Codex
1936 874 1991 921 (Q.
2016 875 2040 910 l.
2062 878 2096 919 2,

210 946 324 988 in-80,
347 957 440 983 saec.
461 947 637 988 le-XV)
651 946 860 994 juramenta
879 949 913 982 et
934 945 1003 982 alia
1022 945 1223 990 continens,
1242 944 1303 993 qui
1320 944 1425 981 nobis
1447 945 1545 981 utilis
1561 944 1640 981 fuit.

308 1019 360 1054 De
386 1017 569 1054 Facultate
593 1019 824 1054 Decretorum
851 1017 1027 1054 habemus
1049 1016 1218 1064 Codicem
1240 1016 1423 1053 Arsenalis
1440 1016 1493 1065 (11⁰
1512 1017 1638 1064 1121),
1663 1015 1725 1064 qui
1752 1020 1920 1064 quattuor
1938 1018 2098 1066 partibus

209 1092 371 1126 constat:
395 1089 523 1126 Officio
549 1093 795 1133 mortuorunm
826 1088 1034 1125 Calendario
1063 1088 1256 1125 Facultatis
1272 1089 1527 1132 Decretorum;
1548 1088 1693 1125 Statutis
1711 1089 1905 1125 Facultatis
1919 1103 1928 1133 ;
1952 1090 2099 1127 Privile-

207 1160 274 1209 giis
303 1160 568 1205 Universitatis;
597 1160 659 1208 qui
693 1160 782 1196 nihil
810 1160 877 1196 nisi
913 1161 1163 1209 apographum
1190 1160 1500 1197 accuratissimum
1524 1163 1577 1196 est
1613 1160 1748 1197 codicis
1777 1161 1966 1197 Chelteuh.
1999 1164 2094 1199 2863

208 1233 318 1279 (saec.
346 1234 424 1278 XV,
456 1235 553 1269 cont.
586 1235 629 1269 16
649 1237 686 1275 -{-
705 1233 815 1269 LVIII
841 1237 878 1274 -Ι-
903 1235 947 1268 77
977 1232 1056 1276 fol.‚
1088 1231 1198 1276 22115
1229 1235 1338 1274 cent.)
1357 1232 1389 1275 '3
1421 1232 1551 1268 menda
1573 1243 1662 1280 quae
1688 1233 1894 1281 apographo
1918 1233 2096 1281 imputare

206 1315 330 1352 posses
345 1304 420 1352 jam
443 1303 480 1339 in
500 1303 692 1340 Cheltenh.
710 1306 932 1351 comparent.
949 1325 998 1329 —
1014 1303 1135 1340 Codex
1150 1304 1278 1339 Arsen.
1302 1305 1394 1339 1123
1416 1303 1550 1339 nullius
1570 1315 1654 1339 usus
1676 1304 1757 1346 suit,
1779 1303 1912 1352 quippe
1927 1305 1987 1352 qui
2005 1305 2097 1341 nihil

207 1374 337 1411 habeat
355 1374 452 1422 quod
467 1375 511 1411 ad
526 1377 677 1410 aetatem
695 1375 740 1410 de
757 1386 826 1422 qua
845 1374 986 1422 agimus
1002 1373 1189 1422 pertineat.

306 1446 404 1482 Idem
425 1445 619 1482 dicendum
636 1445 681 1481 de
700 1445 814 1482 codd.
839 1457 924 1481 mss.
947 1445 1040 1482 Bibl.
1061 1447 1141 1482 Nat.
1171 1445 1234 1481 lat.
1255 1447 1366 1488 9950,
1390 1448 1523 1488 10402,
1548 1448 1802 1483 12846-12851
1820 1460 1828 1490 ;
1848 1447 1991 1483 Archivi
2012 1450 2090 1484 Nat.

204 1519 289 1555 MM.
306 1520 391 1562 247,
415 1517 477 1566 qui
497 1517 635 1553 Statuta
654 1528 718 1553 seu
735 1516 994 1562 Universitatis,
1016 1528 1076 1553 seu
1098 1516 1321 1565 singularum
1342 1517 1566 1553 Facultatum
1587 1522 1854 1560 conservarunt,
1873 1519 1935 1554 sed
1952 1530 2092 1564 omnes,

202 1588 327 1638 paucis
351 1588 580 1626 documentis
605 1599 625 1625 a
646 1588 753 1625 nobis
776 1588 909 1625 notatis
937 1588 1108 1637 exceptis,
1135 1588 1369 1637 posteriorem
1392 1591 1541 1625 aetatem
1564 1589 1775 1638 respiciunt.
1796 1590 1894 1626 Idem
1919 1591 2025 1626 etiam
2049 1592 2092 1627 de

202 1672 289 1697 mss.
308 1659 369 1709 qui
392 1660 578 1697 continent
594 1660 804 1696 Calendaria
823 1660 1070 1697 Universitatis
1087 1672 1151 1697 seu
1168 1660 1394 1697 Facultatum
1409 1673 1440 1696 v.
1459 1672 1494 1709 g.
1518 1660 1610 1697 Bibl.
1628 1662 1707 1697 Nat.
1728 1664 1861 1704 12461,
1881 1662 1989 1698 Arch.
2011 1665 2090 1699 Nat.

202 1733 285 1770 MM.
306 1734 391 1777 261,
412 1731 505 1768 Bibl.
525 1733 560 1768 S.
581 1731 797 1777 Genovet'ae,
816 1733 856 1767 E.
875 1731 901 1768 l.
922 1734 981 1777 29,
1004 1733 1095 1768 Mus.
1117 1731 1205 1768 Brit.
1226 1731 1336 1769 addit.
1359 1734 1477 1769 17304
1489 1731 1517 1769 ².
1538 1732 1596 1769 Sic
1610 1736 1645 1769 ct
1660 1732 1870 1769 illatautum
1886 1735 2094 1771 iuramenta

296 1842 467 1875 privilegium
482 1841 550 1875 quod
561 1843 663 1867 statuta
677 1843 703 1867 et
714 1842 893 1867 ordinationes
908 1842 1098 1867 Universitatis
1112 1842 1198 1868 Paris.
1214 1842 1401 1868 inviolabiliter
1415 1843 1596 1868 observentur.

296 1886 469 1919 Privilegium
484 1893 563 1919 super
581 1886 666 1911 danda
681 1886 784 1911 licentia
799 1895 814 1911 a
829 1886 988 1911 Cancellario
1008 1886 1151 1912 parisiensi
1170 1887 1197 1911 in
1215 1887 1346 1919 theologia
1360 1889 1387 1912 et
1407 1887 1528 1918 decretis,
1545 1889 1574 1912 et
1595 1887 1663 1920 quod
1683 1888 1817 1921 episcopus
1832 1889 1986 1914 Parisiensis
2002 1898 2090 1914 secum

200 1938 253 1957 non
264 1931 348 1964 possit
361 1931 513 1964 dispensare
526 1937 607 1964 super
619 1938 670 1956 non
685 1930 842 1956 Iicentiando
858 1930 935 1956 modo
946 1931 974 1956 in
986 1931 1123 1964 privilegio
1140 1933 1271 1956 contento.

295 1975 468 2008 Privilegium
485 1975 556 2008 quod
570 1975 744 2001 Cancellarius
758 1976 916 2001 Parisiensis
934 1976 1045 2001 scolares
1059 1984 1132 2001 arma
1154 1978 1299 2010 portantes,
1319 1977 1341 2001 si
1356 1978 1396 2001 ter
1411 1977 1504 2002 moniti
1521 1985 1548 2002 se
1567 1985 1619 2002 non
1638 1978 1804 2009 correxerint,
1823 1979 1908 2011 privet
1922 1979 2090 2004 libertatibus

198 2020 395 2047 Universitatis.

293 2065 466 2098 Privilegium
481 2064 551 2102 quod
565 2065 712 2090 servientes
724 2065 918 2090 Universitatis
933 2073 1083 2091 communes
1098 2065 1232 2097 gaudeant
1246 2065 1465 2091 immunitatibus
1478 2066 1628 2091 scolarium.

293 2110 465 2142 Privilegium
482 2109 550 2143 quod
567 2109 743 2135 Cancellarius
764 2110 791 2134 in
808 2118 857 2135 sua
880 2110 1048 2135 institutione
1066 2112 1188 2135 teneatur
1205 2110 1295 2142 jurare
1313 2111 1341 2135 in
1362 2112 1493 2144 presentia
1513 2112 1626 2145 episcopi
1643 2112 1802 2138 Parisiensis
1816 2114 1843 2137 et
1857 2113 1969 2138 duorum
1983 2114 2090 2147 deputa-

199 2156 286 2180 torum
301 2155 334 2180 ab
347 2154 536 2185 Universitate,
549 2156 578 2179 et
591 2154 623 2180 de
637 2156 768 2188 potestate
782 2154 948 2184 Cam-ellarii,
963 2157 990 2180 et
999 2154 1031 2180 de
1045 2163 1107 2180 casu
1119 2155 1282 2185 cessationis,
1298 2157 1325 2180 et
1339 2155 1407 2188 quod
1423 2156 1588 2181 Universitas
1598 2158 1684 2190 potest
1694 2158 1821 2187 statuere,
1837 2159 1865 2182 et
1881 2158 1913 2183 de
1925 2158 2001 2183 modo
2013 2159 2090 2184 licen-

198 2199 284 2225 tiandi
298 2199 327 2224 in
341 2199 475 2232 theologia
488 2201 516 2224 et
529 2199 649 2225 decretis.

293 2243 462 2277 Privilegium
477 2244 546 2277 quod
563 2244 726 2269 Universitas
741 2252 792 2269 nou
806 2244 888 2277 possit
899 2244 1125 2270 excommunicari.

291 2288 463 2321 Privilegium
478 2288 546 2321 quod
561 2289 738 2314 Cancellarius
753 2290 861 2314 tenetur
877 2290 1058 2322 juramentum
1073 2289 1186 2322 recipere
1201 2297 1216 2314 a
1233 2289 1402 2314 licentiandis
1419 2291 1555 2322 Par-ysius,
1569 2291 1639 2323 quod
1656 2293 1758 2316 statuta
1773 2300 1819 2325 pro
1834 2293 1939 2318 comodo
1954 2294 2087 2319 Universi-

198 2333 263 2358 tatis
275 2333 395 2358 ordinata
407 2333 594 2358 inviolabiliter
608 2333 826 2358 observabuntur.

293 2377 467 2410 Privilegium
482 2377 550 2410 quod
565 2377 743 2402 Cancellarius
757 2379 865 2402 tenetur
877 2378 1058 2410 juramentum
1074 2378 1189 2411 recipere
1203 2386 1218 2403 a
1230 2378 1396 2404 lioentiandis
1416 2379 1485 2412 quod
1499 2380 1692 2405 ordinationem
1705 2381 1732 2405 in
1748 2381 1892 2413 privilegio,
1909 2382 1977 2414 quod
1994 2383 2087 2415 incipit

200 2423 288 2450 Οῑιαει·
303 2422 418 2454 lionam
431 2422 485 2447 vite
496 2421 682 2447 inviolabiliter
697 2421 884 2447 observabunt.

293 2466 467 2499 privilegium
482 2466 550 2498 quod
564 2466 743 2491 Cancellarius
757 2466 915 2491 parisiensis
929 2466 1039 2492 scolares
1052 2468 1139 2500 potest
1152 2467 1285 2493 absolvere
1302 2476 1317 2492 a
1332 2468 1443 2493 violenta
1458 2476 1583 2493 manuum
1599 2470 1738 2501 injectione
1755 2470 1808 2495 nisi
1824 2473 1895 2495 esset
1909 2471 1946 2496 ita
1961 2473 2084 2503 enormis,

197 2514 228 2536 ut
242 2518 289 2544 pro
302 2519 332 2536 ea
345 2510 419 2536 sedes
433 2510 575 2544 apostolica
586 2512 656 2536 esset
667 2510 793 2536 adeunda.

290 2555 464 2588 Privilegium
476 2554 546 2588 quod
561 2555 659 2587 singuli
674 2555 794 2587 magistri
810 2555 836 2579 in
852 2555 928 2580 factis
941 2556 1093 2580 necessariis
1107 2556 1296 2581 Universitatis
1312 2558 1450 2581 teneantur
1464 2557 1640 2583 contribuere.

289 2599 462 2632 Privilegium
477 2599 544 2632 quod
554 2599 656 2633 judices
670 2602 698 2624 et
710 2599 831 2624 officiales
846 2599 927 2629 curie.
939 2601 1136 2625 conservatores
1148 2602 1276 2625 tenentur
1289 2602 1376 2633 jurare
1391 2601 1570 2632 Unimrsitati,
1586 2604 1614 2627 et
1627 2603 1695 2635 quod
1708 2606 1875 2629 conservator
1889 2606 1916 2629 et
1934 2606 2083 2638 hujusmodi

193 2644 294 2677 indices
307 2646 335 2670 et
349 2644 470 2670 officiales
486 2652 532 2677 pro
544 2644 659 2669 emendis
674 2644 713 2669 vel
729 2644 832 2669 salariis
850 2652 900 2669 non
916 2644 1045 2677 recipiant
1064 2645 1135 2670 ultra
1153 2645 1218 2670 illud
1231 2645 1298 2678 quod
1314 2647 1354 2670 est
1376 2646 1484 2671 solitum
1501 2647 1580 2680 recipi
1600 2647 1626 2672 in
1643 2655 1694 2673 una
1713 2648 1847 2674 ordinaria
1866 2652 1892 2674 et·
1913 2650 1993 2675 etiam
2015 2651 2082 2683 quod

195 2689 296 2722 punitio
310 2689 500 2721 magistrorum
513 2690 541 2714 et
555 2689 621 2714 scola
627 2689 696 2713 rium
709 2688 786 2714 dictis
798 2688 940 2721 privilegiis
953 2688 1120 2714 abutentium
1136 2691 1237 2722 spectat
1252 2689 1284 2714 ad
1301 2690 1514 2716 Universitatem.

289 2733 458 2766 Privilegium
482 2732 551 2766 quod
576 2733 700 2765 magistri
721 2735 748 2758 et
772 2733 909 2758 studentes
934 2734 1060 2766 Parysius
1086 2734 1200 2766 gaudere
1221 2736 1333 2767 possunt
1357 2735 1490 2760 fructibus
1513 2738 1540 2760 et
1561 2737 1731 2769 proventibus
1756 2737 1939 2763 beneficiorum
1963 2747 2081 2770 suorum,

193 2779 249 2803 esto
267 2778 334 2811 quod
358 2777 524 2803 residentiam
547 2785 595 2802 non
615 2778 736 2803 fecissent
753 2778 780 2802 in
801 2778 908 2803 eisdem.
924 2779 1092 2803 Conservatio
1110 2778 1210 2804 domini
1231 2787 1304 2812 pape.
1322 2780 1390 2804 Item
1409 2780 1480 2804 aliud
1496 2780 1661 2813 privilegium
1682 2782 1713 2806 de
1732 2783 1866 2815 septennio
1882 2792 1941 2808 cum
1957 2793 2006 2809 sua
2023 2793 2082 2809 con-

194 2822 348 2848 servatione.
364 2822 438 2847 Bulla
452 2822 549 2848 domiui
564 2822 664 2848 Urbani
677 2830 741 2855 pape
755 2823 822 2847 sexti
837 2831 882 2856 per
893 2823 1072 2848 cancellarium
1087 2823 1183 2849 Nostre
1198 2824 1308 2849 Domine
1327 2832 1403 2857 super
1422 2824 1557 2858 aliquibus
1576 2827 1804 2852 reformationibus
1824 2828 1906 2853 studii
1923 2829 2080 2854 parisiensis

193 2867 283 2893 misna.

288 2911 311 2936 1.
329 2912 415 2936 Istum
429 2911 541 2937 codicem
556 2911 696 2944 descripsit
710 2912 825 2945 primum
838 2912 962 2937 annnr
974 2912 1000 2937 in
1016 2914 1089 2938 Bibl.
1103 2915 1136 2938 de
1154 2914 1252 2939 l'Ecole
1266 2916 1312 2940 des
1329 2915 1453 2944 Chanes,
1469 2916 1531 2940 tom.
1549 2915 1616 2944 XLI,
1632 2924 1656 2948 p.
1674 2916 1720 2941 152
1734 2924 1773 2949 sq.

286 2956 311 2982 2.
329 2956 402 2981 Sicut
413 2957 440 2981 et
454 2955 500 2981 illa
512 2956 662 2981 calendaria
672 2964 686 2981 a
697 2957 813 2982 vinnm-
824 2964 859 2981 »Β
874 2957 1035 2989 Vimvinna,
1051 2957 1124 2983 Hist.
1136 2959 1168 2983 de
1182 2958 1383 2985 l'Instruction
1396 2960 1543 2991 publique.
1557 2968 1581 2993 p.
1594 2960 1640 2985 364
1652 2963 1742 2986 notata
1757 2963 1783 2986 et
1796 2970 1820 2994 p.
1837 2962 1883 2986 3⁴36
1898 2970 1963 2994 sqq„
1975 2965 2053 2995 atque
2064 2971 2079 2987 a

194 3001 342 3032 Jouanmn,
360 3001 459 3031 Index,
473 3009 498 3033 p.
512 3000 557 3026 201
574 3008 640 3034 sqq.,
658 3001 796 3034 exscripta.
