2618 3640
519 441 562 474 28
1102 448 1421 471 CHARTULAIUUM
1456 447 1649 469 UN1VEas.
1686 446 1815 468 rmus.

520 524 615 557 libro
646 525 690 557 de
722 524 954 557 Institutione
980 523 1151 556 oratoris¹
1179 522 1409 555 Timotheum
1440 521 1620 566 quendam
1651 519 1834 553 celebrem
1865 519 1902 551 in
1931 525 2007 552 arte
2037 517 2222 560 tibiarum,
2253 517 2400 551 solitum

521 591 649 637 duplas
670 590 714 624 ab
738 590 809 624 hiis
829 590 1018 623 mercedes
1044 590 1204 635 exigere,
1227 600 1320 634 quos
1340 588 1433 621 alius
1450 588 1649 621 docuisset.
1673 586 1816 632 Duplex
1840 586 1936 619 enim
1963 586 2000 618 in
2025 584 2159 618 talibus
2184 584 2288 618 labor
2312 590 2369 618 est
2390 596 2397 618 ε

520 658 610 691 alter
639 658 676 690 in
706 657 861 690 eluenda
890 657 1054 690 doctrina
1088 656 1208 689 minus
1238 654 1532 695 commendabili,
1565 666 1635 699 qua
1664 653 1794 686 imbuti
1823 653 1978 694 fuerant,
2011 651 2101 685 alter
2130 652 2168 684 in
2197 647 2402 685 exhibenda

521 725 684 766 scientia,
712 737 781 769 que
809 724 949 757 lucrum
976 723 1110 768 pariter
1136 729 1330 768 generaret
1359 728 1395 754 et
1422 722 1572 762 famam,
1605 732 1692 766 egre
1723 731 1878 765 namque
1906 718 2120 761 dediscitur,
2150 718 2248 764 quod
2275 718 2403 752 didicit

520 798 595 825 etas
617 791 789 832 tenerior,
812 791 895 835 quia

1068 847 1124 875 Quo
1142 847 1221 870 semel
1238 850 1278 870 est
1292 846 1394 869 imbuta
1410 854 1500 869 recens
1517 845 1634 873 servabit
1649 845 1756 868 odorem

1064 892 1142 915 Testa
1158 891 1202 914 diu
1211 893 1229 914 ².

518 997 559 1028 In
578 997 661 1041 jure
687 995 791 1028 etiam
818 994 915 1028 civili
937 1006 979 1027 ex
1005 993 1150 1026 edilicio
1177 993 1296 1026 edicto
1321 999 1490 1026 veterana
1515 992 1705 1037 mancipia,
1733 1003 1803 1036 que
1829 991 1874 1024 ad
1898 990 2039 1024 alienos
2064 1002 2186 1024 mores
2211 977 2403 1024 informata

517 1069 613 1103 sunt,
644 1061 905 1107 reprobantur;
933 1067 966 1093 ct
995 1060 1213 1104 quandoque
1242 1059 1442 1092 dubitabile
1467 1059 1546 1100 fuit,
1576 1065 1696 1091 utrum
1724 1058 1894 1092 venirent
1917 1058 1955 1090 in
1980 1069 2124 1091 causam
2152 1044 2403 1091 redibitioniss

515 1130 612 1162 Nova
642 1140 728 1162 vero
755 1127 930 1172 mancipia
956 1126 1166 1159 favorabilia
1195 1126 1272 1159 visa
1299 1133 1395 1167 sunt,
1423 1138 1466 1158 eo
1492 1126 1591 1171 quod
1617 1126 1692 1158 sint
1720 1125 1836 1171 magis
1864 1124 2116 1170 perceptibilia
2143 1124 2338 1170 discipline
2365 1130 2402 1158 et

514 1195 557 1227 ad
579 1195 819 1227 ministerium
841 1194 989 1239 aptiora.
1012 1192 1242 1229 Willelmum
1269 1193 1436 1238 predicas
1462 1192 1667 1226 subtilioris
1689 1204 1782 1226 vene
1804 1199 1840 1225 et
1860 1192 2034 1225 acutioris
2055 1191 2208 1237 ingenii,
2234 1203 2277 1225 eo
2301 1191 2400 1237 quod

514 1261 745 1306 grammatice
775 1267 810 1293 et
838 1267 1025 1293 auctorum
1054 1260 1205 1293 scientia
1230 1260 1468 1305 pretermisso
1493 1259 1629 1293 volavit
1652 1259 1696 1292 ad
1721 1259 1902 1293 versutias
1927 1258 2145 1304 logicorum,
2172 1258 2235 1291 ubi
2260 1270 2334 1291 non
2361 1258 2400 1292 in

514 1327 630 1369 libris,
663 1328 757 1360 sicut
787 1327 892 1369 solet,
925 1327 1147 1360 dialecticam
1179 1326 1319 1368 didicit,
1351 1326 1417 1359 sed
1447 1327 1484 1359 in
1515 1326 1677 1359 scedulis
1708 1333 1743 1359 et
1771 1326 1971 1371 quaternis.
2003 1327 2084 1359 Non
2114 1332 2170 1359 est
2197 1326 2235 1358 in
2264 1324 2399 1359 talibus

513 1395 786 1427 fundamentum
817 1394 969 1427 scientie
999 1393 1179 1435 litteralis,
1211 1393 1410 1438 multisque
1445 1393 1652 1438 perniciosa
1682 1399 1738 1426 est
1766 1393 1834 1425 ista
1869 1392 2065 1434 subtilitas,
2097 1403 2203 1437 quam
2238 1379 2396 1425 extollis.

513 1462 573 1494 Ait
597 1473 752 1506 namque
779 1461 934 1494 Seneca³
962 1472 969 1492 :
993 1460 1177 1494 Odibilius
1207 1459 1319 1493 nichil
1350 1466 1406 1492 est
1433 1459 1647 1501 subtilitate,
1678 1459 1741 1492 ubi
1771 1466 1827 1492 est
1856 1459 1933 1492 sola
1961 1459 2155 1492 subtilitas.
2179 1459 2276 1502 Quid
2300 1459 2397 1492 enim

513 1528 665 1573 prodest
683 1527 757 1561 illis
783 1527 990 1573 expendere
1012 1527 1091 1560 dies
1113 1539 1201 1560 suos
1227 1527 1264 1559 in
1289 1526 1374 1567 hiis,
1402 1539 1472 1571 que
1498 1538 1565 1559 nec
1592 1526 1704 1568 dorni,
1730 1538 1797 1559 nec
1823 1525 1964 1567 militie,
1992 1538 2059 1559 nec
2084 1526 2121 1558 in
2147 1526 2239 1568 soro,
2267 1537 2334 1559 nec
2359 1525 2397 1559 in

513 1595 685 1636 claustro,
712 1607 778 1627 nec
800 1595 836 1627 in
862 1594 974 1635 curia,
997 1606 1063 1626 nec
1089 1594 1125 1626 in
1148 1593 1314 1635 ecclesia,
1338 1605 1404 1626 nec
1430 1593 1563 1626 alicubi
1584 1593 1872 1640 prosint-alicui,
1895 1593 1966 1626 nisi
1992 1593 2175 1626 dumtaxat
2199 1593 2237 1625 in
2258 1578 2399 1626 scolis?

515 1662 651 1695 Seneca
681 1661 848 1694 scribens
879 1661 922 1693 ad
954 1660 1156 1693 Lucilium*
1182 1672 1188 1693 z
1227 1660 1323 1703 Quid
1349 1666 1416 1701 est,
1448 1660 1579 1705 inquit,
1610 1660 1751 1693 acutius
1781 1660 1902 1701 arista,
1940 1666 1975 1693 et
2009 1659 2046 1692 in
2077 1671 2148 1704 quo
2180 1665 2237 1692 est
2268 1658 2398 1693 utilis?

513 1728 599 1761 Tale
630 1735 697 1769 est,
723 1728 853 1773 inquit,
885 1727 1087 1772 ingenium,
1113 1727 1211 1772 quod
1238 1727 1314 1760 sola
1340 1726 1539 1760 subtilitate
1563 1727 1758 1760 lasciviens
1788 1726 1887 1759 nulla
1914 1726 1951 1759 in
1979 1738 2019 1759 se
2042 1726 2181 1759 residet
2206 1726 2394 1771 gravitate.

512 1796 652 1828 Ycarus
678 1795 762 1827 dum
789 1794 905 1827 elatus
931 1793 1081 1827 iuvenili
1107 1793 1251 1827 levitate
1277 1794 1391 1826 fertur
1416 1794 1453 1826 in
1483 1793 1614 1835 celum,
1643 1793 1815 1827 ssuctibus
1844 1793 1994 1826 marinis
2020 1793 2261 1838 immergitur.
2289 1792 2396 1826 Tales

515 1862 619 1894 etiam
646 1862 731 1894 dum
753 1873 792 1894 se
817 1861 855 1894 in
874 1860 1013 1894 artibus
1040 1867 1175 1893 temere
1197 1860 1352 1902 elevant,
1374 1860 1585 1893 alliduntur.
1614 1861 1768 1904 Quidam
1794 1867 1985 1906 antequam
2007 1859 2214 1905 disciplinis
2238 1847 2396 1894 'elemenz

514 1928 652 1961 taribus
682 1928 903 1969 imbuantur,
931 1927 1108 1960 docentur
1133 1927 1318 1972 inquirere
1350 1927 1394 1960 de
1424 1934 1571 1973 puncto,
1599 1927 1644 1961 de
1674 1927 1782 1970 linea,
1815 1928 1860 1960 de
1886 1927 2094 1973 superficie,
2127 1927 2171 1960 de
2197 1927 2395 1972 quantitate

514 1995 644 2036 anime,
673 1995 717 2027 de
747 1995 831 2036 sato,
859 1994 904 2027 de
934 1994 1113 2039 pronitate
1139 2000 1278 2035 nature,
1307 1994 1351 2027 de
1377 2006 1463 2027 casu
1493 2001 1529 2028 et
1552 1994 1670 2027 libero
1700 1994 1863 2036 arbitrio,
1896 1994 1941 2027 de
1971 1993 2120 2027 materia
2146 2000 2181 2026 et
2205 2000 2318 2036 motu,
2350 1993 2395 2033 de

515 2061 704 2106 principiis
725 2073 931 2106 corporum,
960 2061 1004 2093 de
1030 2072 1231 2106 progressu
1251 2060 1496 2094 multitudinis
1520 2068 1555 2094 et
1576 2061 1839 2106 magnitudinis
1861 2061 2037 2102 sectione,
2061 2060 2148 2105 quid
2170 2060 2217 2094 sit
2236 2066 2394 2106 tempus,

514 2128 601 2173 quid
629 2128 748 2169 inane,
778 2128 865 2172 quid
890 2127 1008 2169 locus,
1035 2128 1079 2160 de
1106 2127 1234 2160 eodem
1263 2134 1298 2160 et
1322 2127 1366 2160 de
1395 2128 1554 2170 diverso,
1582 2128 1627 2160 de
1653 2128 1802 2162 dividuo
1829 2134 1864 2161 et
1890 2127 2093 2169 individuo,
2122 2127 2166 2160 de
2193 2126 2396 2161 substantia

514 2201 550 2228 et
577 2195 691 2227 forma
719 2195 834 2236 vocis,
866 2194 910 2227 de
941 2194 1099 2227 essentia
1130 2194 1404 2236 universalium,
1437 2194 1481 2227 de
1516 2201 1597 2227 ortu
1628 2207 1770 2240 usuque
1801 2201 1838 2227 et
1865 2194 1937 2227 fine
1971 2194 2159 2236 virtutum,
2193 2194 2238 2227 de
2273 2194 2394 2228 causis

514 2273 648 2302 rerum,
680 2261 724 2294 de
755 2261 956 2294 refluxione
987 2261 1125 2301 oceani,
1158 2261 1203 2293 de
1233 2267 1314 2294 ortu
1345 2261 1428 2303 Nili,
1459 2261 1504 2294 de
1533 2261 1644 2295 variis
1673 2261 1819 2295 latentis
1850 2267 1977 2294 nature
2007 2261 2173 2302 secretis,
2209 2260 2254 2294 de
2283 2261 2394 2295 variis

514 2327 643 2373 figuris
663 2339 866 2369 causarum,
889 2339 959 2372 que
980 2327 1018 2360 in
1038 2327 1284 2360 contractibus
1305 2327 1362 2361 vel
1384 2328 1487 2373 quasi
1508 2327 1768 2370 contractibus,
1790 2327 1979 2361 maleficiis
2002 2327 2060 2361 vel
2082 2327 2185 2372 quasi
2206 2326 2395 2361 maleficiis

513 2394 692 2436 oriuntur,
724 2394 769 2427 dc
799 2394 926 2439 primis
958 2406 1078 2427 rerum
1110 2394 1243 2435 iniciis,
1278 2401 1313 2427 et
1342 2394 1422 2427 aliis
1453 2394 1744 2440 quampluribus,
1775 2406 1845 2440 que
1875 2394 2054 2440 plenioris
2084 2394 2237 2427 scientie
2266 2393 2395 2427 sunda-

514 2467 673 2494 mentum
695 2467 730 2493 et
755 2461 1016 2493 eminentiores
1043 2461 1194 2505 exigunt
1214 2460 1434 2494 intellectus.
1461 2461 1701 2494 Primicianda
1727 2468 1804 2494 crat
1828 2468 1904 2494 etas
1930 2467 2054 2494 tenera
2079 2461 2116 2493 in
2142 2460 2281 2506 regulis
2306 2460 2394 2494 artis

514 2527 758 2572 grammatice,
793 2527 831 2560 in
864 2527 1055 2572 analogiis,
1091 2527 1128 2560 in
1162 2527 1412 2569 barbarismis,
1448 2528 1485 2560 in
1520 2528 1763 2570 soloecismis,
1800 2528 1837 2561 in
1867 2528 1983 2574 tropis
2018 2534 2054 2561 et
2082 2526 2317 2569 scematibus,
2356 2527 2394 2560 in

515 2605 667 2638 quorum
704 2594 864 2626 omnium
900 2594 1062 2626 doctrina
1097 2595 1273 2635 Donatus,
1310 2595 1471 2636 Servius,
1506 2595 1728 2637 Priscianus,
1763 2595 1959 2636 Ysidorus,
1996 2594 2106 2636 Beda,
2147 2593 2393 2628 Cassiodorus

515 2659 704 2704 plurimam
740 2659 964 2704 diligentiam
999 2661 1257 2705 impenderunt
1288 2672 1295 2693 1
1328 2661 1425 2706 quod
1461 2651 1630 2706 equidem
1661 2673 1735 2694 non
1764 2661 1952 2702 fecissent,
1983 2661 2014 2694 si
2048 2660 2128 2693 sine
2166 2659 2237 2693 hiis
2267 2666 2395 2705 posset

514 2725 639 2759 haberi
660 2726 811 2759 scientie
832 2726 1117 2759 fundamentum.
1141 2728 1227 2759 Nam
1250 2734 1284 2760 et
1304 2728 1563 2770 Quintilianus,
1587 2728 1648 2773 qui
1668 2727 1759 2761 hanc
1781 2727 1981 2761 doctrinam
1998 2727 2107 2760 tradit
2127 2733 2162 2759 et
2182 2726 2392 2760 tradendam

515 2793 657 2834 asserit,
684 2792 792 2825 tantis
818 2804 893 2825 eam
920 2792 1051 2825 attollit
1074 2793 1272 2837 preconiis,
1299 2800 1338 2826 ut
1362 2794 1507 2838 publice
1531 2800 1766 2839 protestetur,
1794 2794 1873 2827 sine
1899 2793 1959 2826 illa
1986 2793 2138 2826 scientie
2163 2805 2297 2826 nomen
2318 2805 2392 2826 non

510 2845 625 2904 >posse
660 2858 875 2892 subsistere.
913 2858 1022 2892 Caius
1052 2859 1164 2892 Cesar
1199 2859 1243 2892 de
1273 2859 1438 2905 analogia
1468 2859 1584 2893 libros
1615 2860 1741 2902 edidit,
1777 2860 1898 2893 sciens
1932 2859 1996 2893 hac
2032 2860 2112 2893 sine
2143 2859 2294 2892 scientia
2325 2871 2392 2893 nec

516 2925 758 2970 prudentiam,
793 2925 830 2957 in
865 2937 933 2970 qua
964 2925 1253 2970 perfectissimus
1288 2933 1375 2968 erat,
1412 2938 1478 2959 nec
1518 2926 1775 2972 eloquentiam,
1812 2927 1849 2959 in
1885 2938 1954 2972 qua
1989 2933 2065 2959 erat
2098 2926 2389 2972 potentissimus,

516 3003 625 3035 posse
654 3004 672 3025 a
703 3003 883 3036 quoquam
913 2991 1017 3024 facile
1047 2992 1215 3036 optineri.
1248 2992 1417 3026 Marchus
1446 2993 1602 3035 Tullius,
1634 2993 1729 3026 sicut
1758 3005 1802 3026 ex
1830 2994 1910 3038 ejus
1940 2992 2107 3038 epistolis
2136 2982 2390 3038 frequentibus
