<?xml version="1.0" encoding="UTF-8"?>
<!DOCTYPE html PUBLIC "-//W3C//DTD XHTML 1.0 Transitional//EN"
    "http://www.w3.org/TR/xhtml1/DTD/xhtml1-transitional.dtd">
<html xmlns="http://www.w3.org/1999/xhtml" xml:lang="en" lang="en">
 <head>
  <title>
</title>
<meta http-equiv="Content-Type" content="text/html;charset=utf-8" />
  <meta name='ocr-system' content='tesseract 3.04.00' />
  <meta name='ocr-capabilities' content='ocr_page ocr_carea ocr_par ocr_line ocrx_word'/>
</head>
<body>
  <div class='ocr_page' id='page_1' title='image "./chartulariumuniv01univuoft_0652.png"; bbox 0 0 2580 3528; ppageno 0'>
   <div class='ocr_carea' id='block_1_1' title="bbox 475 397 2351 438">
    <p class='ocr_par' dir='ltr' id='par_1_1' title="bbox 475 397 2351 438">
     <span class='ocr_line' id='line_1_1' title="bbox 475 397 2351 438; baseline -0.005 -4"><span class='ocrx_word' id='word_1_1' title='bbox 475 403 540 434; x_wconf 75' lang='lat'>610</span> <span class='ocrx_word' id='word_1_2' title='bbox 1053 408 1375 432; x_wconf 64' lang='lat' dir='ltr'>cuARTcLAth</span> <span class='ocrx_word' id='word_1_3' title='bbox 1410 407 1600 430; x_wconf 53' lang='lat' dir='ltr'>Lux-tvans.</span> <span class='ocrx_word' id='word_1_4' title='bbox 1636 406 1766 428; x_wconf 70' lang='lat' dir='ltr'>rmus.</span> <span class='ocrx_word' id='word_1_5' title='bbox 2250 397 2351 438; x_wconf 86' lang='lat'>[1284</span> 
     </span>
    </p>
   </div>
   <div class='ocr_carea' id='block_1_2' title="bbox 472 479 2368 2924">
    <p class='ocr_par' dir='ltr' id='par_1_2' title="bbox 472 479 2364 2456">
     <span class='ocr_line' id='line_1_2' title="bbox 564 479 2350 530; baseline -0.002 -12"><span class='ocrx_word' id='word_1_6' title='bbox 564 485 620 518; x_wconf 81' lang='lat' dir='ltr'>Ad</span> <span class='ocrx_word' id='word_1_7' title='bbox 649 485 841 530; x_wconf 88' lang='lat' dir='ltr'>septimum</span> <span class='ocrx_word' id='word_1_8' title='bbox 871 483 1060 517; x_wconf 87' lang='lat' dir='ltr'>articulum</span> <span class='ocrx_word' id='word_1_9' title='bbox 1083 483 1164 516; x_wconf 85' lang='lat' dir='ltr'>dico</span> <span class='ocrx_word' id='word_1_10' title='bbox 1186 482 1283 528; x_wconf 92' lang='lat' dir='ltr'>quod</span> <span class='ocrx_word' id='word_1_11' title='bbox 1305 482 1336 515; x_wconf 86' lang='lat' dir='ltr'>si</span> <span class='ocrx_word' id='word_1_12' title='bbox 1357 487 1482 514; x_wconf 88' lang='lat' dir='ltr'>essent</span> <span class='ocrx_word' id='word_1_13' title='bbox 1506 480 1617 525; x_wconf 80' lang='lat' dir='ltr'>aliqui</span> <span class='ocrx_word' id='word_1_14' title='bbox 1643 479 1867 513; x_wconf 88' lang='lat' dir='ltr'>confederati</span> <span class='ocrx_word' id='word_1_15' title='bbox 1889 479 1983 513; x_wconf 85' lang='lat' dir='ltr'>inter</span> <span class='ocrx_word' id='word_1_16' title='bbox 2005 492 2043 514; x_wconf 92' lang='lat' dir='ltr'>se</span> <span class='ocrx_word' id='word_1_17' title='bbox 2065 480 2101 513; x_wconf 89' lang='lat' dir='ltr'>in</span> <span class='ocrx_word' id='word_1_18' title='bbox 2123 492 2350 526; x_wconf 88' lang='lat' dir='ltr'>quacumque</span> 
     </span>
     <span class='ocr_line' id='line_1_3' title="bbox 476 545 2350 594; baseline -0.003 -9"><span class='ocrx_word' id='word_1_19' title='bbox 476 552 623 585; x_wconf 88' lang='lat' dir='ltr'>natione</span> <span class='ocrx_word' id='word_1_20' title='bbox 644 551 687 584; x_wconf 91' lang='lat' dir='ltr'>ad</span> <span class='ocrx_word' id='word_1_21' title='bbox 707 550 912 584; x_wconf 89' lang='lat' dir='ltr'>faciendum</span> <span class='ocrx_word' id='word_1_22' title='bbox 934 550 1198 583; x_wconf 76' lang='lat' dir='ltr'>examinatores</span> <span class='ocrx_word' id='word_1_23' title='bbox 1227 548 1322 594; x_wconf 90' lang='lat' dir='ltr'>apud</span> <span class='ocrx_word' id='word_1_24' title='bbox 1354 549 1516 581; x_wconf 82' lang='lat' dir='ltr'>Sanctam</span> <span class='ocrx_word' id='word_1_25' title='bbox 1538 545 1798 591; x_wconf 87' lang='lat' dir='ltr'>Genovepham</span> <span class='ocrx_word' id='word_1_26' title='bbox 1820 546 1857 579; x_wconf 92' lang='lat' dir='ltr'>in</span> <span class='ocrx_word' id='word_1_27' title='bbox 1878 546 2081 580; x_wconf 89' lang='lat' dir='ltr'>intentione</span> <span class='ocrx_word' id='word_1_28' title='bbox 2109 547 2350 593; x_wconf 87' lang='lat' dir='ltr'>extorquendi</span> 
     </span>
     <span class='ocr_line' id='line_1_4' title="bbox 476 612 2352 664; baseline -0.002 -13"><span class='ocrx_word' id='word_1_29' title='bbox 476 618 664 664; x_wconf 89' lang='lat' dir='ltr'>pecuniam</span> <span class='ocrx_word' id='word_1_30' title='bbox 687 630 751 663; x_wconf 92' lang='lat' dir='ltr'>pro</span> <span class='ocrx_word' id='word_1_31' title='bbox 772 617 944 658; x_wconf 72' lang='lat' dir='ltr'>licentiis,</span> <span class='ocrx_word' id='word_1_32' title='bbox 962 629 1034 649; x_wconf 88' lang='lat' dir='ltr'>non</span> <span class='ocrx_word' id='word_1_33' title='bbox 1055 615 1226 649; x_wconf 76' lang='lat' dir='ltr'>auderem</span> <span class='ocrx_word' id='word_1_34' title='bbox 1249 615 1370 648; x_wconf 82' lang='lat' dir='ltr'>dicere</span> <span class='ocrx_word' id='word_1_35' title='bbox 1392 614 1479 658; x_wconf 87' lang='lat' dir='ltr'>quin</span> <span class='ocrx_word' id='word_1_36' title='bbox 1499 613 1559 646; x_wconf 91' lang='lat' dir='ltr'>isti</span> <span class='ocrx_word' id='word_1_37' title='bbox 1581 619 1706 646; x_wconf 85' lang='lat' dir='ltr'>essent</span> <span class='ocrx_word' id='word_1_38' title='bbox 1727 613 1771 646; x_wconf 91' lang='lat' dir='ltr'>de</span> <span class='ocrx_word' id='word_1_39' title='bbox 1793 613 1913 646; x_wconf 87' lang='lat' dir='ltr'>medio</span> <span class='ocrx_word' id='word_1_40' title='bbox 1934 612 2104 656; x_wconf 89' lang='lat' dir='ltr'>tollendi;</span> <span class='ocrx_word' id='word_1_41' title='bbox 2123 620 2159 647; x_wconf 86' lang='lat' dir='ltr'>et</span> <span class='ocrx_word' id='word_1_42' title='bbox 2178 614 2209 648; x_wconf 91' lang='lat' dir='ltr'>si</span> <span class='ocrx_word' id='word_1_43' title='bbox 2226 621 2352 648; x_wconf 84' lang='lat' dir='ltr'>essent</span> 
     </span>
     <span class='ocr_line' id='line_1_5' title="bbox 476 679 2350 730; baseline -0.002 -12"><span class='ocrx_word' id='word_1_44' title='bbox 476 685 600 730; x_wconf 90' lang='lat' dir='ltr'>aliqui,</span> <span class='ocrx_word' id='word_1_45' title='bbox 640 684 877 717; x_wconf 84' lang='lat' dir='ltr'>cancellarius</span> <span class='ocrx_word' id='word_1_46' title='bbox 911 683 1129 716; x_wconf 81' lang='lat' dir='ltr'>Parisiensis</span> <span class='ocrx_word' id='word_1_47' title='bbox 1165 681 1318 714; x_wconf 84' lang='lat' dir='ltr'>ecclesie</span> <span class='ocrx_word' id='word_1_48' title='bbox 1349 680 1443 713; x_wconf 88' lang='lat' dir='ltr'>bene</span> <span class='ocrx_word' id='word_1_49' title='bbox 1472 680 1608 713; x_wconf 87' lang='lat' dir='ltr'>faceret</span> <span class='ocrx_word' id='word_1_50' title='bbox 1637 679 1673 712; x_wconf 90' lang='lat' dir='ltr'>in</span> <span class='ocrx_word' id='word_1_51' title='bbox 1711 691 1774 713; x_wconf 89' lang='lat' dir='ltr'>eos</span> <span class='ocrx_word' id='word_1_52' title='bbox 1802 680 2042 722; x_wconf 79' lang='lat' dir='ltr'>nominand03</span> <span class='ocrx_word' id='word_1_53' title='bbox 2074 687 2110 714; x_wconf 90' lang='lat' dir='ltr'>et</span> <span class='ocrx_word' id='word_1_54' title='bbox 2138 681 2170 714; x_wconf 90' lang='lat' dir='ltr'>si</span> <span class='ocrx_word' id='word_1_55' title='bbox 2198 681 2350 715; x_wconf 84' lang='lat' dir='ltr'><strong>facultas</strong></span> 
     </span>
     <span class='ocr_line' id='line_1_6' title="bbox 475 746 2351 797; baseline -0.002 -13"><span class='ocrx_word' id='word_1_56' title='bbox 475 757 716 797; x_wconf 81' lang='lat' dir='ltr'>cognosceret</span> <span class='ocrx_word' id='word_1_57' title='bbox 742 750 844 791; x_wconf 78' lang='lat' dir='ltr'>tales,</span> <span class='ocrx_word' id='word_1_58' title='bbox 882 750 941 782; x_wconf 90' lang='lat' dir='ltr'>isti</span> <span class='ocrx_word' id='word_1_59' title='bbox 976 761 1041 794; x_wconf 89' lang='lat' dir='ltr'>per</span> <span class='ocrx_word' id='word_1_60' title='bbox 1066 748 1268 781; x_wconf 76' lang='lat' dir='ltr'>facultatem</span> <span class='ocrx_word' id='word_1_61' title='bbox 1296 754 1419 780; x_wconf 86' lang='lat' dir='ltr'>essent</span> <span class='ocrx_word' id='word_1_62' title='bbox 1445 753 1622 792; x_wconf 90' lang='lat' dir='ltr'>perpetuo</span> <span class='ocrx_word' id='word_1_63' title='bbox 1651 746 1695 779; x_wconf 94' lang='lat' dir='ltr'>de</span> <span class='ocrx_word' id='word_1_64' title='bbox 1722 746 1889 780; x_wconf 82' lang='lat' dir='ltr'>facultate</span> <span class='ocrx_word' id='word_1_65' title='bbox 1910 747 2070 792; x_wconf 84' lang='lat' dir='ltr'>expulsi;</span> <span class='ocrx_word' id='word_1_66' title='bbox 2092 754 2128 781; x_wconf 90' lang='lat' dir='ltr'>et</span> <span class='ocrx_word' id='word_1_67' title='bbox 2154 760 2219 793; x_wconf 90' lang='lat' dir='ltr'>per</span> <span class='ocrx_word' id='word_1_68' title='bbox 2238 747 2351 781; x_wconf 90' lang='lat' dir='ltr'>facul-</span> 
     </span>
     <span class='ocr_line' id='line_1_7' title="bbox 475 812 2350 860; baseline -0.002 -9"><span class='ocrx_word' id='word_1_69' title='bbox 475 825 579 852; x_wconf 89' lang='lat' dir='ltr'>tatem</span> <span class='ocrx_word' id='word_1_70' title='bbox 603 818 633 850; x_wconf 89' lang='lat' dir='ltr'>si</span> <span class='ocrx_word' id='word_1_71' title='bbox 654 823 777 850; x_wconf 83' lang='lat' dir='ltr'>essent</span> <span class='ocrx_word' id='word_1_72' title='bbox 797 816 934 849; x_wconf 84' lang='lat' dir='ltr'>inventi</span> <span class='ocrx_word' id='word_1_73' title='bbox 954 816 990 848; x_wconf 89' lang='lat' dir='ltr'>in</span> <span class='ocrx_word' id='word_1_74' title='bbox 1011 815 1078 847; x_wconf 84' lang='lat' dir='ltr'>hoc</span> <span class='ocrx_word' id='word_1_75' title='bbox 1100 813 1314 859; x_wconf 86' lang='lat' dir='ltr'>culpabiles,</span> <span class='ocrx_word' id='word_1_76' title='bbox 1345 819 1470 846; x_wconf 80' lang='lat' dir='ltr'>essent</span> <span class='ocrx_word' id='word_1_77' title='bbox 1499 813 1651 846; x_wconf 82' lang='lat' dir='ltr'>infames</span> <span class='ocrx_word' id='word_1_78' title='bbox 1681 812 1913 859; x_wconf 87' lang='lat' dir='ltr'>promulgati.</span> <span class='ocrx_word' id='word_1_79' title='bbox 1942 814 2015 847; x_wconf 89' lang='lat' dir='ltr'>Nec</span> <span class='ocrx_word' id='word_1_80' title='bbox 2045 814 2155 847; x_wconf 91' lang='lat' dir='ltr'>credo</span> <span class='ocrx_word' id='word_1_81' title='bbox 2185 814 2283 860; x_wconf 93' lang='lat' dir='ltr'>quod</span> <span class='ocrx_word' id='word_1_82' title='bbox 2312 815 2350 848; x_wconf 91' lang='lat' dir='ltr'>in</span> 
     </span>
     <span class='ocr_line' id='line_1_8' title="bbox 473 880 2348 927; baseline -0.002 -9"><span class='ocrx_word' id='word_1_83' title='bbox 473 885 639 918; x_wconf 85' lang='lat' dir='ltr'>facultate</span> <span class='ocrx_word' id='word_1_84' title='bbox 661 884 734 916; x_wconf 91' lang='lat' dir='ltr'>sint</span> <span class='ocrx_word' id='word_1_85' title='bbox 753 883 863 927; x_wconf 82' lang='lat' dir='ltr'>aliqui</span> <span class='ocrx_word' id='word_1_86' title='bbox 884 882 990 922; x_wconf 70' lang='lat' dir='ltr'>tales,</span> <span class='ocrx_word' id='word_1_87' title='bbox 1009 881 1119 913; x_wconf 92' lang='lat' dir='ltr'>immo</span> <span class='ocrx_word' id='word_1_88' title='bbox 1140 880 1193 913; x_wconf 90' lang='lat' dir='ltr'>illi</span> <span class='ocrx_word' id='word_1_89' title='bbox 1214 881 1363 913; x_wconf 88' lang='lat' dir='ltr'>fuerunt</span> <span class='ocrx_word' id='word_1_90' title='bbox 1383 880 1649 913; x_wconf 79' lang='lat' dir='ltr'>examinatores</span> <span class='ocrx_word' id='word_1_91' title='bbox 1672 880 1755 913; x_wconf 90' lang='lat' dir='ltr'>facti</span> <span class='ocrx_word' id='word_1_92' title='bbox 1777 880 1872 925; x_wconf 90' lang='lat' dir='ltr'>apud</span> <span class='ocrx_word' id='word_1_93' title='bbox 1895 881 2058 914; x_wconf 85' lang='lat' dir='ltr'>Sanctam</span> <span class='ocrx_word' id='word_1_94' title='bbox 2076 880 2348 927; x_wconf 84' lang='lat' dir='ltr'>Genovepham,</span> 
     </span>
     <span class='ocr_line' id='line_1_9' title="bbox 474 946 2351 993; baseline -0.002 -9"><span class='ocrx_word' id='word_1_95' title='bbox 474 958 506 984; x_wconf 86' lang='lat' dir='ltr'>ct</span> <span class='ocrx_word' id='word_1_96' title='bbox 529 963 647 984; x_wconf 87' lang='lat' dir='ltr'>coram</span> <span class='ocrx_word' id='word_1_97' title='bbox 676 949 841 982; x_wconf 86' lang='lat' dir='ltr'>facultate</span> <span class='ocrx_word' id='word_1_98' title='bbox 864 949 989 993; x_wconf 87' lang='lat' dir='ltr'>jurati,</span> <span class='ocrx_word' id='word_1_99' title='bbox 1012 948 1072 992; x_wconf 92' lang='lat' dir='ltr'>qui</span> <span class='ocrx_word' id='word_1_100' title='bbox 1098 948 1135 979; x_wconf 91' lang='lat' dir='ltr'>in</span> <span class='ocrx_word' id='word_1_101' title='bbox 1161 947 1325 980; x_wconf 87' lang='lat' dir='ltr'>examine</span> <span class='ocrx_word' id='word_1_102' title='bbox 1354 947 1542 980; x_wconf 82' lang='lat' dir='ltr'>inferiori⁹</span> <span class='ocrx_word' id='word_1_103' title='bbox 1571 946 1658 980; x_wconf 87' lang='lat' dir='ltr'>alias</span> <span class='ocrx_word' id='word_1_104' title='bbox 1686 947 1917 989; x_wconf 88' lang='lat' dir='ltr'>audiverunt,</span> <span class='ocrx_word' id='word_1_105' title='bbox 1938 947 2110 981; x_wconf 89' lang='lat' dir='ltr'>videlicet</span> <span class='ocrx_word' id='word_1_106' title='bbox 2129 948 2167 981; x_wconf 94' lang='lat' dir='ltr'>in</span> <span class='ocrx_word' id='word_1_107' title='bbox 2187 948 2351 982; x_wconf 84' lang='lat' dir='ltr'>examine</span> 
     </span>
     <span class='ocr_line' id='line_1_10' title="bbox 474 1013 2352 1060; baseline -0.001 -10"><span class='ocrx_word' id='word_1_108' title='bbox 474 1020 580 1050; x_wconf 86' lang='lat' dir='ltr'>Beate</span> <span class='ocrx_word' id='word_1_109' title='bbox 608 1016 733 1057; x_wconf 81' lang='lat' dir='ltr'>Marie,</span> <span class='ocrx_word' id='word_1_110' title='bbox 760 1027 833 1048; x_wconf 90' lang='lat' dir='ltr'>non</span> <span class='ocrx_word' id='word_1_111' title='bbox 860 1014 1058 1060; x_wconf 88' lang='lat' dir='ltr'>re[s]persi,</span> <span class='ocrx_word' id='word_1_112' title='bbox 1085 1026 1151 1047; x_wconf 88' lang='lat' dir='ltr'>nec</span> <span class='ocrx_word' id='word_1_113' title='bbox 1183 1014 1220 1046; x_wconf 89' lang='lat' dir='ltr'>in</span> <span class='ocrx_word' id='word_1_114' title='bbox 1249 1026 1321 1046; x_wconf 89' lang='lat' dir='ltr'>uno</span> <span class='ocrx_word' id='word_1_115' title='bbox 1349 1013 1511 1046; x_wconf 81' lang='lat' dir='ltr'>examine</span> <span class='ocrx_word' id='word_1_116' title='bbox 1540 1025 1607 1047; x_wconf 89' lang='lat' dir='ltr'>nec</span> <span class='ocrx_word' id='word_1_117' title='bbox 1637 1014 1674 1046; x_wconf 92' lang='lat' dir='ltr'>in</span> <span class='ocrx_word' id='word_1_118' title='bbox 1704 1013 1789 1056; x_wconf 91' lang='lat' dir='ltr'>alio,</span> <span class='ocrx_word' id='word_1_119' title='bbox 1810 1013 1929 1059; x_wconf 88' lang='lat' dir='ltr'>aliqua</span> <span class='ocrx_word' id='word_1_120' title='bbox 1956 1014 2113 1048; x_wconf 86' lang='lat' dir='ltr'>infamia.</span> <span class='ocrx_word' id='word_1_121' title='bbox 2143 1015 2234 1049; x_wconf 92' lang='lat' dir='ltr'>Cum</span> <span class='ocrx_word' id='word_1_122' title='bbox 2264 1014 2352 1049; x_wconf 88' lang='lat' dir='ltr'>dicit</span> 
     </span>
     <span class='ocr_line' id='line_1_11' title="bbox 473 1080 2350 1128; baseline -0.001 -12"><span class='ocrx_word' id='word_1_123' title='bbox 473 1090 596 1128; x_wconf 88' lang='lat' dir='ltr'>postea</span> <span class='ocrx_word' id='word_1_124' title='bbox 625 1082 863 1116; x_wconf 85' lang='lat' dir='ltr'>cancellarius</span> <span class='ocrx_word' id='word_1_125' title='bbox 885 1081 982 1126; x_wconf 89' lang='lat' dir='ltr'>quod</span> <span class='ocrx_word' id='word_1_126' title='bbox 1003 1081 1062 1114; x_wconf 88' lang='lat' dir='ltr'>vix</span> <span class='ocrx_word' id='word_1_127' title='bbox 1083 1087 1203 1126; x_wconf 89' lang='lat' dir='ltr'>potest</span> <span class='ocrx_word' id='word_1_128' title='bbox 1223 1080 1355 1125; x_wconf 91' lang='lat' dir='ltr'>aliquis</span> <span class='ocrx_word' id='word_1_129' title='bbox 1375 1080 1543 1114; x_wconf 89' lang='lat' dir='ltr'>obtinere</span> <span class='ocrx_word' id='word_1_130' title='bbox 1563 1080 1746 1113; x_wconf 88' lang='lat' dir='ltr'>licentiam</span> <span class='ocrx_word' id='word_1_131' title='bbox 1768 1092 1811 1113; x_wconf 90' lang='lat' dir='ltr'>ex</span> <span class='ocrx_word' id='word_1_132' title='bbox 1832 1087 1932 1126; x_wconf 88' lang='lat' dir='ltr'>parte</span> <span class='ocrx_word' id='word_1_133' title='bbox 1961 1081 2090 1115; x_wconf 87' lang='lat' dir='ltr'>Sancte</span> <span class='ocrx_word' id='word_1_134' title='bbox 2111 1081 2350 1128; x_wconf 87' lang='lat' dir='ltr'>Genovephe,</span> 
     </span>
     <span class='ocr_line' id='line_1_12' title="bbox 472 1147 2352 1194; baseline -0.001 -11"><span class='ocrx_word' id='word_1_135' title='bbox 472 1150 543 1183; x_wconf 88' lang='lat' dir='ltr'>nisi</span> <span class='ocrx_word' id='word_1_136' title='bbox 569 1149 721 1194; x_wconf 83' lang='lat' dir='ltr'>pecunia</span> <span class='ocrx_word' id='word_1_137' title='bbox 743 1148 936 1189; x_wconf 74' lang='lat' dir='ltr'>mediante,</span> <span class='ocrx_word' id='word_1_138' title='bbox 959 1147 1011 1180; x_wconf 89' lang='lat' dir='ltr'>sic</span> <span class='ocrx_word' id='word_1_139' title='bbox 1032 1147 1133 1192; x_wconf 91' lang='lat' dir='ltr'>loqui</span> <span class='ocrx_word' id='word_1_140' title='bbox 1154 1153 1210 1180; x_wconf 92' lang='lat' dir='ltr'>est</span> <span class='ocrx_word' id='word_1_141' title='bbox 1230 1147 1452 1192; x_wconf 78' lang='lat' dir='ltr'>redarguere</span> <span class='ocrx_word' id='word_1_142' title='bbox 1478 1147 1683 1180; x_wconf 87' lang='lat' dir='ltr'>facultatem</span> <span class='ocrx_word' id='word_1_143' title='bbox 1713 1154 1837 1189; x_wconf 85' lang='lat' dir='ltr'>totam,</span> <span class='ocrx_word' id='word_1_144' title='bbox 1868 1159 1938 1193; x_wconf 91' lang='lat' dir='ltr'>que</span> <span class='ocrx_word' id='word_1_145' title='bbox 1965 1147 2016 1180; x_wconf 91' lang='lat' dir='ltr'>ibi</span> <span class='ocrx_word' id='word_1_146' title='bbox 2042 1148 2146 1193; x_wconf 91' lang='lat' dir='ltr'>ponit</span> <span class='ocrx_word' id='word_1_147' title='bbox 2171 1148 2352 1182; x_wconf 87' lang='lat' dir='ltr'>examina-</span> 
     </span>
     <span class='ocr_line' id='line_1_13' title="bbox 472 1213 2350 1260; baseline -0.001 -11"><span class='ocrx_word' id='word_1_148' title='bbox 472 1223 584 1257; x_wconf 86' lang='lat' dir='ltr'>tores,</span> <span class='ocrx_word' id='word_1_149' title='bbox 607 1216 651 1248; x_wconf 90' lang='lat' dir='ltr'>de</span> <span class='ocrx_word' id='word_1_150' title='bbox 673 1215 847 1260; x_wconf 68' lang='lat' dir='ltr'>symonia,</span> <span class='ocrx_word' id='word_1_151' title='bbox 877 1221 912 1247; x_wconf 90' lang='lat' dir='ltr'>et</span> <span class='ocrx_word' id='word_1_152' title='bbox 940 1213 1197 1247; x_wconf 90' lang='lat' dir='ltr'>cancellarium</span> <span class='ocrx_word' id='word_1_153' title='bbox 1225 1214 1390 1258; x_wconf 82' lang='lat' dir='ltr'>ejusdem</span> <span class='ocrx_word' id='word_1_154' title='bbox 1420 1213 1576 1247; x_wconf 89' lang='lat' dir='ltr'>ecclesie</span> <span class='ocrx_word' id='word_1_155' title='bbox 1605 1214 1666 1259; x_wconf 89' lang='lat' dir='ltr'>qui</span> <span class='ocrx_word' id='word_1_156' title='bbox 1695 1221 1814 1247; x_wconf 87' lang='lat' dir='ltr'>tamen</span> <span class='ocrx_word' id='word_1_157' title='bbox 1843 1221 1899 1247; x_wconf 88' lang='lat' dir='ltr'>est</span> <span class='ocrx_word' id='word_1_158' title='bbox 1924 1214 1980 1248; x_wconf 92' lang='lat' dir='ltr'>vir</span> <span class='ocrx_word' id='word_1_159' title='bbox 2000 1215 2138 1259; x_wconf 89' lang='lat' dir='ltr'>justus,</span> <span class='ocrx_word' id='word_1_160' title='bbox 2166 1215 2204 1248; x_wconf 91' lang='lat' dir='ltr'>in</span> <span class='ocrx_word' id='word_1_161' title='bbox 2231 1214 2350 1249; x_wconf 86' lang='lat' dir='ltr'>officio</span> 
     </span>
     <span class='ocr_line' id='line_1_14' title="bbox 473 1280 2350 1326; baseline 0 -11"><span class='ocrx_word' id='word_1_162' title='bbox 473 1282 749 1316; x_wconf 80' lang='lat' dir='ltr'>examinationis</span> <span class='ocrx_word' id='word_1_163' title='bbox 771 1288 805 1314; x_wconf 89' lang='lat' dir='ltr'>et</span> <span class='ocrx_word' id='word_1_164' title='bbox 825 1281 906 1314; x_wconf 89' lang='lat' dir='ltr'>aliis</span> <span class='ocrx_word' id='word_1_165' title='bbox 928 1281 1005 1314; x_wconf 87' lang='lat' dir='ltr'>suis</span> <span class='ocrx_word' id='word_1_166' title='bbox 1025 1281 1129 1313; x_wconf 90' lang='lat' dir='ltr'>factis</span> <span class='ocrx_word' id='word_1_167' title='bbox 1150 1282 1264 1313; x_wconf 88' lang='lat' dir='ltr'>Deum</span> <span class='ocrx_word' id='word_1_168' title='bbox 1287 1280 1426 1314; x_wconf 90' lang='lat' dir='ltr'>habens</span> <span class='ocrx_word' id='word_1_169' title='bbox 1450 1293 1515 1326; x_wconf 90' lang='lat' dir='ltr'>pre</span> <span class='ocrx_word' id='word_1_170' title='bbox 1540 1280 1670 1323; x_wconf 84' lang='lat' dir='ltr'>oculis,</span> <span class='ocrx_word' id='word_1_171' title='bbox 1693 1287 1728 1314; x_wconf 89' lang='lat' dir='ltr'>et</span> <span class='ocrx_word' id='word_1_172' title='bbox 1747 1281 1795 1314; x_wconf 89' lang='lat' dir='ltr'>ita</span> <span class='ocrx_word' id='word_1_173' title='bbox 1815 1280 1936 1314; x_wconf 87' lang='lat' dir='ltr'>fidelis</span> <span class='ocrx_word' id='word_1_174' title='bbox 1957 1281 1994 1314; x_wconf 94' lang='lat' dir='ltr'>in</span> <span class='ocrx_word' id='word_1_175' title='bbox 2015 1282 2179 1315; x_wconf 87' lang='lat' dir='ltr'>examine</span> <span class='ocrx_word' id='word_1_176' title='bbox 2200 1288 2236 1315; x_wconf 87' lang='lat' dir='ltr'>et</span> <span class='ocrx_word' id='word_1_177' title='bbox 2255 1281 2350 1324; x_wconf 86' lang='lat' dir='ltr'>aliis,</span> 
     </span>
     <span class='ocr_line' id='line_1_15' title="bbox 473 1347 2352 1394; baseline 0 -12"><span class='ocrx_word' id='word_1_178' title='bbox 473 1350 566 1382; x_wconf 84' lang='lat' dir='ltr'>sicut</span> <span class='ocrx_word' id='word_1_179' title='bbox 586 1349 759 1393; x_wconf 86' lang='lat' dir='ltr'>magister</span> <span class='ocrx_word' id='word_1_180' title='bbox 779 1347 978 1393; x_wconf 90' lang='lat' dir='ltr'>Phylippus</span> <span class='ocrx_word' id='word_1_181' title='bbox 1000 1347 1044 1380; x_wconf 91' lang='lat' dir='ltr'>de</span> <span class='ocrx_word' id='word_1_182' title='bbox 1065 1347 1257 1389; x_wconf 90' lang='lat' dir='ltr'>Thoriaco,</span> <span class='ocrx_word' id='word_1_183' title='bbox 1280 1347 1519 1380; x_wconf 88' lang='lat' dir='ltr'>cancellarius</span> <span class='ocrx_word' id='word_1_184' title='bbox 1547 1347 1703 1381; x_wconf 89' lang='lat' dir='ltr'>ecclesie</span> <span class='ocrx_word' id='word_1_185' title='bbox 1733 1348 1965 1382; x_wconf 88' lang='lat' dir='ltr'>Parisiensis.</span> <span class='ocrx_word' id='word_1_186' title='bbox 1994 1349 2068 1382; x_wconf 88' lang='lat' dir='ltr'>Hec</span> <span class='ocrx_word' id='word_1_187' title='bbox 2095 1355 2227 1391; x_wconf 76' lang='lat' dir='ltr'>tamen,</span> <span class='ocrx_word' id='word_1_188' title='bbox 2249 1354 2352 1394; x_wconf 88' lang='lat' dir='ltr'>pater</span> 
     </span>
     <span class='ocr_line' id='line_1_16' title="bbox 473 1414 2351 1461; baseline 0 -13"><span class='ocrx_word' id='word_1_189' title='bbox 473 1422 608 1456; x_wconf 85' lang='lat' dir='ltr'>sancte,</span> <span class='ocrx_word' id='word_1_190' title='bbox 632 1427 704 1448; x_wconf 90' lang='lat' dir='ltr'>non</span> <span class='ocrx_word' id='word_1_191' title='bbox 725 1414 963 1459; x_wconf 66' lang='lat' dir='ltr'>porrexisset,</span> <span class='ocrx_word' id='word_1_192' title='bbox 990 1426 1056 1447; x_wconf 83' lang='lat' dir='ltr'>nec</span> <span class='ocrx_word' id='word_1_193' title='bbox 1085 1414 1191 1447; x_wconf 90' lang='lat' dir='ltr'>etiam</span> <span class='ocrx_word' id='word_1_194' title='bbox 1211 1420 1332 1447; x_wconf 90' lang='lat' dir='ltr'>vestre</span> <span class='ocrx_word' id='word_1_195' title='bbox 1355 1414 1541 1448; x_wconf 90' lang='lat' dir='ltr'>Sanctitati</span> <span class='ocrx_word' id='word_1_196' title='bbox 1569 1414 1709 1460; x_wconf 85' lang='lat' dir='ltr'>porrigi</span> <span class='ocrx_word' id='word_1_197' title='bbox 1729 1415 1880 1448; x_wconf 87' lang='lat' dir='ltr'>fecisset</span> <span class='ocrx_word' id='word_1_198' title='bbox 1899 1415 2074 1461; x_wconf 87' lang='lat' dir='ltr'>magister</span> <span class='ocrx_word' id='word_1_199' title='bbox 2094 1415 2284 1461; x_wconf 89' lang='lat' dir='ltr'>Philippus</span> <span class='ocrx_word' id='word_1_200' title='bbox 2305 1415 2351 1448; x_wconf 89' lang='lat' dir='ltr'>de</span> 
     </span>
     <span class='ocr_line' id='line_1_17' title="bbox 472 1480 2351 1527; baseline 0 -13"><span class='ocrx_word' id='word_1_201' title='bbox 472 1482 662 1523; x_wconf 87' lang='lat' dir='ltr'>Thoriaco,</span> <span class='ocrx_word' id='word_1_202' title='bbox 698 1480 935 1514; x_wconf 88' lang='lat' dir='ltr'>cancellarius</span> <span class='ocrx_word' id='word_1_203' title='bbox 971 1482 1079 1513; x_wconf 88' lang='lat' dir='ltr'>Beate</span> <span class='ocrx_word' id='word_1_204' title='bbox 1114 1481 1240 1521; x_wconf 85' lang='lat' dir='ltr'>Marie,</span> <span class='ocrx_word' id='word_1_205' title='bbox 1276 1480 1347 1514; x_wconf 88' lang='lat' dir='ltr'>nisi</span> <span class='ocrx_word' id='word_1_206' title='bbox 1381 1480 1589 1514; x_wconf 86' lang='lat' dir='ltr'>intenderet</span> <span class='ocrx_word' id='word_1_207' title='bbox 1622 1493 1687 1526; x_wconf 92' lang='lat' dir='ltr'>per</span> <span class='ocrx_word' id='word_1_208' title='bbox 1720 1481 1958 1523; x_wconf 88' lang='lat' dir='ltr'>infamatoria,</span> <span class='ocrx_word' id='word_1_209' title='bbox 1991 1493 2061 1527; x_wconf 90' lang='lat' dir='ltr'>que</span> <span class='ocrx_word' id='word_1_210' title='bbox 2090 1482 2253 1527; x_wconf 89' lang='lat' dir='ltr'>porrexit</span> <span class='ocrx_word' id='word_1_211' title='bbox 2285 1493 2351 1515; x_wconf 88' lang='lat' dir='ltr'>seu</span> 
     </span>
     <span class='ocr_line' id='line_1_18' title="bbox 473 1547 2354 1594; baseline 0 -13"><span class='ocrx_word' id='word_1_212' title='bbox 473 1548 611 1593; x_wconf 83' lang='lat' dir='ltr'>porrigi</span> <span class='ocrx_word' id='word_1_213' title='bbox 639 1548 736 1588; x_wconf 83' lang='lat' dir='ltr'>fecit,</span> <span class='ocrx_word' id='word_1_214' title='bbox 764 1554 919 1581; x_wconf 89' lang='lat' dir='ltr'>vestram</span> <span class='ocrx_word' id='word_1_215' title='bbox 951 1547 1180 1580; x_wconf 88' lang='lat' dir='ltr'>Sanctitatem</span> <span class='ocrx_word' id='word_1_216' title='bbox 1208 1547 1383 1580; x_wconf 86' lang='lat' dir='ltr'>inducere</span> <span class='ocrx_word' id='word_1_217' title='bbox 1404 1547 1448 1580; x_wconf 90' lang='lat' dir='ltr'>ad</span> <span class='ocrx_word' id='word_1_218' title='bbox 1468 1547 1549 1589; x_wconf 91' lang='lat' dir='ltr'>hoc,</span> <span class='ocrx_word' id='word_1_219' title='bbox 1572 1554 1612 1581; x_wconf 91' lang='lat' dir='ltr'>ut</span> <span class='ocrx_word' id='word_1_220' title='bbox 1639 1548 1816 1581; x_wconf 88' lang='lat' dir='ltr'>Sanctitas</span> <span class='ocrx_word' id='word_1_221' title='bbox 1836 1554 1956 1581; x_wconf 90' lang='lat' dir='ltr'>vestra</span> <span class='ocrx_word' id='word_1_222' title='bbox 1976 1547 2195 1590; x_wconf 71' lang='lat' dir='ltr'>facultatem,</span> <span class='ocrx_word' id='word_1_223' title='bbox 2217 1548 2354 1594; x_wconf 85' lang='lat' dir='ltr'>magis·</span> 
     </span>
     <span class='ocr_line' id='line_1_19' title="bbox 474 1614 2352 1660; baseline 0 -12"><span class='ocrx_word' id='word_1_224' title='bbox 474 1622 550 1648; x_wconf 80' lang='lat' dir='ltr'>tros</span> <span class='ocrx_word' id='word_1_225' title='bbox 574 1615 753 1648; x_wconf 86' lang='lat' dir='ltr'>facultatis</span> <span class='ocrx_word' id='word_1_226' title='bbox 783 1621 817 1647; x_wconf 81' lang='lat' dir='ltr'>et</span> <span class='ocrx_word' id='word_1_227' title='bbox 844 1626 992 1646; x_wconf 91' lang='lat' dir='ltr'>examen</span> <span class='ocrx_word' id='word_1_228' title='bbox 1024 1614 1151 1647; x_wconf 86' lang='lat' dir='ltr'>Sancte</span> <span class='ocrx_word' id='word_1_229' title='bbox 1180 1614 1404 1659; x_wconf 88' lang='lat' dir='ltr'>Genovephe</span> <span class='ocrx_word' id='word_1_230' title='bbox 1434 1626 1500 1660; x_wconf 94' lang='lat' dir='ltr'>pro</span> <span class='ocrx_word' id='word_1_231' title='bbox 1528 1614 1708 1648; x_wconf 89' lang='lat' dir='ltr'>infamatis</span> <span class='ocrx_word' id='word_1_232' title='bbox 1737 1614 1904 1656; x_wconf 87' lang='lat' dir='ltr'>haberet;</span> <span class='ocrx_word' id='word_1_233' title='bbox 1932 1615 1970 1648; x_wconf 92' lang='lat' dir='ltr'>in</span> <span class='ocrx_word' id='word_1_234' title='bbox 1997 1615 2095 1660; x_wconf 91' lang='lat' dir='ltr'>quod</span> <span class='ocrx_word' id='word_1_235' title='bbox 2120 1615 2352 1660; x_wconf 91' lang='lat' dir='ltr'>procurando</span> 
     </span>
     <span class='ocr_line' id='line_1_20' title="bbox 473 1680 2352 1727; baseline 0 -13"><span class='ocrx_word' id='word_1_236' title='bbox 473 1681 666 1726; x_wconf 87' lang='lat' dir='ltr'>injuriatus</span> <span class='ocrx_word' id='word_1_237' title='bbox 697 1687 753 1713; x_wconf 90' lang='lat' dir='ltr'>est</span> <span class='ocrx_word' id='word_1_238' title='bbox 780 1680 951 1721; x_wconf 86' lang='lat' dir='ltr'>facultati,</span> <span class='ocrx_word' id='word_1_239' title='bbox 985 1680 1075 1713; x_wconf 88' lang='lat' dir='ltr'>adeo</span> <span class='ocrx_word' id='word_1_240' title='bbox 1102 1680 1200 1725; x_wconf 93' lang='lat' dir='ltr'>quod</span> <span class='ocrx_word' id='word_1_241' title='bbox 1226 1693 1299 1713; x_wconf 90' lang='lat' dir='ltr'>non</span> <span class='ocrx_word' id='word_1_242' title='bbox 1326 1687 1453 1726; x_wconf 86' lang='lat' dir='ltr'>posset</span> <span class='ocrx_word' id='word_1_243' title='bbox 1477 1693 1589 1726; x_wconf 88' lang='lat' dir='ltr'>super</span> <span class='ocrx_word' id='word_1_244' title='bbox 1616 1681 1686 1714; x_wconf 90' lang='lat' dir='ltr'>isto</span> <span class='ocrx_word' id='word_1_245' title='bbox 1718 1681 1935 1727; x_wconf 86' lang='lat' dir='ltr'>condignam</span> <span class='ocrx_word' id='word_1_246' title='bbox 1964 1681 2082 1714; x_wconf 88' lang='lat' dir='ltr'>facere</span> <span class='ocrx_word' id='word_1_247' title='bbox 2104 1681 2293 1715; x_wconf 87' lang='lat' dir='ltr'>emendam</span> <span class='ocrx_word' id='word_1_248' title='bbox 2314 1681 2352 1715; x_wconf 90' lang='lat' dir='ltr'>in</span> 
     </span>
     <span class='ocr_line' id='line_1_21' title="bbox 473 1746 2355 1793; baseline 0.001 -13"><span class='ocrx_word' id='word_1_249' title='bbox 473 1747 631 1781; x_wconf 85' lang='lat' dir='ltr'>facultati</span> <span class='ocrx_word' id='word_1_250' title='bbox 659 1747 834 1780; x_wconf 90' lang='lat' dir='ltr'>tradendo</span> <span class='ocrx_word' id='word_1_251' title='bbox 863 1746 961 1779; x_wconf 91' lang='lat' dir='ltr'>mille</span> <span class='ocrx_word' id='word_1_252' title='bbox 994 1759 1131 1780; x_wconf 88' lang='lat' dir='ltr'>marcas</span> <span class='ocrx_word' id='word_1_253' title='bbox 1165 1747 1256 1789; x_wconf 87' lang='lat' dir='ltr'>auri,</span> <span class='ocrx_word' id='word_1_254' title='bbox 1289 1759 1368 1780; x_wconf 91' lang='lat' dir='ltr'>cum</span> <span class='ocrx_word' id='word_1_255' title='bbox 1396 1747 1548 1781; x_wconf 83' lang='lat' dir='ltr'>facultas</span> <span class='ocrx_word' id='word_1_256' title='bbox 1578 1755 1613 1781; x_wconf 90' lang='lat' dir='ltr'>et</span> <span class='ocrx_word' id='word_1_257' title='bbox 1642 1748 1807 1793; x_wconf 87' lang='lat' dir='ltr'>magistri</span> <span class='ocrx_word' id='word_1_258' title='bbox 1834 1748 2014 1781; x_wconf 87' lang='lat' dir='ltr'>facultatis</span> <span class='ocrx_word' id='word_1_259' title='bbox 2040 1747 2178 1782; x_wconf 90' lang='lat' dir='ltr'>vellent</span> <span class='ocrx_word' id='word_1_260' title='bbox 2205 1748 2249 1781; x_wconf 91' lang='lat' dir='ltr'>de</span> <span class='ocrx_word' id='word_1_261' title='bbox 2276 1748 2355 1782; x_wconf 88' lang='lat' dir='ltr'>suis</span> 
     </span>
     <span class='ocr_line' id='line_1_22' title="bbox 475 1813 2357 1860; baseline 0.001 -13"><span class='ocrx_word' id='word_1_262' title='bbox 475 1821 510 1848; x_wconf 92' lang='lat' dir='ltr'>et</span> <span class='ocrx_word' id='word_1_263' title='bbox 536 1814 643 1847; x_wconf 90' lang='lat' dir='ltr'>bonis</span> <span class='ocrx_word' id='word_1_264' title='bbox 670 1813 849 1846; x_wconf 88' lang='lat' dir='ltr'>facultatis</span> <span class='ocrx_word' id='word_1_265' title='bbox 877 1820 1011 1846; x_wconf 88' lang='lat' dir='ltr'>tantum</span> <span class='ocrx_word' id='word_1_266' title='bbox 1039 1820 1075 1847; x_wconf 89' lang='lat' dir='ltr'>et</span> <span class='ocrx_word' id='word_1_267' title='bbox 1099 1813 1181 1859; x_wconf 90' lang='lat' dir='ltr'>plus</span> <span class='ocrx_word' id='word_1_268' title='bbox 1207 1814 1335 1859; x_wconf 91' lang='lat' dir='ltr'>pocius</span> <span class='ocrx_word' id='word_1_269' title='bbox 1363 1814 1544 1856; x_wconf 79' lang='lat' dir='ltr'>amisisse,</span> <span class='ocrx_word' id='word_1_270' title='bbox 1573 1827 1678 1860; x_wconf 91' lang='lat' dir='ltr'>quam</span> <span class='ocrx_word' id='word_1_271' title='bbox 1708 1815 1806 1860; x_wconf 91' lang='lat' dir='ltr'>quod</span> <span class='ocrx_word' id='word_1_272' title='bbox 1834 1815 1916 1848; x_wconf 83' lang='lat' dir='ltr'>talia</span> <span class='ocrx_word' id='word_1_273' title='bbox 1946 1815 2171 1848; x_wconf 87' lang='lat' dir='ltr'>infamatoria</span> <span class='ocrx_word' id='word_1_274' title='bbox 2198 1815 2357 1849; x_wconf 89' lang='lat' dir='ltr'>fuissent</span> 
     </span>
     <span class='ocr_line' id='line_1_23' title="bbox 476 1880 2355 1926; baseline 0.001 -13"><span class='ocrx_word' id='word_1_275' title='bbox 476 1887 600 1914; x_wconf 86' lang='lat' dir='ltr'>contra</span> <span class='ocrx_word' id='word_1_276' title='bbox 622 1892 698 1922; x_wconf 90' lang='lat' dir='ltr'>eos,</span> <span class='ocrx_word' id='word_1_277' title='bbox 720 1887 840 1913; x_wconf 84' lang='lat' dir='ltr'>vestre</span> <span class='ocrx_word' id='word_1_278' title='bbox 863 1880 1061 1922; x_wconf 88' lang='lat' dir='ltr'>Sanctitati,</span> <span class='ocrx_word' id='word_1_279' title='bbox 1088 1880 1124 1913; x_wconf 87' lang='lat' dir='ltr'>in</span> <span class='ocrx_word' id='word_1_280' title='bbox 1155 1881 1338 1926; x_wconf 86' lang='lat' dir='ltr'>presentia</span> <span class='ocrx_word' id='word_1_281' title='bbox 1366 1888 1507 1926; x_wconf 89' lang='lat' dir='ltr'>patrum</span> <span class='ocrx_word' id='word_1_282' title='bbox 1534 1881 1819 1915; x_wconf 85' lang='lat' dir='ltr'>reverendorum</span> <span class='ocrx_word' id='word_1_283' title='bbox 1848 1882 2078 1915; x_wconf 90' lang='lat' dir='ltr'>dominorum</span> <span class='ocrx_word' id='word_1_284' title='bbox 2104 1881 2355 1923; x_wconf 74' lang='lat' dir='ltr'>cardinalium,</span> 
     </span>
     <span class='ocr_line' id='line_1_24' title="bbox 478 1946 2357 1993; baseline 0 -13"><span class='ocrx_word' id='word_1_285' title='bbox 478 1960 521 1980; x_wconf 83' lang='lat' dir='ltr'>ex</span> <span class='ocrx_word' id='word_1_286' title='bbox 553 1954 652 1992; x_wconf 90' lang='lat' dir='ltr'>parte</span> <span class='ocrx_word' id='word_1_287' title='bbox 687 1947 929 1991; x_wconf 83' lang='lat' dir='ltr'>prenominati</span> <span class='ocrx_word' id='word_1_288' title='bbox 959 1946 1165 1979; x_wconf 87' lang='lat' dir='ltr'>cancellarii</span> <span class='ocrx_word' id='word_1_289' title='bbox 1195 1954 1373 1992; x_wconf 89' lang='lat' dir='ltr'>porrecta.</span> <span class='ocrx_word' id='word_1_290' title='bbox 1405 1949 1558 1993; x_wconf 87' lang='lat' dir='ltr'>Propter</span> <span class='ocrx_word' id='word_1_291' title='bbox 1587 1948 1698 1993; x_wconf 89' lang='lat' dir='ltr'>quod,</span> <span class='ocrx_word' id='word_1_292' title='bbox 1731 1955 1832 1993; x_wconf 89' lang='lat' dir='ltr'>pater</span> <span class='ocrx_word' id='word_1_293' title='bbox 1866 1954 2001 1989; x_wconf 90' lang='lat' dir='ltr'>sancte,</span> <span class='ocrx_word' id='word_1_294' title='bbox 2033 1954 2154 1981; x_wconf 84' lang='lat' dir='ltr'>vestre</span> <span class='ocrx_word' id='word_1_295' title='bbox 2189 1947 2357 1993; x_wconf 90' lang='lat' dir='ltr'>supplico</span> 
     </span>
     <span class='ocr_line' id='line_1_25' title="bbox 481 2013 2358 2060; baseline 0.001 -14"><span class='ocrx_word' id='word_1_296' title='bbox 481 2013 677 2054; x_wconf 84' lang='lat' dir='ltr'>Sanctitati,</span> <span class='ocrx_word' id='word_1_297' title='bbox 701 2013 870 2057; x_wconf 87' lang='lat' dir='ltr'>quatinus</span> <span class='ocrx_word' id='word_1_298' title='bbox 892 2013 1093 2057; x_wconf 87' lang='lat' dir='ltr'>predictum</span> <span class='ocrx_word' id='word_1_299' title='bbox 1116 2013 1371 2046; x_wconf 87' lang='lat' dir='ltr'>cancellarium</span> <span class='ocrx_word' id='word_1_300' title='bbox 1399 2014 1626 2059; x_wconf 88' lang='lat' dir='ltr'>compellatis</span> <span class='ocrx_word' id='word_1_301' title='bbox 1651 2014 1695 2047; x_wconf 88' lang='lat' dir='ltr'>ad</span> <span class='ocrx_word' id='word_1_302' title='bbox 1721 2014 1949 2048; x_wconf 89' lang='lat' dir='ltr'>reddendum</span> <span class='ocrx_word' id='word_1_303' title='bbox 1979 2014 2175 2060; x_wconf 88' lang='lat' dir='ltr'>predictam</span> <span class='ocrx_word' id='word_1_304' title='bbox 2203 2014 2358 2059; x_wconf 89' lang='lat' dir='ltr'>pecunie</span> 
     </span>
     <span class='ocr_line' id='line_1_26' title="bbox 482 2078 2358 2126; baseline 0.001 -14"><span class='ocrx_word' id='word_1_305' title='bbox 482 2092 657 2113; x_wconf 89' lang='lat' dir='ltr'>summam</span> <span class='ocrx_word' id='word_1_306' title='bbox 697 2078 854 2112; x_wconf 85' lang='lat' dir='ltr'>facultati</span> <span class='ocrx_word' id='word_1_307' title='bbox 896 2079 932 2111; x_wconf 90' lang='lat' dir='ltr'>in</span> <span class='ocrx_word' id='word_1_308' title='bbox 965 2079 1154 2112; x_wconf 87' lang='lat' dir='ltr'>emendam</span> <span class='ocrx_word' id='word_1_309' title='bbox 1193 2079 1288 2112; x_wconf 91' lang='lat' dir='ltr'>dicte</span> <span class='ocrx_word' id='word_1_310' title='bbox 1325 2079 1478 2124; x_wconf 72' lang='lat' dir='ltr'>injurie,</span> <span class='ocrx_word' id='word_1_311' title='bbox 1508 2081 1606 2125; x_wconf 92' lang='lat' dir='ltr'>quod</span> <span class='ocrx_word' id='word_1_312' title='bbox 1646 2087 1742 2126; x_wconf 82' lang='lat' dir='ltr'>peto,</span> <span class='ocrx_word' id='word_1_313' title='bbox 1783 2081 1878 2114; x_wconf 89' lang='lat' dir='ltr'>sicut</span> <span class='ocrx_word' id='word_1_314' title='bbox 1910 2081 2090 2114; x_wconf 88' lang='lat' dir='ltr'>facultatis</span> <span class='ocrx_word' id='word_1_315' title='bbox 2130 2087 2358 2126; x_wconf 85' lang='lat' dir='ltr'>procurator,</span> 
     </span>
     <span class='ocr_line' id='line_1_27' title="bbox 482 2145 2361 2193; baseline 0.001 -14"><span class='ocrx_word' id='word_1_316' title='bbox 482 2146 629 2179; x_wconf 90' lang='lat' dir='ltr'>nomine</span> <span class='ocrx_word' id='word_1_317' title='bbox 656 2145 848 2178; x_wconf 85' lang='lat' dir='ltr'>facultatis.</span> <span class='ocrx_word' id='word_1_318' title='bbox 872 2146 915 2178; x_wconf 84' lang='lat' dir='ltr'>Et</span> <span class='ocrx_word' id='word_1_319' title='bbox 935 2145 1017 2190; x_wconf 91' lang='lat' dir='ltr'>quia</span> <span class='ocrx_word' id='word_1_320' title='bbox 1044 2145 1112 2178; x_wconf 92' lang='lat' dir='ltr'>hoc</span> <span class='ocrx_word' id='word_1_321' title='bbox 1141 2158 1214 2178; x_wconf 90' lang='lat' dir='ltr'>nou</span> <span class='ocrx_word' id='word_1_322' title='bbox 1243 2146 1427 2179; x_wconf 85' lang='lat' dir='ltr'>sufficeret</span> <span class='ocrx_word' id='word_1_323' title='bbox 1446 2147 1489 2180; x_wconf 93' lang='lat' dir='ltr'>ad</span> <span class='ocrx_word' id='word_1_324' title='bbox 1511 2147 1699 2180; x_wconf 89' lang='lat' dir='ltr'>emendam</span> <span class='ocrx_word' id='word_1_325' title='bbox 1726 2159 1838 2193; x_wconf 87' lang='lat' dir='ltr'>super</span> <span class='ocrx_word' id='word_1_326' title='bbox 1863 2154 1958 2181; x_wconf 90' lang='lat' dir='ltr'>tanta</span> <span class='ocrx_word' id='word_1_327' title='bbox 1985 2148 2118 2192; x_wconf 89' lang='lat' dir='ltr'>injuria</span> <span class='ocrx_word' id='word_1_328' title='bbox 2145 2154 2277 2193; x_wconf 87' lang='lat' dir='ltr'>quanta</span> <span class='ocrx_word' id='word_1_329' title='bbox 2304 2153 2361 2181; x_wconf 89' lang='lat' dir='ltr'>est</span> 
     </span>
     <span class='ocr_line' id='line_1_28' title="bbox 484 2211 2360 2260; baseline 0.001 -15"><span class='ocrx_word' id='word_1_330' title='bbox 484 2225 548 2258; x_wconf 89' lang='lat' dir='ltr'>per</span> <span class='ocrx_word' id='word_1_331' title='bbox 576 2224 656 2245; x_wconf 89' lang='lat' dir='ltr'>eum</span> <span class='ocrx_word' id='word_1_332' title='bbox 686 2218 782 2245; x_wconf 87' lang='lat' dir='ltr'>tanto</span> <span class='ocrx_word' id='word_1_333' title='bbox 810 2211 983 2256; x_wconf 83' lang='lat' dir='ltr'>collegio,</span> <span class='ocrx_word' id='word_1_334' title='bbox 1012 2218 1183 2256; x_wconf 88' lang='lat' dir='ltr'>quantum</span> <span class='ocrx_word' id='word_1_335' title='bbox 1213 2218 1269 2245; x_wconf 89' lang='lat' dir='ltr'>est</span> <span class='ocrx_word' id='word_1_336' title='bbox 1295 2212 1493 2258; x_wconf 87' lang='lat' dir='ltr'>collegium</span> <span class='ocrx_word' id='word_1_337' title='bbox 1522 2214 1727 2247; x_wconf 87' lang='lat' dir='ltr'>artistarum</span> <span class='ocrx_word' id='word_1_338' title='bbox 1756 2215 1930 2256; x_wconf 84' lang='lat' dir='ltr'>Parisius,</span> <span class='ocrx_word' id='word_1_339' title='bbox 1952 2214 2125 2259; x_wconf 79' lang='lat' dir='ltr'>irrogata,</span> <span class='ocrx_word' id='word_1_340' title='bbox 2154 2221 2238 2260; x_wconf 88' lang='lat' dir='ltr'>peto</span> <span class='ocrx_word' id='word_1_341' title='bbox 2266 2213 2360 2247; x_wconf 88' lang='lat' dir='ltr'>ultra</span> 
     </span>
     <span class='ocr_line' id='line_1_29' title="bbox 486 2271 2363 2327; baseline 0.001 -15"><span class='ocrx_word' id='word_1_342' title='bbox 486 2280 552 2312; x_wconf 89' lang='lat' dir='ltr'>hoc</span> <span class='ocrx_word' id='word_1_343' title='bbox 575 2279 721 2312; x_wconf 88' lang='lat' dir='ltr'>nomine</span> <span class='ocrx_word' id='word_1_344' title='bbox 742 2278 921 2311; x_wconf 87' lang='lat' dir='ltr'>facultatis</span> <span class='ocrx_word' id='word_1_345' title='bbox 950 2284 985 2311; x_wconf 90' lang='lat' dir='ltr'>et</span> <span class='ocrx_word' id='word_1_346' title='bbox 1004 2290 1068 2323; x_wconf 92' lang='lat' dir='ltr'>pro</span> <span class='ocrx_word' id='word_1_347' title='bbox 1096 2278 1264 2312; x_wconf 86' lang='lat' dir='ltr'>facultate</span> <span class='ocrx_word' id='word_1_348' title='bbox 1284 2285 1452 2324; x_wconf 86' lang='lat' dir='ltr'>tanquam</span> <span class='ocrx_word' id='word_1_349' title='bbox 1474 2287 1688 2325; x_wconf 87' lang='lat' dir='ltr'>procurator</span> <span class='ocrx_word' id='word_1_350' title='bbox 1707 2281 1886 2326; x_wconf 89' lang='lat' dir='ltr'>ejusdem,</span> <span class='ocrx_word' id='word_1_351' title='bbox 1909 2282 2122 2327; x_wconf 89' lang='lat' dir='ltr'>magistrum</span> <span class='ocrx_word' id='word_1_352' title='bbox 2143 2271 2363 2326; x_wconf 35' lang='lat' dir='ltr'>Phylippuin&#39;</span> 
     </span>
     <span class='ocr_line' id='line_1_30' title="bbox 488 2344 2364 2393; baseline 0.001 -15"><span class='ocrx_word' id='word_1_353' title='bbox 488 2346 531 2378; x_wconf 92' lang='lat' dir='ltr'>de</span> <span class='ocrx_word' id='word_1_354' title='bbox 552 2345 743 2386; x_wconf 88' lang='lat' dir='ltr'>Thoriaco,</span> <span class='ocrx_word' id='word_1_355' title='bbox 772 2344 1013 2377; x_wconf 88' lang='lat' dir='ltr'>Parisiensem</span> <span class='ocrx_word' id='word_1_356' title='bbox 1043 2344 1311 2386; x_wconf 85' lang='lat' dir='ltr'>cancellarium,</span> <span class='ocrx_word' id='word_1_357' title='bbox 1335 2346 1433 2378; x_wconf 88' lang='lat' dir='ltr'>omni</span> <span class='ocrx_word' id='word_1_358' title='bbox 1462 2346 1638 2392; x_wconf 83' lang='lat' dir='ltr'>dignitate</span> <span class='ocrx_word' id='word_1_359' title='bbox 1660 2354 1695 2380; x_wconf 89' lang='lat' dir='ltr'>et</span> <span class='ocrx_word' id='word_1_360' title='bbox 1715 2347 1895 2381; x_wconf 86' lang='lat' dir='ltr'>beneficio</span> <span class='ocrx_word' id='word_1_361' title='bbox 1924 2359 1994 2392; x_wconf 87' lang='lat' dir='ltr'>que</span> <span class='ocrx_word' id='word_1_362' title='bbox 2015 2347 2059 2381; x_wconf 89' lang='lat' dir='ltr'>ad</span> <span class='ocrx_word' id='word_1_363' title='bbox 2080 2359 2234 2393; x_wconf 91' lang='lat' dir='ltr'>presens</span> <span class='ocrx_word' id='word_1_364' title='bbox 2254 2346 2364 2380; x_wconf 85' lang='lat' dir='ltr'>habet</span> 
     </span>
     <span class='ocr_line' id='line_1_31' title="bbox 489 2410 1452 2456; baseline 0.002 -13"><span class='ocrx_word' id='word_1_365' title='bbox 489 2418 522 2443; x_wconf 89' lang='lat' dir='ltr'>et</span> <span class='ocrx_word' id='word_1_366' title='bbox 544 2412 579 2443; x_wconf 92' lang='lat' dir='ltr'>in</span> <span class='ocrx_word' id='word_1_367' title='bbox 601 2418 786 2456; x_wconf 89' lang='lat' dir='ltr'>posterum</span> <span class='ocrx_word' id='word_1_368' title='bbox 807 2410 997 2443; x_wconf 90' lang='lat' dir='ltr'>habiturus</span> <span class='ocrx_word' id='word_1_369' title='bbox 1018 2417 1085 2452; x_wconf 89' lang='lat' dir='ltr'>est,</span> <span class='ocrx_word' id='word_1_370' title='bbox 1109 2417 1285 2456; x_wconf 90' lang='lat' dir='ltr'>perpetuo</span> <span class='ocrx_word' id='word_1_371' title='bbox 1306 2412 1452 2456; x_wconf 89' lang='lat' dir='ltr'>privari.</span> 
     </span>
    </p>

    <p class='ocr_par' dir='ltr' id='par_1_3' title="bbox 494 2476 2368 2924">
     <span class='ocr_line' id='line_1_32' title="bbox 579 2476 2363 2524; baseline 0.002 -15"><span class='ocrx_word' id='word_1_372' title='bbox 579 2477 635 2509; x_wconf 88' lang='lat' dir='ltr'>Ad</span> <span class='ocrx_word' id='word_1_373' title='bbox 658 2476 748 2509; x_wconf 91' lang='lat' dir='ltr'>illud</span> <span class='ocrx_word' id='word_1_374' title='bbox 769 2476 867 2521; x_wconf 88' lang='lat' dir='ltr'>quod</span> <span class='ocrx_word' id='word_1_375' title='bbox 887 2476 976 2509; x_wconf 87' lang='lat' dir='ltr'>dixit</span> <span class='ocrx_word' id='word_1_376' title='bbox 995 2476 1091 2509; x_wconf 87' lang='lat' dir='ltr'>idem</span> <span class='ocrx_word' id='word_1_377' title='bbox 1114 2477 1352 2510; x_wconf 89' lang='lat' dir='ltr'>cancellarius</span> <span class='ocrx_word' id='word_1_378' title='bbox 1369 2485 1508 2523; x_wconf 92' lang='lat' dir='ltr'>postea,</span> <span class='ocrx_word' id='word_1_379' title='bbox 1526 2480 1624 2524; x_wconf 92' lang='lat' dir='ltr'>quod</span> <span class='ocrx_word' id='word_1_380' title='bbox 1645 2492 1718 2513; x_wconf 93' lang='lat' dir='ltr'>non</span> <span class='ocrx_word' id='word_1_381' title='bbox 1739 2487 1825 2514; x_wconf 90' lang='lat' dir='ltr'>sunt</span> <span class='ocrx_word' id='word_1_382' title='bbox 1844 2481 1953 2514; x_wconf 92' lang='lat' dir='ltr'>modo</span> <span class='ocrx_word' id='word_1_383' title='bbox 1974 2481 2011 2513; x_wconf 91' lang='lat' dir='ltr'>in</span> <span class='ocrx_word' id='word_1_384' title='bbox 2031 2480 2198 2514; x_wconf 86' lang='lat' dir='ltr'>facultate</span> <span class='ocrx_word' id='word_1_385' title='bbox 2218 2485 2363 2513; x_wconf 80' lang='lat' dir='ltr'>centum</span> 
     </span>
     <span class='ocr_line' id='line_1_33' title="bbox 494 2542 2363 2591; baseline 0.001 -15"><span class='ocrx_word' id='word_1_386' title='bbox 494 2550 528 2576; x_wconf 86' lang='lat' dir='ltr'>et</span> <span class='ocrx_word' id='word_1_387' title='bbox 553 2554 599 2575; x_wconf 88' lang='lat' dir='ltr'>xx</span> <span class='ocrx_word' id='word_1_388' title='bbox 627 2543 804 2587; x_wconf 79' lang='lat' dir='ltr'>magistri,</span> <span class='ocrx_word' id='word_1_389' title='bbox 836 2542 919 2576; x_wconf 91' lang='lat' dir='ltr'>licet</span> <span class='ocrx_word' id='word_1_390' title='bbox 950 2543 1028 2588; x_wconf 91' lang='lat' dir='ltr'>ipse</span> <span class='ocrx_word' id='word_1_391' title='bbox 1062 2555 1189 2576; x_wconf 86' lang='lat' dir='ltr'>verum</span> <span class='ocrx_word' id='word_1_392' title='bbox 1219 2543 1313 2577; x_wconf 90' lang='lat' dir='ltr'>dicat</span> <span class='ocrx_word' id='word_1_393' title='bbox 1345 2544 1382 2577; x_wconf 91' lang='lat' dir='ltr'>in</span> <span class='ocrx_word' id='word_1_394' title='bbox 1414 2544 1496 2587; x_wconf 92' lang='lat' dir='ltr'>hoc,</span> <span class='ocrx_word' id='word_1_395' title='bbox 1526 2546 1621 2579; x_wconf 86' lang='lat' dir='ltr'>sicut</span> <span class='ocrx_word' id='word_1_396' title='bbox 1654 2547 1764 2580; x_wconf 89' lang='lat' dir='ltr'>credo</span> <span class='ocrx_word' id='word_1_397' title='bbox 1793 2549 1885 2591; x_wconf 86' lang='lat' dir='ltr'>(nam</span> <span class='ocrx_word' id='word_1_398' title='bbox 1915 2554 2000 2581; x_wconf 90' lang='lat' dir='ltr'>sunt</span> <span class='ocrx_word' id='word_1_399' title='bbox 2026 2553 2078 2581; x_wconf 81' lang='lat' dir='ltr'>tot</span> <span class='ocrx_word' id='word_1_400' title='bbox 2104 2546 2162 2581; x_wconf 83' lang='lat' dir='ltr'>vel</span> <span class='ocrx_word' id='word_1_401' title='bbox 2193 2546 2363 2590; x_wconf 87' lang='lat' dir='ltr'>circiter),</span> 
     </span>
     <span class='ocr_line' id='line_1_34' title="bbox 494 2608 2366 2659; baseline 0.002 -19"><span class='ocrx_word' id='word_1_402' title='bbox 494 2609 531 2641; x_wconf 88' lang='lat' dir='ltr'>in</span> <span class='ocrx_word' id='word_1_403' title='bbox 557 2608 624 2641; x_wconf 85' lang='lat' dir='ltr'>hoc</span> <span class='ocrx_word' id='word_1_404' title='bbox 653 2615 770 2641; x_wconf 82' lang='lat' dir='ltr'>tamen</span> <span class='ocrx_word' id='word_1_405' title='bbox 798 2609 952 2641; x_wconf 89' lang='lat' dir='ltr'>dicendo</span> <span class='ocrx_word' id='word_1_406' title='bbox 980 2621 1189 2654; x_wconf 83' lang='lat' dir='ltr'>repugnans</span> <span class='ocrx_word' id='word_1_407' title='bbox 1217 2617 1273 2643; x_wconf 90' lang='lat' dir='ltr'>est</span> <span class='ocrx_word' id='word_1_408' title='bbox 1299 2611 1376 2644; x_wconf 90' lang='lat' dir='ltr'>suis</span> <span class='ocrx_word' id='word_1_409' title='bbox 1407 2611 1514 2644; x_wconf 89' lang='lat' dir='ltr'>dictis</span> <span class='ocrx_word' id='word_1_410' title='bbox 1544 2612 1743 2657; x_wconf 90' lang='lat' dir='ltr'>prioribus,</span> <span class='ocrx_word' id='word_1_411' title='bbox 1771 2613 2075 2659; x_wconf 86' lang='lat' dir='ltr'>quemadmodum</span> <span class='ocrx_word' id='word_1_412' title='bbox 2109 2613 2212 2659; x_wconf 90' lang='lat' dir='ltr'>prius</span> <span class='ocrx_word' id='word_1_413' title='bbox 2246 2611 2366 2645; x_wconf 85' lang='lat' dir='ltr'>decla·</span> 
     </span>
     <span class='ocr_line' id='line_1_35' title="bbox 496 2675 2366 2724; baseline 0.003 -18"><span class='ocrx_word' id='word_1_414' title='bbox 496 2681 610 2707; x_wconf 90' lang='lat' dir='ltr'>ratum</span> <span class='ocrx_word' id='word_1_415' title='bbox 646 2681 711 2707; x_wconf 89' lang='lat' dir='ltr'>cst.</span> <span class='ocrx_word' id='word_1_416' title='bbox 753 2675 842 2708; x_wconf 90' lang='lat' dir='ltr'>Cum</span> <span class='ocrx_word' id='word_1_417' title='bbox 883 2675 977 2708; x_wconf 90' lang='lat' dir='ltr'>dicat</span> <span class='ocrx_word' id='word_1_418' title='bbox 1010 2675 1105 2708; x_wconf 90' lang='lat' dir='ltr'>idem</span> <span class='ocrx_word' id='word_1_419' title='bbox 1140 2676 1378 2710; x_wconf 88' lang='lat' dir='ltr'>cancellarius</span> <span class='ocrx_word' id='word_1_420' title='bbox 1413 2685 1538 2723; x_wconf 90' lang='lat' dir='ltr'>postea</span> <span class='ocrx_word' id='word_1_421' title='bbox 1571 2691 1578 2712; x_wconf 92' lang='lat'>:</span> <span class='ocrx_word' id='word_1_422' title='bbox 1612 2694 1628 2711; x_wconf 89' lang='lat'>«</span> <span class='ocrx_word' id='word_1_423' title='bbox 1667 2681 1755 2713; x_wconf 91' lang='lat' dir='ltr'>Item</span> <span class='ocrx_word' id='word_1_424' title='bbox 1783 2680 1851 2713; x_wconf 90' lang='lat' dir='ltr'>hoc</span> <span class='ocrx_word' id='word_1_425' title='bbox 1878 2692 1973 2713; x_wconf 88' lang='lat' dir='ltr'>anno</span> <span class='ocrx_word' id='word_1_426' title='bbox 2002 2680 2168 2713; x_wconf 88' lang='lat' dir='ltr'>fecerunt</span> <span class='ocrx_word' id='word_1_427' title='bbox 2200 2678 2366 2724; x_wconf 85' lang='lat' dir='ltr'>magistri</span> 
     </span>
     <span class='ocr_line' id='line_1_36' title="bbox 497 2741 2368 2789; baseline 0.002 -15"><span class='ocrx_word' id='word_1_428' title='bbox 497 2741 639 2782; x_wconf 86' lang='lat' dir='ltr'>artium,</span> <span class='ocrx_word' id='word_1_429' title='bbox 661 2746 723 2774; x_wconf 86' lang='lat' dir='ltr'>etc.</span> <span class='ocrx_word' id='word_1_430' title='bbox 748 2754 777 2781; x_wconf 84' lang='lat'>»,</span> <span class='ocrx_word' id='word_1_431' title='bbox 801 2741 894 2783; x_wconf 86' lang='lat' dir='ltr'>dico,</span> <span class='ocrx_word' id='word_1_432' title='bbox 917 2748 1017 2785; x_wconf 88' lang='lat' dir='ltr'>pater</span> <span class='ocrx_word' id='word_1_433' title='bbox 1042 2749 1178 2784; x_wconf 86' lang='lat' dir='ltr'>sancte,</span> <span class='ocrx_word' id='word_1_434' title='bbox 1205 2743 1302 2787; x_wconf 93' lang='lat' dir='ltr'>quod</span> <span class='ocrx_word' id='word_1_435' title='bbox 1323 2744 1487 2789; x_wconf 88' lang='lat' dir='ltr'>magistri</span> <span class='ocrx_word' id='word_1_436' title='bbox 1515 2746 1631 2779; x_wconf 89' lang='lat' dir='ltr'>nostri</span> <span class='ocrx_word' id='word_1_437' title='bbox 1659 2746 1771 2779; x_wconf 88' lang='lat' dir='ltr'>nichil</span> <span class='ocrx_word' id='word_1_438' title='bbox 1797 2747 1932 2780; x_wconf 87' lang='lat' dir='ltr'>faciunt</span> <span class='ocrx_word' id='word_1_439' title='bbox 1959 2746 2053 2779; x_wconf 88' lang='lat' dir='ltr'>circa</span> <span class='ocrx_word' id='word_1_440' title='bbox 2079 2745 2148 2778; x_wconf 93' lang='lat' dir='ltr'>hoc</span> <span class='ocrx_word' id='word_1_441' title='bbox 2176 2745 2220 2778; x_wconf 87' lang='lat' dir='ltr'>ad</span> <span class='ocrx_word' id='word_1_442' title='bbox 2247 2751 2368 2778; x_wconf 88' lang='lat' dir='ltr'>extor-</span> 
     </span>
     <span class='ocr_line' id='line_1_37' title="bbox 499 2807 2368 2858; baseline 0.002 -18"><span class='ocrx_word' id='word_1_443' title='bbox 499 2807 682 2852; x_wconf 89' lang='lat' dir='ltr'>quendum</span> <span class='ocrx_word' id='word_1_444' title='bbox 700 2807 887 2851; x_wconf 91' lang='lat' dir='ltr'>pecuniam</span> <span class='ocrx_word' id='word_1_445' title='bbox 909 2819 926 2840; x_wconf 90' lang='lat' dir='ltr'>a</span> <span class='ocrx_word' id='word_1_446' title='bbox 943 2807 1305 2851; x_wconf 77' lang='lat' dir='ltr'>determinatorihus3</span> <span class='ocrx_word' id='word_1_447' title='bbox 1329 2822 1395 2843; x_wconf 92' lang='lat' dir='ltr'>nec</span> <span class='ocrx_word' id='word_1_448' title='bbox 1414 2811 1670 2856; x_wconf 86' lang='lat' dir='ltr'>ignorantibus</span> <span class='ocrx_word' id='word_1_449' title='bbox 1691 2813 1816 2858; x_wconf 84' lang='lat' dir='ltr'>pueris</span> <span class='ocrx_word' id='word_1_450' title='bbox 1836 2813 2029 2846; x_wconf 88' lang='lat' dir='ltr'>conferunt</span> <span class='ocrx_word' id='word_1_451' title='bbox 2048 2812 2230 2845; x_wconf 87' lang='lat' dir='ltr'>licentiam</span> <span class='ocrx_word' id='word_1_452' title='bbox 2247 2811 2368 2844; x_wconf 86' lang='lat' dir='ltr'>deter-</span> 
     </span>
     <span class='ocr_line' id='line_1_38' title="bbox 500 2872 2367 2924; baseline 0.002 -18"><span class='ocrx_word' id='word_1_453' title='bbox 500 2873 676 2915; x_wconf 83' lang='lat' dir='ltr'>minandi;</span> <span class='ocrx_word' id='word_1_454' title='bbox 699 2885 765 2905; x_wconf 88' lang='lat' dir='ltr'>nec</span> <span class='ocrx_word' id='word_1_455' title='bbox 793 2872 926 2905; x_wconf 90' lang='lat' dir='ltr'>dehoc</span> <span class='ocrx_word' id='word_1_456' title='bbox 954 2880 1073 2918; x_wconf 87' lang='lat' dir='ltr'>potest</span> <span class='ocrx_word' id='word_1_457' title='bbox 1099 2886 1180 2907; x_wconf 86' lang='lat' dir='ltr'>esse</span> <span class='ocrx_word' id='word_1_458' title='bbox 1206 2882 1327 2909; x_wconf 89' lang='lat' dir='ltr'>certus</span> <span class='ocrx_word' id='word_1_459' title='bbox 1352 2877 1591 2911; x_wconf 88' lang='lat' dir='ltr'>cancellarius</span> <span class='ocrx_word' id='word_1_460' title='bbox 1612 2886 1760 2924; x_wconf 90' lang='lat' dir='ltr'>propter</span> <span class='ocrx_word' id='word_1_461' title='bbox 1785 2879 1944 2912; x_wconf 87' lang='lat' dir='ltr'>rationes</span> <span class='ocrx_word' id='word_1_462' title='bbox 1970 2878 2140 2924; x_wconf 83' lang='lat' dir='ltr'>superius</span> <span class='ocrx_word' id='word_1_463' title='bbox 2165 2878 2291 2911; x_wconf 91' lang='lat' dir='ltr'>dictas.</span> <span class='ocrx_word' id='word_1_464' title='bbox 2314 2878 2367 2910; x_wconf 89' lang='lat' dir='ltr'>De</span> 
     </span>
    </p>
   </div>
   <div class='ocr_carea' id='block_1_3' title="bbox 501 2938 2368 3021">
    <p class='ocr_par' dir='ltr' id='par_1_4' title="bbox 501 2938 2368 3021">
     <span class='ocr_line' id='line_1_39' title="bbox 501 2938 2368 2990; baseline 0.002 -17"><span class='ocrx_word' id='word_1_465' title='bbox 501 2952 564 2973; x_wconf 86' lang='lat' dir='ltr'>sex</span> <span class='ocrx_word' id='word_1_466' title='bbox 590 2951 672 2972; x_wconf 86' lang='lat' dir='ltr'>esse</span> <span class='ocrx_word' id='word_1_467' title='bbox 693 2939 730 2972; x_wconf 91' lang='lat' dir='ltr'>in</span> <span class='ocrx_word' id='word_1_468' title='bbox 751 2938 862 2972; x_wconf 86' lang='lat' dir='ltr'>scolis</span> <span class='ocrx_word' id='word_1_469' title='bbox 883 2939 926 2971; x_wconf 89' lang='lat' dir='ltr'>ad</span> <span class='ocrx_word' id='word_1_470' title='bbox 948 2939 1260 2974; x_wconf 87' lang='lat' dir='ltr'>determinandum</span> <span class='ocrx_word' id='word_1_471' title='bbox 1284 2954 1357 2975; x_wconf 89' lang='lat' dir='ltr'>non</span> <span class='ocrx_word' id='word_1_472' title='bbox 1385 2943 1522 2986; x_wconf 89' lang='lat' dir='ltr'>recolo,</span> <span class='ocrx_word' id='word_1_473' title='bbox 1545 2951 1600 2977; x_wconf 90' lang='lat' dir='ltr'>set</span> <span class='ocrx_word' id='word_1_474' title='bbox 1625 2945 1669 2978; x_wconf 90' lang='lat' dir='ltr'>de</span> <span class='ocrx_word' id='word_1_475' title='bbox 1695 2952 1849 2990; x_wconf 89' lang='lat' dir='ltr'>quatuor</span> <span class='ocrx_word' id='word_1_476' title='bbox 1868 2945 1926 2979; x_wconf 91' lang='lat' dir='ltr'>vel</span> <span class='ocrx_word' id='word_1_477' title='bbox 1947 2944 2082 2988; x_wconf 86' lang='lat' dir='ltr'>tribus;</span> <span class='ocrx_word' id='word_1_478' title='bbox 2106 2951 2142 2978; x_wconf 91' lang='lat' dir='ltr'>et</span> <span class='ocrx_word' id='word_1_479' title='bbox 2160 2945 2198 2977; x_wconf 93' lang='lat' dir='ltr'>in</span> <span class='ocrx_word' id='word_1_480' title='bbox 2217 2944 2368 2978; x_wconf 86' lang='lat' dir='ltr'>veritate</span> 
     </span>
     <span class='ocr_line' id='line_1_40' title="bbox 625 2998 665 3021; baseline 0.025 -1"><span class='ocrx_word' id='word_1_481' title='bbox 625 2998 665 3021; x_wconf 88' lang='lat'>77.</span> 
     </span>
    </p>
   </div>
   <div class='ocr_carea' id='block_1_4' title="bbox 2572 565 2580 818">
    <p class='ocr_par' dir='ltr' id='par_1_5' title="bbox 2572 565 2580 818">
     <span class='ocr_line' id='line_1_41' title="bbox 2572 565 2580 818; textangle 90"><span class='ocrx_word' id='word_1_482' title='bbox 2577 814 2580 818; x_wconf 91' lang='lat'>.</span> <span class='ocrx_word' id='word_1_483' title='bbox 2575 779 2580 799; x_wconf 31' lang='grc' dir='ltr'>,ἐ</span> <span class='ocrx_word' id='word_1_484' title='bbox 2576 759 2580 770; x_wconf 75' lang='grc'>-</span> <span class='ocrx_word' id='word_1_485' title='bbox 2572 565 2580 753; x_wconf 40' lang='grc' dir='ltr'>[Μαί-..ΜΨ</span> 
     </span>
    </p>
   </div>
  </div>
 </body>
</html>
