2580 3528
431 395 496 427 332
1017 405 1335 427 CHARTULARIUM
1371 404 1560 426 Uvasns.
1597 404 1725 426 rmus.
2208 396 2307 437 [1256

434 478 619 524 tranquilli
653 485 768 512 status
801 478 963 511 fidelium
998 479 1147 512 anexius
1182 485 1409 524 persecutor,
1444 478 1628 511 interserit
1664 478 1759 519 odia,
1792 491 1962 513 rancores
1996 480 2142 526 ingerit,
2171 480 2308 513 livores

433 545 609 586 accendit,
633 552 754 579 movet
777 545 874 587 lites,
890 545 1013 590 jurgia
1035 545 1198 586 suscitat,
1219 545 1473 578 contentiones
1494 545 1622 586 irritat,
1644 551 1745 589 parat
1764 545 1977 586 seditiones,
2001 553 2036 579 et
2055 546 2308 580 dissensiones

435 618 615 657 procurat,
643 618 679 645 et
706 611 853 645 illorum
881 612 1000 653 etiam,
1028 612 1088 656 qui
1115 611 1352 656 perfectiores
1378 618 1413 644 et
1438 611 1618 644 firmiores
1646 622 1728 644 esse
1753 612 1964 654 creduntur,
1991 613 2173 646 interdum
2199 613 2307 647 corda

435 678 627 719 subvertit,
662 685 697 711 et
730 678 780 710 ibi
816 678 931 723 magis
965 678 1160 723 impietatis
1201 689 1266 710 sue
1306 677 1489 710 machinas
1525 677 1668 722 erigere
1705 689 1743 710 ac
1781 678 1943 723 nequitie
1976 679 2072 713 faces
2109 680 2308 713 accendere

435 746 574 786 nititur,
601 745 663 778 ubi
692 745 769 778 fore
798 744 879 789 plus
908 744 1050 777 estimat
1075 744 1311 789 malignitatis
1341 755 1406 776 sue
1431 744 1619 776 conamina
1645 743 1825 777 obfutura.
1852 745 1943 778 Jacit
1968 746 2117 791 iniquus
2142 746 2308 792 laqueos,

435 812 582 857 pedicas
608 811 732 852 obicit,
760 811 862 856 ponit
886 810 1102 851 tendiculas,
1125 817 1164 843 ut
1190 810 1447 855 prudentiores
1472 810 1578 843 etiam
1605 810 1811 855 intercipiat
1831 817 1866 844 et
1885 812 2052 856 captivet.
2075 813 2166 846 Hinc
2187 813 2310 846 turba-

435 879 553 911 tiones
581 878 761 918 oriuntur,
793 883 950 921 surgunt
976 876 1177 917 inimicitie,
1201 876 1352 909 dissidia
1384 876 1578 921 prodeunt,
1605 883 1639 909 et
1665 876 1831 910 scandala
1862 885 2095 922 generantur.
2124 879 2230 912 Unde
2257 879 2310 913 sic

430 946 502 990 jam
532 944 695 977 seculum
725 943 920 976 declinavit
948 943 993 975 ad
1023 942 1169 982 malum,
1201 943 1299 987 quod
1326 942 1623 976 excrescentibus
1652 949 1687 976 et
1712 943 2022 978 invalescentibus
2050 945 2088 978 in
2118 957 2161 978 eo
2191 946 2310 979 noxiis

435 1011 538 1056 quasi
559 1011 617 1044 vix
638 1010 740 1043 locus
762 1010 798 1042 in
819 1010 899 1054 ipso
917 1009 1137 1042 salutaribus
1157 1010 1358 1050 invenitur,
1377 1009 1574 1042 et’exclusa
1594 1010 1670 1042 fere
1691 1010 1776 1043 inde
1797 1011 2005 1053 concordia,
2024 1012 2127 1057 quasi
2144 1011 2310 1046 stabilem

435 1078 485 1110 ibi
519 1077 628 1110 hahet
661 1076 844 1110 discordia
878 1076 1117 1109 mansionem.
1148 1077 1267 1119 Quare.
1298 1083 1443 1121 oportet
1477 1088 1563 1109 cura
1598 1077 1809 1110 incessabili
1838 1077 2003 1123 vigilare,
2035 1085 2075 1112 ut
2107 1078 2247 1112 detorta
2277 1086 2313 1112 et

435 1150 604 1189 corrupta
637 1155 701 1188 per
733 1143 909 1176 maliciam
938 1142 1111 1176 bonitatis
1137 1143 1270 1176 virtute
1303 1143 1548 1176 rectificentur
1575 1150 1611 1176 et
1637 1144 1893 1186 reformentur,
1923 1144 2064 1178 divulsa
2093 1157 2159 1191 per
2187 1145 2311 1179 odium

433 1211 579 1244 caritate
609 1210 783 1255 ligentur,
811 1217 846 1243 et
870 1216 1049 1243 commota
1079 1210 1207 1242 sistant
1234 1216 1269 1242 et
1294 1216 1463 1255 pausent3
1493 1209 1649 1243 habeant
1677 1210 1818 1244 turbata
1847 1211 2096 1257 tranquillum,
2128 1219 2164 1246 et
2197 1218 2312 1246 status

433 1277 596 1311 fidelium
617 1289 762 1322 semper
782 1277 819 1309 in
836 1276 966 1309 melius
986 1276 1192 1309 roboretur.
1212 1277 1304 1309 Sane
1326 1276 1471 1321 quidam
1493 1276 1673 1322 scripture
1695 1289 1796 1310 sacre
1817 1278 2095 1324 intelligentiam
2117 1291 2156 1312 se
2177 1278 2312 1312 habere

433 1345 601 1386 fatentes,
631 1344 697 1377 sed
727 1343 950 1376 divertentes
979 1355 997 1375 a
1026 1343 1167 1375 tramite
1197 1343 1287 1376 recti
1314 1355 1460 1384 sensus,
1488 1343 1741 1388 cogitaverunt
1768 1356 1885 1390 nuper
1910 1345 2095 1387 malitiam,
2123 1352 2159 1379 et
2187 1352 2312 1379 contra

433 1412 649 1444 innocentes
679 1417 715 1443 et
741 1417 860 1443 rectos
890 1410 1116 1454 iniquitatem
1152 1410 1339 1442 maximam
1375 1417 1460 1443 sunt
1493 1410 1618 1452 locuti,
1650 1418 1865 1445 exarserunt
1890 1412 1927 1444 in
1957 1411 2131 1446 cordibus
2158 1412 2249 1455 suis,
2277 1419 2314 1446 et

434 1479 559 1523 lingua
594 1489 719 1510 eorum
755 1476 949 1521 maliloqua
984 1475 1107 1508 dolum
1143 1483 1178 1509 et
1211 1476 1408 1521 nequitiam
1448 1477 1696 1518 concinnavit;
1733 1485 1930 1523 surgentes
1968 1479 2144 1512 adversus
2182 1479 2313 1512 fratres

435 1545 681 1585 detraxerunt,
703 1550 739 1576 et
758 1549 882 1576 contra
904 1542 1058 1575 dilectos
1079 1543 1203 1575 matris
1225 1543 1379 1576 ecclesie
1401 1542 1497 1576 filios
1518 1544 1727 1577 scandalum
1750 1556 1919 1590 posuere.
1942 1545 2130 1588 Prodiere,
2151 1546 2311 1591 inquam,

435 1618 471 1644 et
490 1611 527 1643 in
548 1622 656 1655 prava
676 1616 878 1642 commenta
905 1621 948 1642 ex
973 1609 1085 1642 nimio
1107 1609 1227 1642 calore
1253 1610 1362 1642 animi
1390 1617 1649 1655 proruperunt,
1670 1610 1837 1644 libellum
1862 1612 2043 1657 quendam
2064 1612 2170 1646 valde
2190 1612 2315 1658 perni-

435 1677 576 1710 ciosum
611 1683 646 1709 et
679 1675 931 1709 detestabilem
965 1682 1102 1708 temere
1127 1677 1423 1720 componentes¹,
1458 1676 1622 1709 libellum
1658 1678 1806 1722 quidem
1842 1690 1915 1711 non
1950 1678 2218 1720 rationabilem,
2248 1678 2315 1712 sed

435 1742 723 1789 reprobabilem,
763 1754 836 1775 non
875 1742 1054 1784 veritatis,
1096 1742 1161 1775 sed
1200 1743 1397 1784 mendacii,
1438 1755 1511 1776 non
1551 1743 1788 1786 eruditionis,
1829 1745 1895 1777 sed
1933 1745 2202 1790 derogationis,
2240 1756 2315 1778 non

436 1816 657 1848 monentem,
680 1809 745 1842 sed
767 1809 1007 1850 mordentem,
1030 1821 1103 1841 non
1124 1809 1364 1842 instruentem
1386 1810 1574 1851 veraciter,
1598 1811 1662 1843 sed
1683 1810 1882 1853 fallentem,
1905 1823 2010 1856 quem
2033 1823 2102 1845 nos
2122 1812 2167 1845 ad
2188 1811 2314 1845 sedem

436 1876 594 1910 delatum
616 1875 851 1921 apostolicam
872 1875 1073 1909 venerabili
1093 1876 1193 1908 fratri
1216 1902 1236 1908 ..
1260 1876 1432 1921 episcopo
1454 1876 1680 1910 Tusculano’
1703 1884 1738 1910 et
1758 1877 1902 1911 dilectis
1923 1877 2008 1911 filiis
2030 1878 2166 1912 nostris
2186 1879 2238 1912 J.³
2258 1878 2311 1911 ti't.

438 1944 557 1977 Sancti
585 1942 769 1976 Laurentii
795 1942 831 1974 in
857 1942 1004 1983 Lucina,
1031 1948 1067 1975 et
1092 1942 1155 1974 Hs·
1182 1942 1234 1975 tit.
1259 1943 1386 1976 Sancte
1414 1942 1546 1976 Sabine
1572 1943 1810 1989 presbyteris,
1833 1951 1868 1977 et
1886 1945 1940 1978 .Ι.5
1968 1945 2088 1978 Sancti
2113 1944 2252 1978 Nicolai
2276 1945 2315 1978 in

438 2021 582 2043 carcere
608 2009 775 2042 Tulliano
802 2009 955 2041 diacono
981 2008 1227 2042 cardinalibus
1254 2009 1531 2042 examinandum
1557 2010 1820 2052 commisimus,
1846 2018 1885 2044 ut
1914 2011 2021 2056 plene
2049 2012 2168 2057 ipsum
2198 2011 2314 2057 inspi-

437 2083 574 2117 cerent,
612 2082 648 2108 et
680 2075 850 2108 universa
883 2081 1051 2107 contenta
1079 2075 1116 2107 in
1144 2087 1187 2108 eo
1216 2076 1375 2120 perfecte
1407 2076 1637 2110 attenderent
1663 2083 1698 2110 et
1727 2077 1953 2110 discuterent
1987 2077 2196 2123 diligenter.
2232 2078 2313 2121 Quo

438 2142 606 2176 studiose
627 2141 788 2187 perlecto
809 2148 845 2174 et
868 2148 1006 2174 mature
1032 2154 1071 2174 ac
1097 2141 1261 2175 districte
1287 2143 1520 2185 examinato⁸,
1547 2143 1728 2189 nobisque
1753 2144 1798 2177 de
1823 2143 1891 2177 hoc
1917 2143 2078 2189 plenaria
2103 2144 2194 2177 facta
2218 2143 2312 2177 rela-

438 2209 536 2242 tione
556 2208 600 2241 ab
621 2209 688 2250 eis,
711 2208 793 2253 quia
818 2208 855 2240 in
883 2208 962 2253 ipso
993 2208 1147 2253 quedam
1175 2220 1346 2253 perversa
1373 2216 1408 2242 et
1433 2209 1587 2254 reproba
1613 2217 1737 2243 contra
1763 2203 1977 2256 potestatem
2004 2217 2040 2244 et
2065 2211 2314 2244 auctoritatem

439 2275 589 2308 Romani
615 2274 798 2320 pontificis
826 2281 861 2307 et
886 2274 1189 2319 coepiscoporum
1218 2287 1384 2316 suorum3
1408 2282 1443 2308 et
1463 2276 1638 2310 nonnulla
1661 2284 1785 2310 contra
1813 2277 1911 2319 illos,
1934 2277 1995 2322 qui
2020 2283 2169 2322 propter
2198 2278 2313 2311 Deum

439 2342 507 2375 sub
525 2342 705 2374 artissima
723 2347 931 2386 paupertate
951 2341 1158 2374 mendicant
1176 2342 1348 2374 mundum
1369 2354 1449 2375 cum
1469 2343 1547 2376 suis
1568 2343 1700 2388 opibus
1720 2343 1922 2377 voluntaria
1940 2344 2062 2388 inopia
2080 2350 2312 2389 superantes;

440 2409 506 2442 alia
527 2420 614 2441 vero
635 2414 759 2440 contra
785 2419 861 2448 eos,
885 2407 946 2452 qui
968 2407 1119 2440 salutem
1142 2408 1341 2441 animarum
1363 2409 1523 2442 zelantes
1544 2410 1714 2443 ardenter
1735 2417 1770 2443 et
1790 2411 1903 2444 sacris
1925 2410 2057 2443 studiis
2078 2415 2316 2455 procurantes

442 2475 575 2507 multos
605 2475 641 2507 in
672 2474 825 2507 ecclesia
855 2474 921 2507 Dei
951 2481 1148 2519 operantur
1176 2475 1386 2520 spirituales
1415 2477 1615 2521 profectus,
1646 2483 1682 2510 et
1706 2489 1876 2522 magnum
1902 2477 2039 2510 faciunt
2062 2475 2113 2509 ibi
2137 2476 2314 2516 sructum;

442 2541 595 2586 quedam
623 2548 740 2574 autem
771 2547 895 2574 contra
923 2540 1095 2574 salutem⁷
1125 2553 1322 2586 pauperum
1354 2554 1419 2575 seu
1448 2543 1730 2576 mendicantium
1759 2543 2017 2588 religiosorum
2046 2549 2191 2584 statum,
2221 2541 2317 2575 sicut

443 2614 526 2640 sunt
559 2607 681 2640 dilecti
715 2607 780 2639 filii
814 2608 943 2640 fratres
979 2607 1231 2641 Predicatores
1266 2615 1301 2641 et
1335 2609 1512 2651 Minores,
1540 2610 1601 2654 qui
1628 2610 1755 2655 vigore
1783 2610 1934 2655 spiritus
1962 2609 2087 2642 seculo
2122 2620 2202 2641 cum
2238 2606 2332 2641 suis*

444 2673 580 2706 divitiis
605 2673 779 2705 derelicto
801 2673 844 2705 ad
866 2673 978 2706 solam
1000 2673 1172 2706 celestem
1195 2675 1343 2719 patriam
1366 2681 1437 2708 tota
1459 2675 1661 2708 intentione
1683 2676 1884 2721 suspirant;
1907 2687 2051 2708 necnon
2071 2681 2107 2707 et
2125 2673 2193 2707 alia
2213 2673 2317 2719 plura

444 2739 735 2772 inconvenientia
766 2739 875 2784 digna
904 2739 1028 2784 utique
1058 2741 1303 2774 confutatione
1330 2753 1370 2774 ac
1400 2742 1616 2775 confusione
1644 2748 1818 2787 perpetua
1847 2741 2036 2774 manifeste
2071 2739 2316 2785 comperimus

397 2829 407 2838 .
444 2805 641 2846 contineri3
661 2805 743 2849 quia
760 2805 864 2837 etiam
883 2805 977 2838 idem
995 2805 1144 2839 libellus
1161 2807 1283 2852 magni
1305 2807 1465 2840 scandali
1487 2808 1721 2841 seminarium
1742 2814 1778 2841 et
1797 2807 1909 2840 multe
1930 2806 2148 2840 turbationis
2169 2805 2317 2839 materia

446 2871 623 2904 existebat
651 2878 687 2904 et
712 2870 907 2903 inducebat
931 2871 1035 2904 ctiam
1063 2872 1294 2917 dispendium
1322 2874 1535 2915 animarum,
1557 2886 1637 2907 cum
1663 2873 1864 2907 retraheret
1887 2886 1906 2906 a
1932 2873 2126 2907 devotione
2152 2872 2258 2905 solita
2282 2878 2319 2905 et

446 2944 631 2979 consueta,
662 2937 943 2970 elemosinarum
970 2937 1163 2982 largitione
1189 2951 1228 2972 ac
1255 2952 1273 2973 a
1301 2940 1542 2973 conversione
1573 2947 1608 2973 et
1634 2940 1826 2985 religionis
1856 2940 2029 2985 ingressu
2056 2939 2184 2972 fideles
2211 2950 2219 2971 :
2249 2949 2317 2971 nos
