2580 3528
491 391 556 423 566
1074 396 1392 421 CHARTULARHJM
1427 394 1618 417 suivans.
1657 393 1786 416 rmus.
2267 384 2368 425 [1278

581 475 743 507 Fuerunt
780 473 883 506 etiam
923 472 1047 517 plures
1086 471 1146 504 alii
1185 470 1348 516 magistri
1389 476 1425 502 et
1460 468 1621 502 scolares
1659 480 1678 500 a
1716 467 1890 512 predictis
1929 467 2223 502 malefactoribus
2258 467 2365 514 capti,

491 541 643 582 detenti,
690 539 887 579 dilacerati,
932 538 1097 578 mutilati,
1143 544 1178 570 et
1221 537 1266 569 de
1305 536 1499 569 multorum
1541 541 1656 568 morte
1695 534 1855 569 timetur.
1895 535 1940 568 Et
1977 534 2022 567 de
2060 534 2141 569 istis
2180 534 2243 568 fiet
2278 534 2367 568 alias

494 606 707 652 expressius
737 605 844 639 nobis
875 617 1007 638 sermo.

581 675 743 706 Fuerunt
783 672 886 704 etiam
926 671 1086 716 quinque
1123 669 1178 702 vel
1224 681 1286 702 sex
1326 668 1487 702 scolares
1523 679 1588 700 seu
1628 667 1805 713 magistri,
1835 667 1880 701 de
1919 666 2053 713 quibus
2091 674 2233 702 constat
2268 667 2368 713 quod

491 741 639 773 fuerunt
674 752 691 772 a
729 738 902 784 predictis
940 735 1232 770 malefactoribus
1269 735 1445 780 fusfigafi,
1485 734 1679 775 verberati,
1719 734 1912 776 vulnerati,
1942 734 2155 768 incarcerati
2199 741 2235 768 et
2279 734 2367 768 alias

492 807 717 852 nequissime
743 805 893 845 tractati,
929 816 1008 836 cum
1041 802 1174 848 quibus
1205 802 1358 847 predicti
1388 801 1556 835 11101130111
1585 801 1767 835 mediante
1797 813 1923 834 eorum
1953 801 2106 847 pecunia
2134 801 2367 837 multitudine

491 873 638 918 copiosa
666 873 831 904 fecerunt
860 882 996 915 pacem,
1028 876 1176 914 propter
1206 868 1304 913 qnod
1335 868 1421 901 sciri
1450 880 1524 901 non
1555 874 1676 913 potest
1703 867 1820 901 adhuc
1854 867 2068 913 plenissime
2097 868 2159 914 qui
2188 868 2364 902 fecerunt.

581 940 706 971 Preter
735 937 803 970 hoc
834 937 939 969 etiam
971 936 1074 968 multi
1106 935 1149 968 de
1180 935 1367 968 monachis
1403 935 1623 980 supradictis
1658 947 1739 968 cum
1774 934 1899 969 multis
1933 934 2014 968 aliis
2049 935 2209 980 desuper
2242 946 2367 972 muros

492 1004 701 1038 monasterii
733 1004 766 1036 S.
799 1003 971 1036 Germani
1006 1002 1145 1047 lapides
1177 1008 1211 1035 et
1241 1001 1390 1047 sagittas
1426 1002 1463 1034 in
1499 1001 1684 1047 predictos
1719 1001 1881 1035 scolares
1915 1001 2165 1047 multipliciter
2197 1001 2368 1035 immitte-

491 1071 577 1104 bant
605 1077 639 1103 et
669 1069 868 1103 trahebant.

580 1137 713 1169 Effecta
739 1136 858 1169 onmia
885 1135 1091 1180 supradicta
1123 1135 1277 1181 predicti
1308 1135 1419 1168 abbas
1450 1141 1486 1168 et
1514 1134 1683 1168 monachi
1711 1135 1877 1169 fecerunt
1906 1141 1942 1168 et
1970 1142 2105 1169 temere
2134 1141 2365 1178 attentarunt,

492 1204 528 1236 in
555 1203 655 1236 nullo
681 1203 827 1248 penitus
853 1202 954 1247 prius
980 1214 998 1235 a
1025 1201 1228 1235 scolaribus
1259 1213 1326 1235 seu
1356 1201 1541 1247 magistris
1570 1202 1624 1235 eis
1655 1202 1840 1246 injuriato,
1874 1208 1910 1235 et
1937 1200 2183 1247 pendentibus
2213 1200 2367 1243 nichilo—

492 1270 611 1303 minus
637 1270 829 1314 questione
856 1276 891 1301 et
915 1275 1065 1302 tractatu
1087 1269 1186 1314 pacis
1209 1269 1253 1302 de
1275 1268 1407 1302 mediis
1430 1268 1567 1302 finibus
1590 1268 1685 1301 inter
1707 1268 1893 1314 predictos
1913 1267 2078 1302 abbatem
2100 1275 2135 1301 et
2154 1268 2366 1310 monachos,

491 1348 526 1374 et
555 1341 749 1386 magistros
780 1347 815 1373 et
844 1340 1017 1381 scolares,
1045 1340 1139 1385 que⁸
1172 1339 1481 1373 reverendissime
1520 1340 1727 1385 paternitati
1764 1340 1907 1373 vestre⁸
1937 1339 2091 1385 predicti
2129 1339 2295 1385 magistri
2333 1345 2369 1375 et

491 1407 650 1440 scolares
676 1407 870 1440 ostendere
896 1407 1106 1448 noluerunt,
1134 1418 1327 1452 quousque
1355 1418 1466 1452 super
1491 1406 1582 1452 ipsis
1612 1406 1894 1452 inquisivissent
1922 1406 2136 1452 plenissime
2165 1406 2365 1442 veritatem.

491 1475 569 1517 Que
594 1474 665 1506 nisi
691 1473 996 1507 reverendissima
1021 1480 1140 1506 vestra
1166 1473 1363 1519 paternitas
1387 1473 1479 1506 infra
1505 1485 1549 1506 xv
1571 1473 1651 1507 dies
1671 1473 1800 1506 fecerit
1821 1473 2020 1514 emendari,
2046 1479 2118 1506 tota
2140 1472 2367 1509 Universitas

490 1553 508 1573 a
534 1540 753 1573 lectionibus
779 1540 947 1573 cessabit.
977 1540 1079 1573 Istud
1105 1540 1200 1573 enim
1227 1547 1284 1574 est
1307 1540 1456 1573 unicum
1482 1552 1607 1573 eorum
1635 1539 1834 1585 refugium,
1861 1552 1942 1573 cum
1969 1540 2043 1573 sint
2066 1539 2261 1573 multitudo
2286 1538 2368 1576 alie-

491 1607 704 1652 nigenarum
738 1607 900 1648 inermis⁷
928 1607 1062 1652 quibus
1093 1606 1137 1640 ab
1167 1607 1354 1652 indigenis
1384 1613 1526 1640 atroces
1557 1607 1691 1652 injurie
1721 1607 1950 1653 frequentius
1980 1606 2201 1652 irrogantur.
2229 1607 2274 1641 Et
2298 1606 2367 1643 ista

491 1674 651 1719 predicta
677 1674 811 1719 flagitia
836 1681 1039 1719 perpetrata
1063 1674 1212 1707 suerunt
1239 1674 1298 1707 die
1326 1674 1495 1707 veneris⁷
1526 1680 1610 1719 post
1633 1674 1767 1707 festum
1793 1673 2058 1707 Translationis
2084 1673 2119 1707 S.
2147 1672 2366 1710 Nicolai·.,⁴Si

491 1752 559 1785 qua
585 1747 702 1773 autem
728 1741 934 1785 gravamina
959 1753 977 1773 a
1003 1740 1154 1774 ribaldis
1179 1740 1237 1774 vel
1263 1740 1343 1774 aliis
1370 1740 1541 1786 personis
1567 1740 1658 1786 ipsis
1685 1739 1806 1774 abbati
1829 1746 1866 1774 et
1889 1739 2077 1774 monachis
2099 1740 2235 1774 suerint
2255 1739 2366 1780 illata,

490 1806 558 1839 hoc
583 1807 651 1840 fuit
674 1807 732 1839 die
758 1807 897 1840 sabbati
924 1808 1105 1852 sequenti.

583 1905 705 1934 Bulaeus,
723 1905 768 1934 111,
784 1906 830 1929 453
850 1907 999 1937 (perperam
1014 1907 1047 1929 ad
1063 1914 1104 1930 an.
1122 1906 1183 1929 1280
1197 1907 1334 1936 reserens),
1350 1914 1381 1929 cx
1395 1906 1488 1929 charta
1508 1905 1633 1937 originali
1649 1905 1754 1937 signata
1769 1905 1798 1929 B.
1815 1907 1838 1929 5.
1854 1913 1878 1934 a,
1895 1913 1974 1937 quam
1989 1906 2089 1929 frustra
2103 1905 2304 1937 quaerebamus,
2320 1913 2368 1929 nee

491 1949 569 1972 etiam
588 1952 673 1973 exstat
686 1949 713 1972 in
728 1950 804 1973 Arch.
821 1953 873 1973 nat.
891 1950 975 1974 Paris.
992 1951 1018 1974 S.
1035 1951 1147 1979 6186-91,
1163 1951 1209 1974 ubi
1226 1950 1295 1975 inter
1310 1950 1363 1974 alia
1378 1953 1570 1974 conservantur
1585 1950 1751 1980 documenta,
1767 1958 1834 1981 quae
1849 1950 1882 1974 ad
1896 1949 2138 1975 Prd—auoe-C'lercs
2150 1949 2304 1981 respiciunt.
2316 1950 2368 1975 Sed

488 1993 543 2025 jam
558 1994 602 2017 diu
613 1994 789 2022 desideratum
804 1995 916 2026 legimus
930 1995 1000 2018 enim
1015 1995 1042 2018 in
1057 1995 1224 2020 Inventaire
1236 1995 1313 2019 Arch.
1330 1995 1451 2019 Univers.
1468 1999 1497 2018 n⁰
1511 1995 1542 2018 98
1557 1995 1591 2018 ad
1605 1995 1634 2018 B.
1650 1996 1664 2018 5
1677 2002 1683 2018 2
1699 1993 1826 2026 nanque
1839 1994 1867 2019 la
1879 1998 1949 2019 cone
1962 1994 2074 2019 entiere.
2090 1994 2209 2019 Desunt.

587 2079 608 2102 1.
628 2079 712 2102 Causa
730 2079 808 2110 hujus
824 2080 969 2103 atrocitatis
988 2088 1019 2103 ex
1037 2083 1113 2112 parte
1128 2080 1317 2103 monachorum
1333 2080 1359 2104 S.
1376 2080 1501 2104 Germani
1515 2081 1629 2104 refertur
1643 2080 1714 2103 infra
1727 2079 1761 2102 11¹⁸
1775 2080 1830 2108 482,
1845 2080 1901 2103 484.
1912 2093 1943 2097 —
1953 2080 1975 2103 2.
1992 2080 2012 2103 1.
2029 2088 2050 2103 e.
2067 2079 2267 2103 administrator
2278 2086 2368 2104 monu-

492 2122 575 2151 sterii,
591 2123 641 2146 isto
656 2127 773 2155 tempore
789 2125 870 2147 frater
885 2125 1034 2156 Stephanus
1050 2125 1082 2148 de
1097 2125 1245 2153 pontisara,
1262 2124 1406 2148 monachus
1422 2124 1540 2156 ejusdem
1555 2128 1678 2153 monast„
1695 2132 1707 2148 «
1723 2132 1801 2156 quem
1820 2124 1853 2147 ad
1874 2124 2029 2148 scandalum
2044 2124 2189 2147 sedandum
2203 2123 2291 2148 officio
2303 2131 2367 2156 pre-

492 2167 609 2198 positure
627 2168 743 2199 privavit
759 2177 770 2191 1)
786 2169 928 2193 cardinalis
951 2170 1054 2201 legatus
1077 2169 1176 2198 Simon,
1199 2169 1340 2201 ipsumque
1359 2169 1387 2192 in
1409 2169 1499 2201 aliqua
1518 2169 1698 2193 Cluniacensis
1718 2168 1873 2192 monasterii
1891 2169 1958 2193 cella
1979 2169 2013 2192 ad
2026 2168 2216 2200 paenitentiam
2229 2168 2296 2192 inibi
2309 2176 2368 2200 por·

493 2213 622 2243 agendam
643 2221 691 2243 per
713 2213 919 2244 quinquennium
941 2214 1041 2237 recludi
1062 2214 1206 2242 mandavit,
1228 2217 1257 2237 ut
1276 2213 1418 2237 ediscimus
1438 2221 1469 2238 ex
1487 2213 1583 2238 litteris
1603 2213 1704 2237 Nicolui
1723 2214 1757 2237 lv
1776 2214 1810 2237 ad
1829 2213 1918 2237 abbat.
1942 2213 1968 2237 S.
1992 2213 2116 2238 Germani
2138 2213 2170 2237 de
2189 2213 2274 2237 pratis
2294 2212 2313 2244 ij
2329 2212 2366 2238 id·

492 2257 601 2280 Januar.
618 2265 659 2280 an.
676 2258 690 2280 4
706 2257 821 2281 directis.
838 2258 901 2289 Reg.
917 2259 975 2282 Vat.
990 2258 1091 2282 Nicolai
1107 2259 1140 2282 IV
1155 2267 1196 2282 an.
1213 2259 1237 2287 4,
1254 2266 1295 2290 ep.
1311 2259 1366 2287 692,
1384 2258 1429 2282 fol.
1445 2258 1518 2282 1385.
1540 2258 1668 2283 Vidimus
1683 2258 1755 2290 apud
1770 2257 1909 2286 Bouillart,
1924 2258 1997 2283 Hist.
2013 2259 2046 2282 de
2062 2257 2184 2289 l'abbaye
2203 2258 2237 2282 de
2251 2257 2279 2282 S.
2297 2257 2367 2282 Ger-

495 2301 582 2329 main,
600 2306 629 2323 n⁰
647 2302 700 2330 103,
717 2310 743 2333 p,
762 2302 847 2326 LXIX.
864 2303 900 2326 De
922 2303 971 2326 hoc
989 2304 1057 2326 facto
1075 2303 1182 2326 chartae
1199 2303 1329 2334 quaedam
1347 2306 1504 2334 supersunt;
1522 2311 1575 2326 una
1592 2303 1680 2326 lvonis
1698 2303 1722 2326 11
1739 2302 1843 2326 abbatis
1862 2302 1979 2326 Cluniae.
1998 2310 2040 2326 un.
2060 2302 2129 2330 1281,
2149 2303 2220 2334 Sept.
2238 2304 2266 2331 ὃς
2283 2301 2368 2326 alten

495 2345 640 2374 Humberti,
664 2346 762 2376 prioris
785 2347 912 2375 Cluniae„
934 2356 975 2371 an.
995 2348 1066 2377 1283,
1084 2347 1250 2376 Novembris,
1269 2347 1295 2370 in
1314 2355 1365 2379 qua
1386 2347 1510 2378 legimus,
1534 2347 1697 2379 Stephanum
1719 2346 1801 2371 fuisse
1822 2347 1955 2371 reclusum
1974 2355 1986 2370 α
2004 2347 2037 2370 ad
2054 2346 2207 2370 instantiam
2229 2345 2367 2370 111111101ιί-

494 2390 555 2413 tatis
574 2398 595 2413 ».
614 2390 751 2419 Bouillart,
771 2391 788 2414 l.
807 2400 839 2419 c.,
858 2391 891 2414 n¹³
907 2393 946 2420 99,
966 2393 1018 2416 100.
1038 2392 1126 2415 Abbas
1142 2392 1275 2416 Gerardus
1292 2395 1385 2424 sponte
1400 2392 1427 2415 in
1447 2391 1569 2415 manibus
1590 2391 1704 2415 Simonis
1724 2391 1806 2423 legati
1823 2391 1910 2415 officio
1931 2395 1957 2415 et
1977 2391 2100 2423 dignitati
2121 2391 2208 2415 cessit.
2234 2391 2273 2415 Cf.
2297 2390 2367 2415 infra

494 2438 522 2456 11ο
543 2435 597 2457 [184.
613 2448 643 2452 —
669 2436 691 2458 3.
708 2436 781 2466 Apud
807 2436 864 2459 Bul.
882 2445 887 2459 ¹.
906 2446 916 2459 «
934 2437 954 2460 R
970 2446 991 2460 ».
1016 2437 1098 2460 Immo
1121 2440 1161 2460 est
1181 2437 1304 2460 Nicolaus
1319 2437 1351 2460 de
1366 2437 1511 2460 Pressorio.
1535 2450 1567 2455 —
1585 2438 1608 2460 4,
1625 2436 1689 2460 Vide
1710 2444 1793 2468 supra
1814 2436 1847 2460 n¹⁸
1867 2437 1922 2465 444,
1938 2436 1993 2460 451.
2010 2449 2041 2454 -—-
2058 2438 2080 2460 5.
2099 2436 2159 2460 Bul.
2181 2443 2187 2460 z
2210 2444 2222 2460 (1
2238 2435 2283 2467 qui
2298 2443 2320 2459 11.
2337 2448 2367 2454 -

496 2479 519 2501 6.
536 2478 644 2507 Simoni,
663 2483 748 2510 apost.
767 2480 837 2503 sedis
854 2481 948 2512 legato.
965 2495 994 2499 --
1008 2483 1030 2505 7.
1047 2482 1107 2505 Maii
1124 2482 1162 2505 13.

496 2647 590 2684 481
601 2677 608 2684 .
639 2658 799 2694 Capitulum
814 2660 948 2693 gener-ale
967 2661 1032 2688 ord.
1050 2661 1154 2687 Praeti.
1173 2662 1226 2687 sub
1244 2662 1373 2688 Iohanne
1388 2661 1424 2688 de
1446 2662 1579 2689 Vercellis
1599 2661 1760 2688 Mediolani
1774 2661 1950 2688 celebratum
1965 2660 2036 2687 duos
2052 2660 2172 2687 lectores
2187 2661 2217 2686 in
2231 2659 2366 2695 Angliam

586 2706 672 2731 mittit
687 2710 717 2732 ut
732 2707 796 2732 illos
812 2709 919 2742 fratr-es
932 2709 1064 2744 puniant,
1084 2711 1133 2745 qui
1148 2710 1264 2747 scriptis
1283 2710 1405 2737 Thomae
1420 2711 1455 2737 de
1470 2711 1584 2747 Aquino
1601 2710 1803 2740 detraaeerant.

1639 2801 1712 2830 1278,
1728 2799 1803 2826 danto
1816 2800 1925 2829 ineunte,
1940 2798 2079 2825 Mediolani.

586 2869 816 2914 Injungimus
853 2870 1015 2904 districte
1054 2872 1153 2905 fratri
1194 2874 1404 2919 Raymundo
1440 2874 1486 2907 de
1521 2874 1752 2908 Medulione¹
1794 2880 1830 2907 et
1869 2873 1971 2906 fratri
2006 2872 2162 2906 Johanni
2193 2872 2366 2918 Vigorosi

496 2934 621 2967 lectori
656 2936 996 2981 Mmffispesulani',
1032 2944 1070 2970 ut
1101 2951 1181 2971 cum
1213 2940 1445 2974 festinatione
1478 2941 1610 2974 vadant
1639 2941 1677 2973 in
1705 2939 1892 2986 Angliam,
1926 2939 2136 2984 inquisituri
2170 2938 2366 2984 diligenter
