2580 3528
481 387 549 420 336
1067 397 1387 418 CHARTULAIUUM
1423 396 1613 418 umvnas.
1650 395 1779 417 mals.
1847 433 1850 435 ι
2231 382 2360 424 .[1256

482 483 544 504 ora
565 470 759 515 maliloqua
781 470 987 503 relaxando.
1010 471 1101 504 Cum
1129 470 1241 515 igitur
1266 470 1376 503 iidem
1398 469 1556 503 Ordines
1580 469 1716 502 fuerint.
1742 469 1879 502 dudum
1900 481 1919 501 a
1940 468 2027 501 sede
2047 466 2246 513 apostolica
2266 466 2362 500 sicut

483 538 590 579 sacri,
612 537 699 570 clari
720 544 756 570 et
775 537 964 582 conspicui
992 536 1192 582 approbati,
1217 549 1260 569 ex
1285 536 1419 581 quibus
1441 537 1514 581 jam
1546 536 1713 569 nonnulli
1742 536 1872 568 fratres
1901 535 1945 568 ad
1977 546 2170 580 supernam
2198 533 2360 579 provecti

484 604 635 649 patriam
664 604 701 636 in
729 610 936 637 sanctorum
964 615 1116 636 numero
1145 610 1230 636 sunt
1254 603 1402 648 ascripti
1429 609 1464 635 et
1489 602 1589 635 velut
1614 602 1809 635 eminentia
1837 601 2052 635 candelabra
2078 608 2113 634 et
2138 601 2210 634 duo
2231 611 2360 646 magna

484 670 675 703 luminaria
702 670 739 702 in
767 669 921 703 ecclesia
948 670 1013 702 Dei
1041 669 1197 711 luceant,
1223 681 1263 702 ac
1288 669 1332 702 ab
1358 669 1520 714 ipsorum
1545 668 1732 709 fratribus,
1760 674 1796 701 et
1819 667 2022 701 cultoribus
2048 674 2171 701 sancte
2196 666 2360 700 doctrine

484 736 608 769 lumen
629 736 852 769 diffundatur
873 736 1008 780 ubique
1030 748 1095 781 per
1116 735 1256 777 orbem,
1273 735 1410 769 Christi
1432 735 1660 780 evangelium
1682 734 1852 767 ardenter
1872 741 1908 767 et
1926 734 2118 767 efficaciter
2138 733 2360 779 predicetur,

483 815 522 836 ac
550 810 645 836 recta
671 809 707 835 et
731 815 815 836 sana
842 802 994 835 consilia
1020 809 1055 835 et
1081 802 1244 847 exempla
1275 801 1443 834 salutaria
1472 801 1711 846 prebeantur3
1739 813 1820 833 cum
1850 801 1956 834 etiam
1984 800 2071 834 dicti
2098 801 2228 834 fratres
2257 811 2360 833 sacre

483 870 664 914 scripture
685 881 723 902 ac
744 869 846 902 verbi
869 869 934 901 Dei
956 868 1077 901 studio
1095 875 1130 901 et
1145 868 1345 901 animarum
1363 867 1588 912 profectibus
1610 879 1753 900 necnon
1774 867 1908 900 divinis
1930 867 2059 900 officiis
2079 873 2114 900 et
2134 866 2361 900 orationibus

483 936 661 968 instanter
688 942 723 967 et
754 935 980 967 incessanter
1008 934 1209 975 intendant,
1243 945 1469 978 nequaquam
1502 939 1705 966 marcentes
1735 933 1823 973 otio,
1856 933 1921 966 sed
1953 945 2064 978 opere
2091 944 2130 966 se
2160 933 2296 978 optimo
2326 939 2364 966 et

484 1001 674 1046 potissimo
701 1007 926 1041 exercentes,
950 1013 1029 1033 cum
1056 1001 1232 1045 sapientia
1260 1012 1352 1045 opus
1381 1000 1510 1033 existat
1534 999 1741 1041 maximum,
1763 1011 1830 1032 nec
1852 999 1926 1032 sint
1946 999 2062 1044 pluris
2083 999 2144 1044 qui
2166 1005 2362 1044 operantur
2388 987 2391 990 Ι

484 1068 656 1108 exterius,
675 1080 780 1112 quam
802 1068 863 1112 qui
885 1067 1045 1100 studium
1067 1067 1324 1112 cognoscende
1347 1067 1545 1100 divinitatis
1567 1073 1737 1099 exercent
1752 1066 1861 1110 (unde
1883 1073 1918 1099 et
1938 1066 2115 1099 Dominus
2135 1066 2362 1099 ministrante

483 1146 522 1167 ac
549 1141 721 1179 operante
748 1134 898 1175 Martha,
927 1134 1039 1166 Marie
1065 1134 1299 1174 audientiam,
1325 1134 1576 1175 attentionem,
1598 1140 1634 1166 et
1654 1133 1814 1166 studium
1841 1133 1935 1166 circa
1959 1132 2111 1166 verbum
2136 1132 2254 1178 ipsius
2281 1144 2363 1178 pre-

483 1201 588 1246 cipue
615 1201 912 1244 commendavit),'
935 1213 978 1233 ex
1004 1213 1075 1245 quo
1102 1200 1243 1245 liquido
1266 1207 1374 1245 patet,
1397 1201 1527 1233 fratres
1553 1200 1654 1245 ipsos
1675 1200 1718 1233 ad
1741 1200 1964 1245 operandum
1992 1199 2069 1233 suis
2097 1198 2262 1232 manibus
2289 1211 2363 1232 non

484 1268 600 1300 teneri
628 1279 635 1300 :
663 1268 864 1312 quinimmo
899 1267 930 1300 si
965 1267 1035 1300 hiis
1070 1267 1292 1300 intermissis
1327 1266 1494 1300 laborent
1528 1266 1708 1308 manibus,
1745 1267 1884 1312 potiora
1919 1267 2044 1312 utique
2079 1273 2114 1299 et
2147 1266 2292 1299 utiliora
2325 1266 2363 1300 in

485 1335 624 1367 minora
650 1335 843 1379 minusque
869 1334 970 1367 utilia
996 1346 1106 1379 opera
1132 1346 1204 1367 non
1233 1334 1312 1367 sine
1338 1334 1537 1367 animarum
1564 1333 1758 1379 dispendio
1789 1339 2069 1375 commutarentg
2102 1345 2182 1366 cum
2212 1333 2364 1379 insuper

485 1401 594 1434 iidem
629 1402 759 1434 fratres
794 1401 913 1433 omnia
949 1408 1098 1446 propter
1128 1402 1243 1433 Deum
1275 1400 1504 1445 reliquerint,
1533 1400 1639 1433 exilia
1664 1401 1736 1434 vite
1767 1399 1931 1433 subsidia
1959 1400 2207 1433 mendicantes
2237 1399 2364 1434 Chris-

486 1474 634 1512 tumque
662 1467 849 1500 imitentur
879 1479 1088 1512 pauperem,
1120 1467 1380 1512 perfectionem
1412 1466 1659 1512 evangelicam
1694 1466 1946 1512 amplexando,
1979 1473 2127 1512 propter
2157 1466 2254 1511 quod
2289 1465 2364 1500 evi-

486 1534 615 1566 denter
634 1540 794 1579 apparet,
817 1546 881 1566 eos
903 1534 939 1566 in
961 1540 1054 1567 statu
1077 1534 1232 1567 existere
1254 1533 1525 1575 salvandorum⁷
1547 1540 1583 1566 et
1603 1545 1668 1578 per
1689 1545 1754 1566 sue
1775 1533 1969 1579 religionis
1990 1532 2270 1574 observantiam,
2293 1544 2364 1578 que

486 1600 632 1645 quidem
661 1601 778 1645 ipsius
804 1601 1040 1645 perfectionis
1067 1600 1276 1646 evangelice
1298 1607 1397 1633 tenet
1417 1601 1581 1641 formam,
1604 1607 1728 1633 eterna
1755 1600 1892 1645 premia
1913 1600 2132 1645 promereri,
2155 1611 2235 1632 cum
2258 1599 2364 1632 etiam

487 1667 531 1699 de
562 1666 706 1699 licentia
736 1666 793 1700 vel
823 1667 1082 1700 commissione
1113 1673 1172 1699 aut
1201 1667 1441 1699 concessione
1473 1667 1623 1699 Romani
1654 1666 1838 1711 pontificis
1868 1678 1933 1699 seu
1963 1666 2167 1711 legatorum
2198 1667 2278 1711 ejus
2305 1665 2365 1699 vel

486 1733 754 1766 ordinariorum
785 1733 947 1766 locorum
979 1733 1076 1766 licite
1104 1734 1247 1778 possint
1276 1733 1463 1778 predicare
1494 1732 1653 1778 populis,
1684 1739 1719 1766 et
1745 1733 2000 1766 consessiones
2029 1733 2169 1774 audire,
2197 1744 2236 1766 ac
2266 1731 2363 1777 peni-

487 1800 618 1833 tentias
642 1800 836 1845 injungere
862 1800 1054 1833 salutares¹
1081 1812 1087 1832 :
1109 1799 1382 1833 venerabilibus
1407 1799 1580 1833 fratribus
1608 1799 1745 1832 nostris
1769 1826 1790 1832 ..
1813 1799 2040 1832 Turonensi'
2069 1805 2105 1832 et
2127 1826 2148 1831 ..
2171 1798 2365 1832 Rothoma-

487 1866 614 1911 gensi³
635 1866 922 1911 archiepiscopis
943 1879 982 1899 ac
1006 1893 1027 1899 ,.
1051 1867 1223 1912 episcopo
1245 1865 1462 1899 Parisiensi‘
1484 1866 1611 1899 damus
1633 1866 1769 1899 nostris
1790 1865 1923 1899 litteris
1944 1865 1981 1898 in
2001 1865 2134 1899 virtute
2155 1865 2365 1898 obedientie

488 1932 639 1965 firmiter
668 1933 705 1965 in
731 1933 946 1978 preceptis⁵‚
970 1940 1008 1966 ut
1028 1945 1155 1966 omnes
1185 1933 1394 1978 magistros,
1421 1933 1605 1974 doctores,
1633 1939 1668 1965 et
1692 1932 1796 1974 alios,
1820 1932 1882 1977 qui
1910 1932 1986 1966 sive
2012 1932 2050 1964 in
2076 1931 2201 1973 scolis,
2223 1931 2301 1965 sive
2327 1931 2365 1964 in

489 1999 812 2044 predicationibus,
836 2000 912 2033 sive
933 1999 1032 2041 alibi⁷
1054 2000 1231 2045 premissa
1259 2000 1381 2032 dicere
1409 2005 1680 2044 attemptarunt,
1707 2011 1750 2032 ex
1775 2005 1876 2044 parte
1907 2005 2031 2031 nostra
2059 2010 2208 2031 monere
2234 2009 2366 2043 procu-

490 2073 582 2107 rent,
609 2073 649 2099 ut
675 2066 765 2099 infra
792 2073 928 2099 certum
958 2066 1152 2099 terminum
1180 2066 1223 2099 ab
1252 2067 1343 2111 ipsis
1369 2066 1655 2111 archiepiscopis
1682 2072 1718 2098 et
1741 2065 1915 2110 episcopo
1943 2064 2196 2110 prefigendum
2226 2064 2366 2098 eisdem

490 2132 625 2165 dictum
647 2144 752 2165 suum
774 2133 811 2165 in
832 2132 903 2166 hiis
925 2133 1070 2178 publice
1093 2140 1275 2173 revocent,
1299 2132 1390 2166 male
1412 2145 1450 2165 se
1473 2133 1610 2165 dixisse
1631 2133 1798 2173 fatentes,
1817 2131 1950 2176 illaque
1972 2131 2200 2164 detestentur
2221 2131 2366 2177 penitus

491 2206 526 2232 et
547 2205 754 2236 retractent,
776 2200 1021 2232 asseverando
1042 2206 1252 2232 constanter
1271 2199 1506 2241 contrarium,
1530 2206 1565 2232 et
1584 2199 1675 2231 illud
1696 2199 1802 2231 etiam
1825 2198 1982 2231 fideliter
2003 2197 2238 2243 predicando.
2260 2197 2367 2241 Quod

490 2265 521 2298 si
563 2277 636 2298 non
669 2266 834 2307 fecerint,
872 2278 914 2298 ex
950 2272 1034 2299 tunc
1068 2272 1192 2298 contra
1227 2278 1290 2299 eos
1322 2266 1366 2298 ad
1396 2265 1665 2310 suspensionis,
1699 2264 2097 2306 excommunicationis,
2129 2271 2171 2297 et.
2192 2269 2367 2309 perpetue

491 2332 703 2377 privationis
731 2331 992 2365 beneficiorum
1021 2344 1169 2365 suorum
1198 2332 1530 2365 ecclesiasticorum
1566 2332 1767 2365 sententias
1803 2331 1946 2364 sublato
1980 2330 2178 2375 cujuslibet
2209 2329 2368 2376 appella-

492 2398 601 2431 tionis
632 2398 820 2431 obstaculo
846 2399 1039 2432 efficaciter
1067 2399 1267 2444 procedere
1296 2411 1369 2431 non
1397 2399 1578 2439 omittant3
1603 2398 1715 2431 laicos
1742 2398 1787 2451 d?
1812 2397 1881 2431 hoc
1908 2396 2110 2443 culpabiles
2130 2396 2188 2430 vel
2208 2397 2368 2430 fautores

492 2464 701 2509 hujusmodi
726 2472 1020 2510 presumptorum
1042 2465 1357 2499 animadversione
1385 2465 1506 2498 debita
1532 2465 1789 2510 percellentes.
1814 2465 1974 2509 Ideoque
1995 2463 2250 2497 celsitudinem
2271 2469 2367 2496 tuam

493 2531 689 2564 affectuose
720 2532 941 2576 requirimus
967 2539 1002 2565 et
1028 2537 1225 2577 rogamus,
1241 2532 1411 2577 quatinus
1437 2532 1612 2577 predictis
1637 2530 1924 2576 archiepiscopis
1950 2537 1985 2563 et
2009 2530 2195 2575 episcopo,
2218 2541 2299 2562 cum
2324 2528 2368 2562 ab

494 2597 547 2629 eis
568 2598 766 2642 requisitus
787 2598 914 2636 fueris,
933 2605 1032 2631 tuum
1053 2599 1212 2631 savorem
1230 2605 1266 2631 et
1280 2598 1453 2631 auxilium
1473 2597 1664 2643 magnifice
1685 2597 1865 2643 largiaris,
1888 2597 1935 2630 ita
1956 2596 2054 2641 quod
2075 2602 2133 2629 tua
2154 2595 2207 2628 eis
2227 2595 2368 2629 favente

496 2664 654 2708 potentia
684 2664 886 2697 mandatum
917 2665 1156 2709 apostolicum
1183 2665 1254 2698 sibi
1280 2665 1458 2698 directum
1486 2664 1679 2697 efficaciter
1703 2663 1834 2708 exequi
1861 2663 2015 2703 valeant,
2047 2668 2083 2695 et
2112 2673 2179 2694 nos
2204 2661 2369 2706 magnifi-

495 2730 648 2762 centiam
671 2736 765 2762 tuam
787 2731 916 2763 exinde
938 2731 1061 2776 dignis
1082 2732 1118 2763 in
1140 2732 1295 2772 Domino
1317 2731 1487 2764 laudibus
1508 2730 1762 2764 commendare
1784 2729 1980 2775 possimus.
1999 2729 2077 2761 Dat.
2099 2728 2265 2773 Anagnie
2293 2727 2368 2773 xiiij

497 2795 565 2828 kal.
588 2796 815 2837 Novembris,
840 2797 1069 2841 pontificatus
1091 2798 1206 2830 nostri
1228 2810 1322 2830 anno
1345 2797 1521 2831 secundo.

590 2941 766 2973 Originalejn
782 2942 856 2965 Arch.
875 2945 927 2965 nat.
945 2942 1029 2966 Paris.
1046 2943 1074 2966 L.
1091 2944 1144 2972 250,
1161 2947 1190 2966 n⁰
1205 2944 1258 2967 112.
1275 2944 1424 2975 Supersunt
1439 2943 1483 2966 fila
1498 2943 1608 2966 cannah.
1626 2943 1655 2966 In
1670 2942 1825 2966 membrana
1839 2949 1933 2966 averse
1948 2949 1953 2965 :
1971 2949 1983 2965 (t
1999 2940 2197 2964 Predicatorum
2216 2948 2238 2964 u.
2254 2928 2371 2964 Alterum
