2580 3528
291 427 388 468 1229]
632 436 680 458 AB
714 435 820 458 anno
854 435 933 458 uec
965 434 1099 464 usqua
1134 435 1183 457 An
1218 434 1450 457 rmmrrnu
1486 435 1527 457 iv
1561 435 1650 457 nso.
1687 436 1824 458 rame.
2105 427 2168 460 123

285 510 410 544 defent
435 522 481 543 en
513 521 554 543 ce
581 516 678 543 arest
706 516 743 543 et
765 509 791 543 il
823 509 872 543 ait
895 509 1037 542 sousert
1060 509 1180 554 injure
1213 515 1250 541 et
1277 508 1425 550 vilanie‚
1453 521 1546 542 vous
1574 520 1638 554 par
1668 516 1791 542 vostre
1817 516 2012 551 serement,
2042 510 2168 543 selonc

277 577 487 623 'l'enqueste
507 563 640 611 devant
659 576 746 618 dite,
763 576 810 610 de
829 587 870 610 ce
891 576 1070 622 prendres
1089 576 1266 621 venjance
1285 575 1334 608 du
1354 575 1582 608 mauseiteur.

374 644 493 690 Apres
512 655 605 678 vous
625 644 750 689 jurres
771 655 842 689 que
861 655 907 676 en
926 642 962 676 le
981 642 1194 676 chevetaine
1219 642 1286 675 des
1314 642 1492 676 escoliers
1520 643 1565 675 de
1593 643 1693 676 Paris
1721 655 1814 688 pour
1840 643 1903 676 nul
1931 643 2051 676 forfait
2076 655 2169 676 vous

286 722 331 744 ne
351 714 502 744 mettres
522 710 631 752 main,
653 722 699 744 ne
718 722 764 743 ne
780 710 878 743 feres
894 710 1058 751 mettre¹‚
1075 709 1166 742 mais
1187 709 1245 742 s’il
1265 721 1357 743 vous
1374 708 1514 742 semble
1532 709 1619 754 qu'il
1640 709 1724 742 doie
1749 716 1845 743 estre
1868 713 2020 751 arestes⁷
2042 709 2067 742 il
2089 721 2168 742 sera

284 781 424 811 arestes
445 789 509 823 par
528 777 561 811 la
577 777 713 822 justice
733 777 779 810 de
800 777 896 810 saint
921 776 1039 822 eglise
1067 782 1103 810 et
1122 775 1256 822 gardes
1277 788 1371 821 pour
1389 776 1478 809 saire
1499 788 1541 809 ce
1567 788 1637 821 que
1664 776 1779 809 sainte
1808 775 1924 822 eglise
1955 788 2000 809 en
2023 777 2167 822 jugera.

373 845 493 890 Apres
511 856 604 878 vous
620 845 744 889 jurres
770 855 854 890 que,
877 844 1027 877 s'aucun
1047 843 1205 876 eseolier
1225 843 1298 876 soit
1321 847 1461 876 arestes
1482 843 1527 876 de
1554 855 1647 876 vous
1668 855 1715 876 ou
1741 843 1786 876 de
1810 850 1933 876 vostre
1961 850 2049 889 gent
2075 855 2093 876 a
2122 843 2169 876 tel

285 923 374 945 eure
398 922 469 956 que
500 911 534 944 le
557 911 693 957 justice
719 910 764 944 de
789 911 906 944 sainte
933 910 1051 956 eglise
1078 922 1124 943 ne
1152 910 1278 955 puisse
1303 916 1400 943 estre
1428 914 1579 943 trouvee
1609 922 1656 943 ou
1683 916 1756 943 tost
1785 922 1866 951 eue7
1896 922 1989 943 vous
2014 910 2047 943 le
2073 910 2170 943 seres

285 977 418 1024 garder
442 989 488 1012 en
512 989 652 1011 aucune
678 978 821 1011 meison
837 977 1052 1011 d'escoliers
1073 988 1158 1010 sans
1181 976 1206 1009 li
1226 977 1315 1010 faire
1336 977 1455 1022 injure
1476 983 1512 1010 et
1530 976 1663 1010 vilanie
1679 977 1836 1022 jusques
1857 989 1875 1010 a
1896 983 1971 1010 tant
1991 977 2078 1022 qu'il
2099 977 2168 1010 soit

286 1044 416 1079 ballies
436 1057 455 1078 a
474 1044 508 1078 la
523 1045 658 1090 justice
679 1045 725 1078 de
746 1045 842 1078 saint
860 1044 990 1090 eglise.

375 1112 494 1158 Apres
522 1123 616 1146 vous
645 1113 772 1157 jurres
801 1123 871 1157 que
906 1122 947 1145 es
985 1112 1128 1157 serjans
1163 1111 1231 1145 lais
1264 1111 1330 1145 des
1362 1111 1540 1145 escoliers
1574 1111 1619 1144 de
1655 1111 1756 1144 Paris
1788 1110 1850 1156 qui
1887 1123 1932 1144 ne
1967 1111 2116 1145 doivent
2151 1123 2169 1144 a

286 1185 412 1212 nostre
441 1178 617 1224 seigneur
645 1178 679 1211 le
708 1178 764 1211 roi
793 1177 996 1223 bourjoisie
1023 1189 1070 1211 ne
1099 1177 1306 1219 residence,
1329 1189 1375 1211 ne
1400 1189 1446 1211 ne
1470 1178 1596 1211 vivent
1621 1177 1666 1211 de
1693 1177 1960 1220 marchandise,
1987 1177 2053 1211 des
2078 1189 2170 1223 ques

286 1245 341 1279 les
366 1245 544 1279 escoliers
570 1257 616 1279 ne
643 1245 763 1279 facent
793 1244 864 1278 mie
898 1245 1018 1290 injure
1045 1257 1064 1278 a
1096 1245 1229 1287 autrui‚
1257 1256 1303 1278 ne
1333 1248 1468 1278 metres
1497 1245 1593 1278 main
1620 1256 1666 1278 ne
1698 1256 1744 1278 ne
1773 1245 1870 1278 seres
1897 1251 2039 1286 mettre,
2067 1256 2106 1278 sc
2138 1244 2172 1278 le

285 1311 422 1345 sourfet
440 1312 580 1358 n'apert
599 1311 649 1345 tel
669 1323 740 1357 que
760 1322 853 1345 vous
873 1310 908 1344 le
924 1311 1029 1344 doies
1048 1311 1151 1344 saire.

379 1396 448 1420 Bibl.
465 1396 597 1428 phillipps
612 1395 639 1420 in
654 1395 836 1424 Cheltenbnm,
852 1404 902 1419 ms.
919 1396 974 1424 876,
995 1396 1040 1420 sol.
1058 1395 1114 1420 54¹¹.
1132 1396 1229 1420 Textus
1250 1403 1328 1427 quem
1344 1404 1426 1428 supra
1445 1396 1567 1419 dedimus
1582 1396 1739 1428 desumptus
1759 1399 1799 1419 est
1818 1404 1849 1419 ex
1868 1396 1918 1419 isto
1939 1396 2036 1419 codice.
2057 1410 2087 1413 —
2107 1396 2170 1420 cod.

285 1441 343 1465 Vnt.
359 1441 423 1473 Reg.
438 1441 495 1470 1106,
510 1441 556 1465 fol.
571 1441 611 1470 44,
626 1449 687 1464 eum
701 1440 808 1464 rubrica
829 1448 836 1464 ε
859 1449 871 1464 α
886 1440 921 1464 Le
940 1443 1057 1464 serment
1075 1440 1107 1464 ke
1121 1440 1141 1464 li
1155 1448 1253 1472 prevos
1266 1440 1326 1472 jure
1340 1448 1356 1464 a
1370 1440 1395 1464 le
1410 1440 1560 1464 Universite
1576 1448 1598 1468 »‚
1615 1440 1642 1464 in
1657 1449 1708 1472 quo
1724 1440 1813 1464 codice
1828 1441 1960 1472 plurimae
1977 1442 2085 1468 formae,
2103 1449 2127 1464 v.
2145 1449 2170 1472 g.

287 1494 299 1510 α
314 1493 384 1515 cose,
399 1485 456 1514 che,
472 1485 532 1514 ehu,
552 1485 599 1514 liu,
615 1485 726 1514 blechie,
743 1485 818 1509 saule
837 1493 860 1514 ι),
877 1485 989 1508 dialecto
1006 1484 1118 1508 Picardo
1138 1485 1352 1509 accommodatae
1372 1488 1522 1508 occurrunt.
1539 1498 1571 1502 —
1586 1485 1626 1508 Du
1645 1485 1755 1517 Bouluy,
1772 1485 1888 1509 Recueil
1905 1486 1953 1510 des
1971 1485 2121 1516 privile-908
2139 1487 2173 1510 cle

286 1529 469 1556 l'Universitd
485 1529 518 1554 de
536 1530 634 1559 Paris,
651 1538 678 1562 p.
694 1530 748 1554 277.
773 1543 805 1548 —-
828 1529 898 1553 Haec
918 1529 1033 1553 formula
1052 1533 1160 1562 sumpta
1183 1533 1225 1553 est
1247 1538 1279 1553 ex
1298 1529 1440 1562 privilegio
1460 1529 1578 1561 Philippi
1600 1529 1712 1561 Augusti
1732 1532 1758 1553 et
1772 1529 1911 1558 Ludovici;
1928 1529 2025 1561 ubique
2040 1530 2173 1553 invenitur

285 1575 342 1600 sine
357 1575 485 1607 temporis
500 1578 571 1599 nota.
583 1575 649 1599 Eam
663 1574 691 1598 in
705 1574 798 1606 lingua
812 1574 910 1606 gallica
925 1574 1008 1598 fuisse
1021 1574 1197 1606 compositam
1211 1577 1331 1606 tempore
1346 1583 1398 1606 quo
1408 1574 1557 1598 Ludovicus
1573 1574 1745 1606 privilegium
1761 1574 1802 1597 sui
1817 1573 1860 1597 avi
1871 1574 2010 1598 renovavit
2019 1574 2044 1605 (i.
2057 1583 2079 1598 e.
2093 1575 2171 1606 1229),

285 1623 363 1652 putat
382 1620 506 1644 Bulaeus.
528 1619 649 1643 Forsitan
670 1619 801 1651 originem
817 1619 932 1651 sumpsit
951 1619 1089 1643 occasione
1108 1619 1258 1643 litterarum
1278 1619 1400 1650 Gregorii
1420 1619 1454 1643 1x
1469 1618 1521 1642 diei
1541 1619 1571 1642 14
1591 1618 1674 1650 April.
1696 1619 1755 1642 1231
1776 1618 1847 1651 (post
1866 1618 2015 1650 dispersam
2035 1618 2173 1642 Universi-

285 1664 384 1697 tatem),
397 1664 493 1697 quibus
508 1672 580 1696 papa
594 1657 757 1688 Lu'dovicum
767 1672 857 1696 regem
869 1667 966 1693 monet,
982 1667 1012 1688 ut
1025 1663 1198 1696 privilegium
1212 1663 1254 1688 sui
1269 1664 1312 1688 avi
1327 1664 1435 1688 innovet
1448 1666 1474 1687 et
1488 1663 1522 1687 ub
1537 1663 1597 1687 aliis
1613 1667 1687 1687 curet
1701 1663 1897 1687 observandum
1912 1663 1982 1695 (vido
1996 1663 2065 1687 infra
2080 1668 2109 1687 n⁰
2123 1663 2172 1695 82).

285 1709 348 1734 licet
361 1708 551 1741 probabilitate
565 1717 616 1732 non
631 1711 729 1737 careat,
744 1711 846 1732 textum
860 1708 987 1740 gallicum
1004 1710 1102 1732 fuctum
1117 1717 1175 1732 esse
1184 1711 1304 1741 tempore
1316 1708 1435 1740 Philippi
1446 1709 1488 1737 lV,
1502 1708 1608 1740 quando
1622 1709 1656 1732 nd
1671 1708 1857 1732 documentum
1868 1708 1930 1731 anni
1942 1708 2011 1736 1251,
2023 1709 2083 1732 Jun.
2097 1709 2172 1732 19-24

285 1753 355 1787 (vide
370 1753 435 1778 ibid.
451 1757 514 1777 nota
529 1753 552 1784 7)
571 1753 695 1786 opposita
709 1756 750 1777 est
764 1761 832 1777 nova
852 1753 1012 1777 Constitutio
1026 1753 1053 1777 in
1067 1753 1161 1785 lingua
1176 1753 1273 1786 gallicu
1294 1757 1320 1777 et
1338 1753 1479 1785 Philippus
1501 1753 1534 1777 1v
1549 1753 1627 1785 (anno
1647 1752 1718 1785 1286)
1732 1753 1764 1776 de
1780 1761 1847 1776 novo
1861 1753 2022 1784 praepositis
2038 1753 2174 1784 praecepit

285 1798 312 1822 in
335 1806 426 1822 eorum
445 1798 610 1822 imtitutione
629 1798 738 1822 solitum
754 1798 935 1830 juramentum
957 1806 1008 1822 non
1032 1801 1183 1830 exspectato
1205 1798 1257 1822 alio
1277 1798 1402 1822 mundato
1425 1797 1599 1822 Universitati
1623 1801 1768 1830 praestare.
1795 1798 1847 1821 Nos
1870 1806 1951 1829 supra
1973 1798 2055 1821 secuti
2080 1806 2172 1821 smnus

285 1843 406 1867 ordinem
421 1843 504 1867 Codd.
520 1843 577 1867 Vnt.
594 1846 620 1867 et
633 1842 770 1867 Cheltenh.

380 1915 403 1938 1.
420 1914 464 1939 Sic
478 1914 505 1938 in
520 1914 610 1938 codice
631 1914 700 1938 Bibl.
726 1914 907 1938 Cheltonham.
925 1914 988 1938 Cod.
1005 1915 1063 1938 Vat.
1080 1915 1144 1946 Res,
1160 1923 1223 1939 vero
1243 1915 1337 1938 scribit
1352 1922 1358 1938 ι
1377 1923 1389 1938 (ι
1405 1915 1488 1946 Api-cs
1512 1922 1578 1937 vous
1590 1914 1694 1946 juez-res
1716 1914 1792 1946 qu'en
1812 1914 1955 1946 l‘enqueste
1979 1914 2026 1937 des
2048 1914 2172 1937 escoliers

286 1967 318 1984 ue
334 1960 406 1984 teres
421 1962 515 1984 mettre
529 1959 610 1988 main,
627 1967 659 1983 ne
678 1967 711 1983 ne
725 1960 842 1987 metti-es,
859 1958 926 1982 mais
942 1967 965 1988 )),
981 1963 1028 1984 etc.
1046 1959 1143 1984 Textus
1158 1959 1229 1992 apud
1244 1959 1373 1983 Eulaeum
1388 1959 1426 1982 sic
1441 1959 1566 1982 offertur:
1584 1968 1596 1982 «
1613 1960 1695 1990 Apres
1711 1967 1777 1982 vous
1789 1958 1902 1991 jurercz,
1919 1958 1995 1990 qu'en
2011 1958 2110 1982 chastel
2126 1959 2172 1982 des

288 2003 412 2028 escoliers
432 2012 464 2028 ne
484 2005 551 2028 ferez
571 2007 665 2028 mettre
684 2003 764 2032 main,
785 2011 817 2027 ne
837 2011 868 2027 ne
889 2006 1006 2033 mearez,
1026 2004 1094 2028 mais
1114 2005 1156 2028 s'il
1175 2013 1241 2028 vous
1262 2004 1363 2028 semble
1384 2012 1407 2032 »,
1427 2008 1477 2028 ecc.
1495 2003 1646 2027 Translatio
1666 2003 1732 2035 regii
1748 2003 1901 2035 diplomatis
1923 2003 1949 2026 in
1965 2003 2022 2027 cod.
2039 2003 2171 2035 Phillipps

287 2048 374 2080 mgis
389 2049 423 2072 ad
437 2048 548 2073 verbum
562 2052 603 2073 est
616 2057 751 2081 expressa.

287 2174 368 2213 68.
393 2183 560 2212 Guillelmus
582 2185 734 2221 epiecopus
748 2185 930 2211 Parisiensie
948 2185 1093 2220 fratribus
1114 2184 1203 2212 Vallis
1225 2184 1415 2219 Scholarium‚
1430 2188 1586 2221 postquam
1607 2185 1649 2210 eis
1665 2183 1783 2220 plenam
1804 2187 1832 2210 et
1853 2183 1973 2210 liberam
1998 2187 2172 2220 potestatem

378 2232 562 2260 construendi
585 2232 700 2260 domum
723 2236 751 2260 et
779 2233 931 2260 ecclesiam
958 2234 1085 2261 Parisiis
1107 2234 1137 2261 in
1157 2233 1302 2270 parochia
1328 2234 1429 2260 Sancti
1451 2232 1540 2259 Pauli
1564 2233 1713 2267 concessit,
1732 2232 1910 2269 praescribit
1933 2237 2041 2259 certam
2064 2220 2173 2259 visendi

378 2281 516 2317 regulam,
535 2285 567 2308 ue
574 2283 646 2319 jura
661 2281 801 2309 ecclesiae
817 2283 844 2309 S.
861 2282 947 2310 Pauli
961 2282 1003 2310 vel
1016 2282 1157 2310 ecclesiae
1171 2284 1204 2310 B.
1221 2283 1337 2309 Mariae
1357 2283 1474 2318 virginis
1490 2282 1601 2308 intacta
1617 2285 1794 2308 remaneant.

1365 2372 1444 2402 7229,
1459 2379 1549 2398 mense
1565 2370 1715 2404 Septembri,
1730 2370 1750 2406 [
1750 2371 1858 2398 Parisiis
1858 2370 1884 2406 J.

379 2445 570 2480 Universis
599 2452 791 2492 presentes
823 2446 964 2480 litteras
999 2446 1222 2492 inspecturis
1255 2445 1475 2483 Willermus
1509 2445 1753 2491 permissione
1792 2445 1913 2479 divina
1952 2445 2170 2480 parisiensis

289 2511 444 2546 ecclesie
475 2512 642 2546 minister
670 2513 846 2559 indignus
877 2512 1030 2547 salutem
1058 2513 1096 2546 in
1123 2513 1292 2547 Domino.
1322 2512 1558 2546 Universitati
1584 2518 1706 2545 vestre
1738 2518 1863 2545 notum
1890 2511 1969 2545 fieri
1999 2512 2169 2547 volumus

289 2578 388 2624 quod
417 2591 497 2621 nos,
527 2579 743 2614 dilectorum
770 2580 807 2613 in
834 2580 991 2614 Domino
1018 2580 1169 2614 fratrum
1196 2586 1232 2613 et
1251 2579 1409 2613 filiorum
1437 2579 1482 2612 de
1512 2578 1642 2612 ordine
1667 2578 1782 2613 Vallis
1810 2578 2009 2613 Scolarium
2038 2579 2108 2625 piis
2135 2587 2169 2614 et

289 2644 432 2679 devotis
459 2646 705 2692 peticionibus
731 2653 950 2689 annuentes,
981 2646 1121 2680 eisdem
1149 2646 1272 2681 divine
1296 2646 1440 2692 pietatis
1466 2645 1599 2679 intuitu
1621 2645 1764 2691 plenam
1786 2652 1821 2679 et
1841 2645 1993 2679 liberam
2018 2658 2170 2680 conces-

289 2711 405 2746 simus
438 2719 652 2758 potestatem
687 2713 926 2748 construendi
960 2713 1108 2747 domum
1139 2720 1175 2747 et
1203 2712 1394 2747 ecclesiam
1425 2712 1586 2746 Parisius
1616 2712 1653 2745 in
1683 2711 1871 2758 parrochia
1906 2712 2025 2746 Sancti
2055 2713 2168 2754 Pauli,

289 2778 445 2813 ecclesie
467 2779 696 2814 Fossatensis
722 2786 758 2814 et
785 2779 979 2826 presbiteri
1002 2780 1122 2814 Sancti
1144 2779 1245 2814 Pauli
1271 2779 1457 2814 voluntate
1482 2785 1725 2812 concurrente
1750 2778 1885 2824 pariter
1907 2785 1943 2812 ct
1966 2791 2168 2819 consensn;

290 2844 458 2879 nolentes
487 2852 620 2889 tamen,
649 2853 688 2881 ut
713 2858 778 2893 per
802 2847 906 2881 istam
933 2847 1212 2881 concessionem
1238 2853 1275 2880 et
1293 2846 1560 2880 ordinationem
1586 2851 1760 2887 nostram,
1783 2857 1852 2891 quc
1878 2846 1915 2879 in
1936 2846 2169 2892 presentibus

289 2911 497 2946 continetur
524 2912 698 2947 fratribus
727 2913 903 2960 predictis
931 2914 1074 2956 saetam,
1099 2913 1257 2948 ecclesie
1286 2913 1401 2948 sancti
1430 2912 1532 2946 Pauli
1557 2912 1594 2945 in
1615 2913 1699 2958 jure
1730 2911 1945 2958 parrochiali
1975 2925 2168 2958 gravamen

289 2977 438 3024 aliquod
465 2979 543 3014 sive
572 2980 814 3026 prejudicium
845 2987 1056 3027 generetur,
1087 2981 1154 3015 sed
1183 2980 1304 3027 ipsum
1332 2992 1397 3027 per
1423 2980 1606 3025 integrum
1635 2979 1836 3012 secundum
1864 2979 2167 3013 consuetudinem
