2580 3528
518 395 584 427 352
1101 405 1419 427 CHARTULARIUM
1454 405 1647 428 umvaas.
1685 405 1812 427 Pinus.
2295 395 2392 436 [1257

519 490 668 511 monere
694 479 843 520 curetis,
873 485 911 511 ut
938 479 1029 512 infra
1056 486 1193 512 certum
1215 479 1407 512 terminum
1437 491 1455 512 a
1482 478 1588 512 vobis
1616 479 1868 525 prefigendum
1898 479 2035 512 eisdem
2063 479 2198 512 dictum
2225 491 2329 513 suum
2355 479 2393 512 in

518 545 575 578 his
603 544 748 590 publice
777 552 960 586 revocent,
991 545 1082 578 male
1111 557 1150 578 se
1179 546 1314 579 dixisse
1342 546 1509 586 fatentes,
1538 545 1672 590 illaque
1700 545 1928 578 detestentur
1953 546 2098 590 penitus
2126 552 2162 578 et
2187 552 2392 587 retractent,

517 612 718 645 asserendo
746 618 955 645 constanter
984 612 1218 653 contrarium,
1251 618 1286 644 et
1314 611 1403 644 illud
1433 611 1537 644 etiam
1567 611 1725 644 fideliter
1751 611 1986 656 predicando.
2014 612 2120 654 Quod
2146 612 2177 645 si
2203 612 2296 645 sorte
2323 612 2394 657 ipsi

517 678 665 711 monitis
693 678 828 711 nostris
856 678 892 711 in
921 678 985 710 hac
1013 685 1112 723 parte
1142 678 1375 723 acquiescere
1402 690 1475 710 non
1502 677 1720 718 curaverint,
1753 689 1797 710 ex
1822 684 1908 710 tunc
1935 685 2063 711 contra
2089 690 2153 712 eos
2174 678 2218 712 ad
2238 691 2394 724 suspen-

517 745 645 786 sionis,
675 745 1058 778 excommunicationis
1086 751 1121 777 et
1145 751 1319 789 perpetue
1348 744 1562 788 privationis
1591 743 1853 776 beneficiorum
1882 756 2031 777 suorum
2061 745 2391 778 ecclesiasticorum

516 811 715 844 sententias
745 811 887 843 sublato
914 810 1110 855 cujuslibet
1135 810 1389 855 appellationis
1417 809 1605 843 obstaculo
1633 810 1851 855 procedatis,
1885 810 1996 844 laicos
2028 811 2072 844 de
2098 810 2166 844 hoc
2191 811 2393 857 culpabiles

517 878 574 911 vel
596 879 755 910 fautores
775 877 985 921 hujusmodi
1011 883 1304 921 presumptorum
1333 876 1648 909 animadversione
1673 876 1793 909 debita
1818 876 2074 922 percellentes,
2101 877 2234 910 auxilio
2254 877 2392 911 brachii

515 944 692 977 carissimi
723 943 760 975 in
790 943 936 976 Christo
963 943 1028 975 filii
1058 943 1174 975 nostri
1205 969 1225 974 ..
1256 943 1355 988 regis
1383 943 1532 975 Francie
1559 942 1714 976 illustris
1740 943 1770 975 si
1799 954 1951 976 necesse
1978 943 2088 976 fuerit
2113 944 2291 977 invocato.
2318 945 2392 978 Nos

514 1011 608 1043 enim
641 1009 900 1042 nichilominus
930 1009 1141 1041 auctoritate
1172 1009 1397 1053 presentium
1429 1009 1631 1042 districtius
1660 1008 1882 1051 inhibemus,
1918 1021 1963 1042 ne
1993 1010 2183 1055 quisquam
2214 1010 2391 1055 premissa

513 1077 570 1109 vel
605 1076 751 1121 aliquod
782 1075 1043 1120 premissorum
1080 1075 1313 1120 pertinaciter
1348 1082 1524 1117 astruere,
1561 1075 1619 1108 vel
1654 1075 1932 1121 quomodolibet
1966 1076 2157 1109 defensare
2191 1083 2388 1122 presumat.

515 1143 743 1187 Quicumque
778 1154 864 1175 vero
900 1142 935 1174 id
971 1142 1247 1186 presumpserit,
1283 1148 1450 1186 tanquam
1487 1149 1679 1175 contumax
1713 1149 1748 1175 et
1782 1142 1937 1176 ecclesie
1967 1144 2126 1176 Romane
2163 1142 2314 1177 rebellis
2347 1143 2391 1177 ab

514 1209 684 1243 omnibus
714 1209 885 1242 fidelibus
914 1208 1089 1241 habeatur
1115 1215 1239 1241 contra
1266 1221 1372 1253 quem
1401 1209 1506 1241 etiam
1535 1209 1654 1242 taliter
1681 1209 1936 1254 procedemus,
1964 1210 2062 1254 quod
2089 1221 2181 1255 pena
2208 1210 2389 1256 condigna

514 1277 631 1321 ipsum
668 1288 732 1321 pro
768 1287 831 1308 sua
866 1275 1066 1308 temeritate
1097 1275 1216 1316 feriet,
1246 1282 1282 1308 et
1315 1275 1375 1308 alii
1406 1276 1486 1320 ejus
1517 1275 1683 1321 exemplo
1714 1276 1898 1321 perterriti
1926 1288 1945 1309 a
1975 1276 2249 1321 presumptione
2279 1276 2389 1310 simili

513 1343 763 1376 frenabuntur.
787 1343 838 1374 Ne
859 1348 976 1374 autem
998 1341 1130 1386 aliquis
1150 1354 1193 1374 ex
1214 1342 1418 1387 ignorantia
1439 1342 1604 1375 velamen
1625 1342 1871 1375 excusationis
1896 1349 2068 1383 assumat,
2094 1342 2200 1376 vobis
2226 1343 2389 1376 districte

514 1410 736 1455 precipimus
764 1416 803 1441 ut
835 1409 880 1441 ad
914 1409 1190 1453 requisitionem
1220 1409 1397 1441 dictorum
1421 1409 1554 1454 prioris
1589 1415 1624 1442 et
1650 1409 1840 1454 guardiani
1867 1410 2027 1442 Parisius
2055 1416 2091 1442 et
2114 1410 2151 1442 in
2177 1409 2257 1443 aliis
2282 1409 2387 1452 locis,

513 1477 549 1509 in
584 1476 716 1521 quibus
754 1475 925 1520 expedire
952 1475 1132 1516 videritis,
1160 1482 1351 1520 presentes
1378 1475 1517 1508 litteras
1545 1482 1580 1508 et
1607 1487 1728 1508 earum
1758 1482 1921 1508 tenorem
1955 1475 2150 1521 publicetis
2182 1483 2217 1509 et
2250 1476 2388 1510 faciatis

513 1543 751 1588 solempniter
788 1542 977 1587 publicari,
1021 1554 1094 1574 non
1136 1541 1366 1575 obstantibus
1407 1542 1591 1587 aliquibus
1632 1542 1764 1575 litteris
1805 1542 1863 1575 vel
1904 1542 2144 1587 indulgentiis
2183 1542 2291 1576 alicui
2329 1542 2387 1576 vel

511 1609 694 1654 aliquibus
729 1609 898 1654 personis
932 1608 975 1641 ab
1011 1608 1210 1653 apostolica
1239 1609 1326 1641 sede
1360 1609 1562 1648 concessis,
1599 1609 1697 1653 quod
1731 1609 1913 1650 interdici,
1950 1609 2125 1654 suspendi
2154 1609 2212 1642 vel
2243 1621 2387 1643 excom-

512 1677 686 1709 municari
714 1682 772 1708 aut
800 1682 897 1708 extra
926 1687 1010 1708 suas
1040 1675 1204 1708 civitates
1232 1682 1267 1708 et
1293 1675 1460 1708 dioceses
1491 1686 1556 1708 seu
1587 1675 1665 1708 loca
1694 1675 1731 1707 in
1759 1687 1902 1708 causam
1931 1675 2022 1708 trahi
2052 1687 2126 1708 non
2154 1676 2299 1721 possint
2322 1687 2387 1721 per

510 1744 649 1776 litteras
669 1742 900 1788 apostolicas,
927 1754 997 1787 que
1024 1742 1068 1774 de
1094 1741 1236 1774 indulto
1262 1741 1473 1786 hujusmodi
1500 1741 1643 1787 plenam
1669 1748 1705 1774 et
1732 1753 1939 1787 expressam
1966 1754 2039 1774 non
2064 1742 2217 1775 fecerint
2236 1742 2386 1776 mentio-

510 1822 605 1851 nem,
642 1822 706 1842 seu
742 1809 1034 1854 quibuscumque
1073 1808 1154 1842 aliis
1193 1808 1434 1854 indulgentiis
1474 1815 1509 1841 et
1547 1808 1679 1842 litteris
1713 1808 1813 1842 sedis
1847 1809 1977 1854 ipsius,
2015 1820 2079 1853 per
2112 1820 2201 1853 quas
2235 1808 2386 1843 effectus

510 1877 733 1922 presentium
756 1876 924 1921 impediri
944 1875 1061 1909 valeat
1084 1875 1142 1909 vel
1168 1875 1319 1916 differri,
1347 1881 1382 1908 et
1401 1875 1663 1908 constitutione
1684 1875 1729 1908 de
1750 1875 1891 1908 duabus
1912 1875 2020 1908 dietis
2041 1875 2135 1908 edita
2156 1875 2194 1907 in
2218 1874 2385 1910 Concilio

509 1943 685 1989 generali,
716 1943 847 1976 litteris
876 1942 1149 1976 venerabilibus
1179 1941 1351 1975 fratribus
1382 1942 1519 1975 nostris
1549 1941 1776 1987 patriarchis,
1812 1941 2098 1986 archiepiscopis
2132 1948 2168 1974 et
2200 1941 2384 1987 episcopis

509 2010 729 2056 generaliter
749 2022 766 2042 a
788 2009 895 2043 nobis
916 2009 1065 2042 directis
1091 2009 1128 2041 in
1154 2021 1221 2042 suo
1247 2008 1380 2042 robore
1406 2008 1623 2042 duraturis².
1653 2010 1728 2042 Vos
1754 2015 1873 2041 autem
1894 2014 2112 2041 memoratos
2133 2008 2264 2041 fratres
2285 2007 2383 2041 omni

509 2077 753 2110 benivolentia
779 2084 814 2109 et
840 2076 954 2122 gratia
982 2082 1248 2121 prosequentes
1283 2087 1346 2108 eos
1382 2082 1550 2120 tanquam
1579 2075 1751 2120 probatos
1777 2081 1812 2107 et
1836 2081 2004 2120 acceptos
2032 2074 2169 2108 Christi
2195 2074 2384 2108 ministros

509 2144 670 2177 habeatis
701 2156 765 2188 pro
797 2144 918 2176 divina
949 2149 984 2175 et
1013 2149 1137 2175 nostra
1167 2142 1370 2175 reverentia
1401 2142 1621 2187 propensius
1650 2141 1935 2182 commendatos,
1967 2141 2069 2186 ipsos
2097 2140 2141 2173 ab
2170 2141 2315 2186 injuriis
2347 2147 2385 2174 et.

510 2211 687 2243 molestiis
722 2210 912 2255 oportunis
947 2209 1119 2254 presidiis
1154 2208 1407 2249 defendentes,
1444 2208 1490 2241 ita
1525 2208 1624 2253 quod
1655 2220 1698 2241 ex
1736 2207 1804 2241 hoc
1837 2207 1943 2241 vobis
1977 2214 2013 2240 et
2044 2207 2177 2240 vestris
2216 2206 2383 2241 ecclesiis

507 2278 637 2310 fortius
659 2277 877 2322 obligemur.
905 2276 1011 2319 Quod
1038 2276 1069 2308 si
1095 2287 1167 2308 non
1194 2286 1321 2308 omnes
1346 2274 1417 2307 hiis
1443 2274 1668 2319 exequendis
1689 2274 1882 2319 potueritis
1903 2274 2095 2315 interesse,
2123 2273 2195 2306 duo
2220 2279 2381 2307 vestrum

507 2356 546 2376 ea
569 2344 828 2376 nichilominus
849 2349 1086 2387 exequantur.
1115 2343 1193 2374 Dat.
1222 2341 1387 2374 Laterani
1412 2341 1449 2385 iij
1478 2341 1547 2374 kal.
1574 2340 1725 2386 Aprilis,
1752 2340 1983 2386 pontificatus
2004 2340 2120 2373 nostri
2145 2351 2239 2373 anno
2260 2339 2378 2373 tertio.

599 2442 733 2472 Originale
749 2441 774 2464 in
790 2441 865 2464 Arch.
883 2444 935 2464 nat.
953 2440 1036 2464 Paris.
1053 2440 1080 2463 L.
1098 2440 1151 2468 251,
1169 2444 1198 2462 n⁰
1213 2440 1266 2463 134.
1283 2440 1391 2463 Restant
1406 2439 1450 2462 fila
1466 2439 1576 2462 cannah.
1592 2452 1624 2456 —
1639 2438 1734 2470 Ripotl,
1751 2438 1830 2463 Bull.
1849 2438 1913 2463 Ord.
1927 2439 2042 2467 Praed.‚
2058 2438 2078 2466 l,
2095 2438 2148 2466 334,
2165 2441 2194 2460 n⁰
2209 2437 2263 2461 152.

602 2527 623 2550 1.
643 2526 734 2549 Nescio
750 2534 782 2549 an
799 2526 849 2548 isto
865 2529 982 2556 tempore
998 2525 1073 2548 sedes
1090 2523 1324 2555 archiepiscopalis
1340 2532 1355 2546 a
1370 2523 1505 2547 Vincentio
1521 2523 1553 2546 de
1568 2522 1656 2546 Pilmit
1668 2523 1724 2554 jam
1739 2523 1818 2546 fuerit
1833 2525 1968 2554 occupata.
1984 2536 2015 2539 —
2030 2523 2052 2545 2.
2069 2522 2141 2545 Infra
2155 2526 2185 2544 n⁰
2199 2522 2253 2545 307.

507 2704 808 2741 307.Alei1cand0r
824 2715 867 2740 IV
877 2713 912 2739 dc
928 2713 1025 2739 eodem
1041 2716 1207 2747 argumento
1223 2712 1264 2737 ad
1278 2720 1374 2738 omncs
1385 2711 1583 2748 patriarchas,
1602 2711 1835 2747 archiepiscopos
1851 2714 1879 2736 et
1894 2710 2051 2746 episcopm.

1709 2802 1788 2831 1257,
1804 2802 1892 2827 nat-tii
1902 2801 1948 2831 30,
1963 2801 2089 2838 Later-am}

594 2879 799 2911 Alexander
824 2879 1018 2923 episcopus
1044 2890 1173 2912 servus
1198 2889 1387 2912 servorum
1414 2877 1480 2910 Dei
1504 2875 1777 2910 venerabilibus
1803 2874 1975 2908 fratribus
2002 2874 2229 2920 patriarchis,
2259 2873 2376 2907 archi-

505 2945 688 2990 episcopis
714 2951 748 2977 et
773 2945 969 2990 episcopis,
997 2945 1041 2977 ad
1071 2957 1163 2989 quos
1188 2945 1308 2977 littere
1334 2944 1402 2977 iste
1428 2943 1673 2988 pervenerint,
1701 2941 1852 2975 salutem
1882 2948 1918 2975 et
1941 2941 2173 2986 apostolicam
2202 2940 2375 2973 benedic-

2576 2071 2580 2079 .

2572 2215 2580 2241 ἑ

2572 2249 2580 2311 ,ξ
