2618 3640
556 414 642 436 xxw
1152 409 1469 433 CHARTULAMUM
1505 407 1695 430 UNIVERS.
1732 406 1862 428 PAnls.

561 490 690 525 Rector
705 489 811 524 totius
832 486 1072 523 Universitatis
1089 489 1276 521 exsecutor
1292 487 1450 531 apparet,
1468 495 1551 518 cum
1569 482 1725 518 edictum
1743 481 1907 529 ejusdem
1921 480 2081 528 publicat
2097 491 2142 515 ne
2156 478 2339 515 scholares
2356 479 2443 513 Fra-

564 564 658 596 trum
681 559 973 595 Praedicatorum
994 557 1134 593 scholas
1158 556 1398 603 frequentent.
1427 554 1524 602 (Vz'd.
1552 553 1645 589 infra
1667 565 1703 600 p.
1732 555 1830 595 256.)
1860 551 1963 593 Quod
1985 551 2135 586 minime
2162 550 2323 593 mireris;
2357 561 2439 586 cum

564 631 661 667 enim
685 634 854 678 quattuor
880 629 1090 665 Nationibus
1112 628 1276 670 Artistae,
1301 630 1335 662 et
1362 626 1411 661 sic
1436 624 1705 673 quodammodo
1729 627 1932 660 ceterarum
1957 623 2064 659 etiam
2091 622 2316 658 Facultatum
2342 621 2444 657 scho-

563 703 654 738 lares
684 704 959 750 aggregarentur
993 699 1090 743 (Vid.
1122 711 1158 746 p.
1189 699 1284 746 xxi),
1314 698 1469 740 Rectori,
1504 700 1540 732 ut
1577 696 1684 743 capiti
1718 695 1926 739 Nationum,
1959 693 2141 730 interdum
2171 693 2314 741 negotia
2343 691 2444 740 quasi

563 774 727 810 omnium
751 772 988 815 Facultatum,
1016 771 1141 806 saltem
1167 773 1341 817 quantum
1372 769 1415 804 ad
1441 768 1623 804 scholares
1651 766 1864 810 attinebant,
1897 765 2127 813 exsequenda
2152 764 2445 812 expediendaque

565 845 723 881 fuerunt.
743 844 844 880 Unde
865 843 910 886 ei,
937 843 971 877 in
993 842 1049 877 his
1075 840 1240 888 negotiis,
1259 840 1453 875 auctoritas
1472 839 1586 886 major
1604 850 1711 885 quam
1730 837 1876 873 decanis
1896 836 2036 884 obtigit,
2056 836 2199 883 dicique
2214 836 2330 884 potuit
2346 834 2445 871 haud

565 915 730 962 ambigue
755 933 765 947 ιι
790 915 916 950 Rector
940 912 1182 949 Universitatis
1203 912 1454 958 magistrorum
1479 914 1515 945 et
1541 909 1732 945 scolarium
1753 908 2010 944 parisiensium
2031 924 2042 939 ιι
2058 935 2066 944 .
2089 907 2231 943 Nemini
2253 907 2351 943 enim
2374 906 2446 942 illis

565 986 786 1034 temporibus
804 986 840 1020 in
863 988 1018 1020 mentem
1039 983 1134 1019 venit
1161 984 1345 1018 Rectorem
1368 981 1641 1017 Universitatem
1664 984 1787 1023 totam,
1807 979 2036 1026 Tlieologiae‚
2056 980 2305 1022 Decrctorum,
2328 977 2447 1015 Medi-

564 1059 664 1094 cinae
678 1058 783 1093 etiam
797 1056 995 1092 Facultates
1008 1054 1222 1101 gubernare.
1239 1052 1331 1095 Quid
1347 1053 1478 1087 mirum
1494 1052 1536 1095 si,
1551 1052 1595 1087 dc
1608 1050 1868 1098 gubernatione
1882 1050 2046 1086 omnium
2060 1050 2287 1086 Facultatum
2303 1049 2447 1097 quoties

565 1129 651 1176 quid
669 1127 896 1163 statuendum
919 1130 1005 1169 erat,
1025 1124 1278 1171 comparebant
1300 1124 1418 1170 priore
1444 1123 1524 1159 loeo
1548 1121 1732 1169 Tlieologi‚
1751 1123 1986 1158 Decretorum
2007 1120 2279 1168 Medicinaeque
2302 1121 2445 1165 decani,

565 1200 673 1236 altero
700 1211 781 1234 vcro
803 1201 930 1233 Rector
951 1201 984 1232 et
1012 1199 1259 1243 procuratores
1286 1198 1455 1242 quattuor
1480 1194 1672 1230 Nationum
1700 1193 1798 1242 (Vici.
1826 1194 1869 1229 nis
1891 1195 1977 1236 416,
2005 1192 2111 1241 421)?
2139 1194 2178 1228 ln
2206 1193 2263 1228 his
2288 1192 2446 1238 casibus,

565 1274 690 1307 Rector
706 1274 873 1317 quattuor
891 1272 1028 1303 tantum
1043 1266 1252 1302 Nationibus
1269 1267 1339 1302 sive
1357 1266 1416 1301 uni
1436 1265 1607 1302 Facultati
1624 1265 1766 1301 Artium
1785 1264 1986 1312 praefectus
2007 1276 2084 1300 esse
2105 1264 2311 1312 putabatur.
2331 1264 2447 1300 Etiam

565 1354 657 1378 anno
677 1344 767 1376 1272
786 1343 913 1376 Rector
929 1339 1034 1374 unius
1049 1338 1242 1374 Facultatis
1255 1338 1470 1373 Artistarum
1488 1339 1615 1373 Rector
1630 1349 1706 1373 esse
1726 1336 1859 1372 dicitur
1878 1336 1980 1384 (Vid.
1999 1338 2038 1372 11⁰
2053 1335 2157 1384 441);
2177 1336 2236 1372 cui
2250 1336 2448 1372 sententiae

565 1418 706 1449 nostrae
735 1413 857 1448 Simon
890 1412 1026 1459 legatus
1059 1411 1183 1446 charta
1216 1410 1300 1445 anni
1337 1412 1430 1446 1275
1469 1412 1589 1457 aperte
1626 1408 1843 1456 suffragatur
1879 1408 2002 1444 dicens
2031 1420 2039 1443 :
2073 1423 2089 1440 «
2116 1408 2279 1444 Facultas
2306 1408 2447 1444 Artium

565 1485 815 1533 magistrorum
853 1482 1106 1518 Parisiensium
1205 1481 1312 1516 unius
1337 1484 1478 1516 tantum
1507 1480 1666 1516 Rectoris
1699 1480 1743 1516 sit
1777 1483 1947 1516 contenta
1971 1479 2145 1527 regimine
2175 1483 2215 1515 ut
2243 1491 2356 1515 unum
2388 1479 2450 1515 fiat

565 1556 654 1592 ovile
681 1559 716 1591 et
743 1567 836 1590 unus
859 1557 994 1601 pastor,
1023 1565 1136 1588 unum
1160 1564 1291 1600 corpus
1312 1552 1420 1587 unius
1442 1552 1567 1599 capitis
1586 1551 1761 1599 regimine
1782 1550 2075 1599 gubernandum,
2096 1554 2250 1598 quatuor
2271 1562 2451 1599 procura-

564 1632 658 1664 tores
678 1631 712 1662 et
728 1629 879 1673 quatuor
901 1625 1062 1661 bedellos
1079 1623 1223 1662 habeat.
1247 1640 1260 1656 υ
1289 1629 1353 1659 etc.
1379 1622 1475 1671 (Vz‘d.
1498 1628 1537 1658 n⁰
1558 1625 1644 1667 460,
1665 1635 1702 1671 p.
1727 1622 1830 1669 526.)

664 1697 837 1734 Paulatim
853 1708 933 1733 vero
952 1698 1091 1739 Rector,
1114 1696 1222 1731 etiam
1245 1695 1281 1730 in
1303 1694 1416 1731 tribus
1437 1694 1682 1742 superioribus
1704 1693 1965 1736 Facultatibus‚
1991 1706 2027 1730 se
2048 1694 2275 1742 interponere
2297 1697 2450 1731 conatus

567 1775 619 1806 est
640 1773 676 1805 ut
697 1773 802 1817 caput
823 1769 932 1804 totius
956 1767 1200 1803 Universitatis
1220 1766 1429 1803 haberetur.
1449 1768 1602 1814 Jamque
1629 1770 1711 1802 ante
1727 1777 1860 1802 annum
1885 1768 1976 1802 1279
1999 1767 2129 1801 Rector
2154 1765 2451 1814 congregationes

566 1841 750 1890 generales
768 1840 947 1876 faciendas
964 1839 1110 1875 decanis
1129 1839 1349 1874 Facultatum
1371 1839 1601 1874 Decretorum
1625 1842 1659 1874 et
1678 1837 1877 1874 Medicinae
1899 1837 2109 1873 denuntiare
2124 1836 2331 1885 incipiebat,
2350 1837 2448 1885 quod

566 1912 800 1949 verisimiliter
832 1911 988 1959 primum
1029 1922 1090 1946 seu
1129 1923 1193 1958 per
1230 1921 1267 1946 se
1303 1910 1379 1958 ipse
1415 1910 1486 1946 sive
1525 1921 1589 1957 per
1628 1909 1785 1957 aliquem
1826 1908 2036 1957 magistrum
2071 1909 2212 1944 Artium
2251 1908 2448 1946 efficiebat.

568 1984 704 2021 Sensim
720 1987 838 2019 autem
856 1982 1016 2018 bedellos
1034 1981 1281 2018 tautummodo
1298 1981 1351 2018 vel
1364 1981 1561 2029 quemlibet
1573 1981 1734 2029 juratum
1751 1981 2008 2024 Universitatis,
2028 1980 2296 2017 affirmantibus
2309 1979 2451 2017 Artistis

568 2057 636 2092 hoc
657 2055 741 2091 satis
762 2066 852 2098 esse,
873 2053 1048 2090 mittebat.
1067 2055 1109 2089 At
1127 2054 1269 2097 decani,
1296 2065 1332 2089 se
1356 2053 1473 2089 laesos
1494 2053 1564 2088 hoc
1584 2052 1850 2089 convocationis
1872 2052 1980 2088 modo
2005 2052 2214 2096 sentientes,
2239 2064 2387 2089 causam
2405 2051 2452 2089 ad

570 2128 751 2164 Simonem
774 2126 928 2173 legatum
953 2125 1163 2161 deferebant
1188 2125 1287 2172 (Vid.
1320 2128 1356 2160 11⁰
1380 2125 1479 2173 490),
1512 2125 1574 2172 qui
1605 2128 1724 2160 tamen
1754 2136 1835 2160 eam
1858 2136 1921 2172 pro
1945 2124 2087 2159 Artistis
2111 2123 2333 2172 dijudicabat
2349 2124 2450 2173 (Vz‘d.

570 2206 607 2234 11⁰
631 2198 726 2246 493).
763 2198 823 2233 His
846 2197 1105 2233 adumbrantur
1127 2198 1231 2244 primi
1257 2200 1405 2232 conatus
1430 2196 1590 2232 Rectoris
1613 2195 1679 2232 sibi
1701 2196 1790 2232 alias
1820 2196 2023 2232 Facultates
2052 2196 2260 2233 submittere
2290 2196 2449 2241 nitentis,

570 2281 774 2317 quanquam
791 2269 949 2305 nondum
969 2269 1012 2304 de
1027 2268 1216 2316 Theologis
1233 2267 1416 2316 agebatur.
1437 2269 1475 2302 ln
1494 2267 1648 2303 formula
1661 2268 1855 2316 juramenti
1871 2267 2119 2315 incipientium
2137 2268 2172 2303 in
2189 2268 2335 2304 Artibus
2357 2268 2454 2305 circa

570 2354 703 2377 annum
724 2343 815 2377 1280
832 2341 1033 2376 introducta
1049 2340 1175 2387 legitur
1191 2344 1329 2375 tantum
1349 2352 1356 2375 :
1376 2355 1392 2372 «
1413 2338 1603 2387 (jurabitis)
1622 2339 1716 2387 quod
1734 2351 1795 2375 vos
1811 2339 2044 2375 observabitis
2060 2339 2324 2376 ordinationem
2339 2351 2455 2389 nuper

573 2413 699 2449 saetam
724 2412 767 2447 de
791 2412 898 2447 modo
922 2412 1215 2459 congregationes
1237 2410 1479 2447 denunciandi
1494 2411 1679 2458 generales
1701 2411 1839 2446 decano
1862 2412 2098 2446 Decretorum
2120 2414 2152 2447 et
2177 2410 2313 2448 decano
2335 2411 2454 2448 Medi-

572 2496 692 2520 corum
715 2499 729 2516 »
762 2483 862 2531 (Vz'd.
890 2486 926 2518 1⁷1⁰
949 2483 1050 2530 501).
1076 2484 1154 2518 Non
1176 2482 1292 2530 potuit
1314 2487 1433 2518 tamen
1460 2484 1589 2518 Rector
1611 2482 1686 2518 tieri
1710 2485 1815 2530 caput
1837 2482 1947 2518 totius
1975 2483 2220 2518 Universitatis
2242 2483 2329 2531 quin
2353 2483 2454 2531 prius

572 2556 603 2591 ei
619 2559 736 2591 essent
752 2554 917 2590 submissi
933 2554 1105 2601 Theologi
1124 2554 1373 2602 diminutaque
1395 2553 1603 2590 Cancellarii
1622 2553 1828 2590 Parisiensis
1844 2554 2051 2590 auctoritas.
2071 2555 2110 2589 ln
2126 2554 2196 2590 hoc
2212 2557 2285 2590 erat
2302 2565 2453 2603 magnae

573 2627 679 2662 molis
696 2626 888 2673 negotium.

672 2697 774 2738 Quod
803 2700 927 2732 contra
955 2696 1109 2732 decanos
1138 2698 1369 2732 Decretorum
1404 2700 1438 2733 et
1475 2696 1690 2742 Medicinae,
1732 2696 1827 2733 idem
1864 2700 1990 2733 contra
2023 2696 2291 2732 Cancellarium
2327 2699 2456 2734 Rector

575 2779 763 2816 aggressus
788 2770 852 2803 est.
880 2767 1138 2803 Cancellarium
1165 2767 1275 2812 enim,
1302 2769 1393 2804 sicut
1417 2768 1586 2813 decanos,
1614 2780 1678 2816 per
1706 2767 1868 2804 bedellos
1889 2767 1933 2804 ad
1955 2768 2246 2815 congregationes
2267 2769 2455 2816 generales

576 2838 758 2875 citandum
789 2838 934 2882 curavit,
981 2850 1093 2886 poena
1133 2839 1281 2886 quidem
1326 2839 1570 2887 suspensionis
1614 2839 1812 2875 lectionum
1849 2839 2067 2887 praeposita.
2114 2840 2208 2875 Haec
2243 2840 2379 2876 scimus
2413 2852 2454 2877 ex

577 2909 867 2957 responsionibus
895 2909 975 2944 anni
1011 2912 1216 2946 1283-1284
1247 2910 1404 2957 magistri
1430 2910 1606 2946 Johannis
1633 2910 1676 2946 de
1707 2909 1892 2958 Malignes,
1929 2910 2171 2958 procuratoris
2201 2908 2455 2959 magistrorum

576 2981 714 3017 Artium
746 2980 844 3027 (vid.
875 2987 910 3014 ηο
941 2983 1025 3023 515,
1058 2993 1093 3028 p.
1126 2982 1228 3028 618).
1267 2981 1509 3018 Cancellarius
1537 2981 1760 3026 Parisiensis,
1797 2981 1982 3029 Philippus
2012 2981 2056 3018 de
2085 2982 2273 3026 Thoriaco,
2306 2983 2454 3020 moleste
