2580 3528
502 409 567 442 624
1086 415 1404 439 CHARTULARIUM
1439 414 1631 436 Uvalzns.
1669 414 1798 436 rAnis.
2281 406 2381 447 [1284

502 492 647 533 naliter;
667 498 702 525 et
722 492 849 524 damus
870 503 935 536 pro
956 497 1055 524 certo
1077 490 1175 536 quod
1196 489 1381 535 negotium
1405 488 1475 521 cito
1497 487 1742 532 expediretur.
1762 487 1798 521 Si
1818 499 1905 521 vero
1927 500 2000 521 non
2019 489 2175 531 venerit,
2191 489 2378 535 negotium

502 554 620 605 ipsum
648 559 780 604 poterit
805 559 841 591 in
866 558 964 591 curia
986 558 1048 590 diu
1069 564 1176 590 stare.
1197 556 1336 597 Valete,
1359 555 1427 588 viri
1453 554 1614 596 discreti,
1637 566 1702 599 per
1727 560 1889 600 tempora
1914 554 2096 601 longiora,
2117 562 2153 589 et
2177 556 2289 590 oretis
2314 568 2380 602 pro

502 625 609 659 nobis
635 632 670 658 et
694 625 789 658 orari
813 625 963 658 faciatis.
992 625 1119 657 Datum
1146 623 1241 668 apud
1267 622 1402 655 Urbem
1429 622 1599 655 Veterem
1628 620 1687 654 die
1711 621 1836 654 martis
1863 628 1945 655 ante
1970 622 2102 655 festum
2130 622 2379 668 apostolorum

504 692 662 726 Simonis
684 698 719 724 et
737 691 842 725 Jude.

595 782 761 808 Heium-aeus,
777 781 818 804 De
834 780 914 804 acad.
933 778 1037 807 Paris„
1055 787 1081 809 p.
1099 779 1137 801 80.
1155 791 1184 795 —-
1199 778 1323 805 Bulaeus,
1344 777 1390 806 111,
1406 777 1462 801 4611.
1482 790 1510 795 -
1526 777 1598 800 lianc
1615 776 1756 808 epistolam
1771 777 1805 800 ad
1820 785 1862 800 an.
1879 777 1940 800 1284
1956 785 2013 801 esse
2033 778 2199 801 resen-endam
2218 778 2284 802 bene
2308 786 2380 802 mon-

501 826 595 849 stravit
610 826 638 848 V.
656 826 688 848 Le
705 825 778 848 Clerc
794 824 819 847 in
830 824 902 847 Ilist.
919 823 971 847 litt.
986 824 1020 847 cle
1033 823 1061 846 Ia
1074 822 1192 850 France,
1208 822 1272 850 XXI,
1289 821 1342 844 821.

594 910 615 932 1.
633 910 651 932 1.
673 917 695 933 e.
712 908 855 932 Gaut‘ridus
871 908 902 931 de
918 908 1009 930 Barro.
1026 907 1065 930 Cf.
1082 914 1164 937 supra
1179 910 1208 928 n⁰
1222 906 1276 934 415,
1294 914 1318 929 n<
1337 907 1359 928 2.
1380 920 1411 923 -
1426 907 1448 929 2.
1466 905 1504 929 Cf.
1526 914 1609 937 supra
1627 910 1656 928 n0
1671 906 1725 929 515.
1746 919 1777 924 --
1792 907 1814 930 3.
1836 906 1900 929 Vide
1920 906 1990 930 infra
2009 910 2038 930 11⁰
2060 907 2114 935 528,
2137 906 2184 930 ubi
2206 906 2271 931 haec
2290 907 2379 931 omnin

502 954 582 977 multo
597 953 728 976 extensius
744 955 892 975 narrantur.
903 966 934 969 -
943 953 965 975 4.
978 951 1119 975 Guillelmo
1130 951 1161 973 do
1176 950 1328 974 Matiscone.
1339 964 1370 967 —
1380 952 1402 973 5.
1419 950 1567 974 Raimundo
1583 950 1771 974 d'Auberoche.
1783 950 1823 974 Cf.
1835 959 1917 982 supra
1932 955 1961 974 n⁰
1974 952 2029 979 498,
2046 959 2071 975 n.
2088 952 2111 975 6.
2123 965 2151 970 -
2162 952 2186 975 6.
2198 952 2217 975 1.
2234 959 2256 976 e.
2269 951 2380 978 litteras

501 998 634 1022 minutas.
657 998 755 1021 Revera
777 996 922 1019 decisiones
944 995 1049 1019 Martini
1073 996 1107 1018 IV
1129 995 1268 1018 exstabant
1289 998 1392 1018 tantum
1412 994 1438 1018 in
1458 995 1587 1027 minutis,
1613 1003 1665 1018 non
1687 995 1714 1018 in
1738 995 1910 1020 authenticis
1929 995 2053 1020 bullatis.
2073 995 2138 1019 Vide
2153 996 2223 1020 infra
2234 999 2265 1019 n⁰
2279 997 2332 1020 528.
2348 1009 2380 1015 —

503 1044 523 1065 7.
541 1042 679 1073 Philippus
695 1042 726 1064 de
742 1041 870 1064 Thon-iaco
883 1040 949 1063 obiit
964 1041 1036 1068 1284;
1053 1048 1103 1071 quo
1122 1048 1183 1063 vero
1199 1048 1288 1062 meuse
1304 1039 1433 1063 incertum
1449 1042 1497 1063 est.
1512 1053 1540 1057 —
1556 1040 1579 1063 8.
1596 1039 1720 1071 Philippo
1740 1039 1767 1063 in
1787 1039 1874 1063 officio
1889 1040 2042 1063 cancellarii
2061 1040 2191 1072 magister
2209 1040 2333 1065 Nicolauu
2347 1041 2380 1065 de

503 1086 666 1109 Nonancurin
683 1094 724 1109 nn.
742 1086 801 1108 1284
817 1085 951 1113 successit,
969 1084 1013 1116 qui
1027 1084 1053 1107 in
1068 1084 1188 1115 epistolis
1204 1083 1313 1107 Honorii
1329 1084 1362 1107 lv
1377 1084 1510 1107 interdum
1525 1084 1684 1108 nominatur.
1702 1084 1741 1108 Cs.
1759 1084 1828 1108 infra
1842 1084 1876 1108 nh
1891 1085 1945 1113 522,
1962 1085 2015 1107 528.

501 1266 611 1302 517.
634 1274 777 1300 Iohannes
792 1274 942 1307 Pecklaam,
959 1273 1195 1309 archiepiscopus
1213 1272 1440 1307 Cantuariensis,
1460 1272 1636 1299 cancellario
1655 1273 1812 1299 Oxoniensi
1826 1273 1927 1299 scribit
1942 1273 1978 1300 de
1994 1273 2167 1309 quibusdam
2183 1273 2376 1310 opinionibus,

588 1332 661 1359 quas
680 1323 800 1349 Thomas
817 1322 853 1349 de
868 1323 981 1358 Aquino
997 1322 1064 1349 olim
1079 1322 1205 1348 Parisiis
1220 1322 1342 1348 arbitrio
1358 1322 1561 1357 magistrorum
1576 1322 1736 1348 Parisiens.
1755 1322 1885 1358 subjecit,
1905 1331 2062 1358 amar-eque
2077 1322 2114 1349 de
2128 1322 2272 1357 fratribus
2286 1323 2378 1349 Prae-

589 1372 767 1398 dicatoribus
783 1372 973 1407 conqueritur.

1549 1420 1624 1450 7284,
1639 1420 1788 1447 Decembris
1805 1421 1826 1450 7,
1843 1421 1912 1453 apud
1923 1421 2091 1447 Brundesium

545 1495 769 1530 Cancellario
796 1495 1014 1529 Oxoniensi¹
1044 1495 1102 1528 vel
1132 1496 1212 1540 ejus
1239 1495 1338 1528 vices
1364 1494 1507 1540 gerenti
1535 1501 1570 1528 et
1597 1495 1782 1540 magistris
1809 1494 1945 1527 ibidem
1972 1494 2188 1540 regentibus
2215 1494 2376 1528 omnium

498 1563 704 1596 facultatum
733 1563 898 1597 salutem.
926 1563 962 1595 Si
992 1569 1128 1595 tantum
1160 1562 1310 1608 privatis
1335 1562 1537 1595 commodis
1563 1561 1783 1604 viveremus,
1811 1562 1898 1607 quid
1928 1568 2052 1595 contra
2081 1568 2242 1595 nostram
2272 1562 2379 1595 inno-

500 1630 651 1662 centiam
670 1641 734 1662 sue
755 1629 928 1662 fatuitatis
944 1629 1175 1662 effunderent
1191 1629 1428 1670 detractores,
1448 1628 1682 1661 mediocriter
1702 1640 1931 1669 curaremus,
1950 1629 2016 1662 sed
2037 1628 2132 1674 quia,
2150 1628 2237 1662 lieet
2255 1628 2377 1662 imme·

501 1696 572 1737 riti,
609 1708 735 1729 sumus
766 1696 889 1729 divino
920 1696 1084 1740 quamvis
1115 1695 1258 1729 occulto
1280 1695 1421 1740 judicio
1452 1695 1614 1740 deputati
1643 1707 1709 1740 pro
1740 1695 1856 1729 salute
1886 1695 2050 1728 fidelium
2081 1694 2310 1741 procuranda
2338 1695 2376 1728 in

501 1763 617 1795 officio
639 1762 821 1807 pastorali,
845 1762 978 1807 quibus
1000 1774 1042 1795 eo
1064 1763 1145 1807 ipso
1166 1768 1334 1795 tenemur
1354 1761 1399 1794 ad
1419 1762 1485 1794 Dei
1507 1761 1661 1807 gloriam
1687 1762 1773 1795 totis
1793 1761 1934 1796 viribus
1960 1761 2200 1807 complacere,
2223 1773 2377 1795 necesse

499 1829 686 1870 habemus,
710 1842 775 1874 pro
796 1829 1075 1863 irreverentium
1101 1828 1289 1862 hominum
1310 1828 1444 1874 jaculis
1470 1828 1711 1862 retundendis
1738 1835 1912 1870 nostram,
1935 1829 2100 1874 quamvis
2125 1828 2241 1870 inviti,
2263 1828 2379 1862 mani-

497 1896 662 1929 festando
698 1896 891 1929 insontium
926 1896 1090 1941 ipsorum
1124 1895 1307 1928 miseriam
1342 1895 1544 1941 propalare.
1583 1896 1674 1928 Sane
1709 1907 1826 1940 nuper
1860 1895 2107 1928 intelleximus
2141 1895 2374 1937 admirantes,

499 1963 596 2007 quod
618 1962 772 1996 dilectus
794 1963 830 1995 in
852 1962 998 1996 Christo
1019 1963 1130 1995 frater
1149 1964 1211 1997 WV.
1231 1962 1331 2007 prior
1350 1962 1501 1995 fratrum
1521 1962 1794 1995 Predicatorum
1814 1961 1962 2007 Anglie,
1985 1973 2092 2006 quem
2113 1973 2230 2006 usque
2251 1962 2288 1994 in
2308 1961 2375 1995 hec

497 2035 658 2073 tempora
701 2028 894 2061 habuimus
938 2029 1242 2062 affectuossisime
1283 2028 1587 2070 commendatum,
1635 2028 1790 2073 quedam
1835 2028 2049 2061 dedecentia
2090 2028 2128 2061 in
2176 2028 2294 2061 nostri
2339 2034 2376 2062 et

499 2101 707 2128 nostrorum
734 2095 975 2140 prejudicium
999 2107 1119 2127 coram
1145 2094 1251 2128 vobis
1277 2095 1511 2140 congregatis
1538 2094 1575 2127 in
1601 2094 1725 2139 vigilia
1752 2095 1786 2128 S.
1810 2095 1996 2136 Katerine,
2018 2094 2116 2139 quod
2141 2094 2201 2127 vix
2224 2094 2376 2128 credere

499 2173 708 2206 possumus,
731 2173 920 2206 perperam
942 2161 1145 2203 seminavit,
1168 2167 1280 2194 testes
1302 2161 1476 2194 invocans
1497 2161 1554 2194 sui
1575 2167 1611 2194 et
1630 2161 1747 2194 nostri
1768 2161 1923 2194 invicem
1946 2167 2117 2194 tractatus
2138 2160 2265 2203 habiti,
2283 2161 2375 2206 epis-

498 2240 610 2273 copos
642 2228 739 2270 illos,
762 2228 824 2273 qui
855 2240 972 2273 nuper
999 2228 1199 2261 intererant
1228 2227 1443 2273 solempniis
1477 2227 1773 2273 Saresbyriensis
1807 2228 1973 2273 episcopi
2000 2228 2271 2269 consecrandi',
2293 2239 2375 2261 cum

499 2302 616 2328 tamen
638 2279 833 2340 episcopus
853 2294 998 2339 aliquis,
1021 2306 1088 2327 nee
1109 2295 1300 2339 quisquam
1322 2294 1415 2327 alius
1436 2294 1641 2327 mortalium
1663 2294 1773 2328 verba
1794 2295 1987 2336 audiverit,
2009 2307 2079 2340 que
2101 2294 2170 2328 soli
2191 2306 2272 2328 cum
2294 2294 2374 2328 solo

499 2361 567 2394 sub
596 2361 711 2394 solius
739 2362 804 2394 Dei
830 2361 1040 2394 testimonio
1069 2367 1104 2395 et
1128 2361 1337 2394 nullatenus
1363 2361 1468 2394 aliter
1494 2361 1539 2394 de
1564 2367 1732 2394 annotata
1763 2361 1917 2394 inferius
1945 2361 2092 2394 materia
2120 2359 2373 2406 loquebamur.

500 2429 542 2460 Et
562 2428 643 2472 quia
665 2435 703 2461 ut
724 2427 830 2460 nobis
856 2428 1001 2469 dicitur,
1027 2434 1152 2460 eontra
1176 2427 1378 2469 veritatem,
1401 2428 1553 2460 forsitan
1580 2427 1778 2461 oblivionis
1805 2439 1926 2470 causa,
1950 2428 2069 2461 dictus
2091 2453 2113 2460 ..
2136 2427 2250 2473 prior,
2276 2426 2375 2462 salva

499 2506 563 2527 sua
591 2495 716 2539 gratia,
740 2501 880 2527 secreto
909 2501 1035 2527 nostro
1063 2494 1247 2539 colloquio
1275 2501 1331 2527 est
1357 2493 1508 2536 abusus,
1531 2494 1655 2528 nullus
1683 2494 1793 2527 debet
1819 2494 2054 2528 inhonestum
2079 2493 2137 2528 vel
2163 2500 2373 2527 extraneum

494 2561 672 2604 judicare,
695 2561 725 2593 si
746 2561 947 2602 veritatem,
969 2573 1073 2606 quam
1096 2561 1133 2593 in
1154 2560 1219 2594 hac
1245 2567 1344 2606 parte
1371 2561 1553 2602 novimus,
1575 2560 1760 2602 absentes,
1783 2567 1822 2594 ut
1847 2573 2057 2606 possumus,
2081 2572 2146 2606 per
2170 2560 2309 2594 litteras
2335 2560 2372 2594 in

499 2627 660 2659 suscitati
682 2639 746 2671 per
767 2627 884 2671 ipsum
907 2634 942 2660 et
962 2639 1049 2660 suos
1070 2634 1195 2660 contra
1216 2639 1284 2660 nos
1305 2634 1340 2660 et
1361 2634 1508 2661 nostros
1530 2627 1691 2661 scandali
1712 2627 1913 2660 remedium
1934 2627 2040 2661 vobis
2060 2627 2238 2661 veraciter
2258 2626 2373 2672 expli-

500 2705 636 2725 cemus.
660 2694 850 2726 Resereute
878 2694 990 2738 igitur
1014 2693 1120 2727 nobis
1146 2694 1268 2739 priore
1290 2694 1454 2739 predicto
1477 2694 1534 2727 die
1561 2700 1720 2739 pretacte
1745 2694 2033 2727 consecrationis
2058 2699 2142 2739 post
2165 2693 2371 2738 prandium,

500 2759 597 2803 quod
624 2759 752 2791 fratres
789 2759 845 2791 sui
876 2759 1105 2793 Oxonienses
1135 2759 1274 2805 pluries
1305 2760 1338 2793 ei
1364 2761 1600 2806 scripserant,
1633 2772 1701 2793 nos
1738 2760 1775 2793 in
1806 2766 1927 2805 partes
1954 2759 2095 2793 Oxonie
2131 2765 2371 2804 properantes

499 2825 688 2858 intendere
710 2816 872 2870 ipsorum
894 2826 1023 2858 Ordini
1044 2833 1079 2859 et
1103 2826 1252 2860 Ordinis
1279 2826 1516 2872 opinionibus
1544 2827 1736 2872 derogare,
1759 2826 2016 2872 respondimus
2041 2825 2136 2859 bona
2157 2825 2241 2867 fide,
2264 2837 2370 2871 quam

500 2891 606 2924 fidem
630 2891 811 2924 tenuimus
837 2898 872 2924 et
893 2894 1017 2924 tenere
1042 2892 1279 2935 intendimus,
1300 2900 1474 2938 quantum
1499 2905 1711 2938 possumus,
1733 2893 1812 2926 sine
1838 2892 2040 2938 prejudicio
2069 2892 2245 2935 veritatis,
2272 2892 2370 2937 quod

501 2970 566 2990 nec
594 2958 720 2990 Ordini
751 2970 874 2990 eorum
907 2970 973 2990 nec
1003 2958 1238 3003 opinionibus
1269 2959 1386 3004 ipsius
1413 2959 1575 3002 Ordinis,
1606 2971 1671 3004 pro
1700 2971 1742 2992 eo
1770 2959 1869 3004 quod
1897 2965 1982 2992 sunt
2008 2958 2171 3001 Ordinis,
2203 2958 2371 3002 intende-

2573 1842 2580 1933 mu—unh—
2575 1811 2580 1836 ...
2573 1790 2580 1803 -ι
2572 1585 2580 1784 hum
