2580 3528
291 427 391 470 1219]
632 437 678 459 Aa
713 436 819 458 Anno
854 435 931 459 mcc
965 435 1098 464 usque
1133 435 1182 457 An
1218 435 1447 457 rmmrrnu
1484 435 1523 457 {v
1558 435 1646 457 nse.
1683 436 1821 458 riu-Nc.
2123 429 2168 462 93

290 519 327 546 et
350 511 489 546 faciatis
516 510 720 545 studiosius
746 509 790 543 ab
817 509 898 543 aliis
925 509 1114 543 observari
1136 520 1144 543 :
1167 509 1266 554 quod
1285 509 1363 542 veri
1383 509 1488 542 amici
1514 509 1642 554 sponsi
1666 509 1818 555 possitis
1845 511 1974 543 merito
2001 523 2168 557 compro-

290 578 382 621 bari,
403 578 487 612 dum
510 576 767 623 paranimphos
794 588 883 610 suos
910 576 1135 610 erudiendos
1162 575 1207 609 ad
1234 575 1492 621 epythalamica
1513 576 1671 609 carmina
1697 576 1911 610 curaveritis
1938 589 2165 622 promovere.

290 647 368 679 Dat.
389 644 546 680 viterbii
564 645 621 690 xvj
644 644 713 678 kal.
736 643 964 686 Decembris,
985 642 1217 689 pontificatus
1238 642 1354 676 nostri
1375 654 1470 676 anno
1491 649 1631 688 quarto.

381 743 451 767 Bibl.
467 745 521 767 nat.
538 741 688 774 Olisippon.
704 741 782 766 divis.
799 741 938 772 Alcobaca,
958 745 988 765 n‘·
1002 742 1056 771 263,
1074 742 1118 765 sol.
1135 741 1189 765 221.
1206 741 1236 765 In
1251 741 1314 773 Reg.
1332 741 1388 764 vat.
1405 741 1471 765 Hon.
1489 741 1525 765 111
1541 749 1583 765 an.
1602 742 1625 770 4,
1641 749 1683 773 ep.
1699 742 1754 770 610,
1772 742 1817 765 sol.
1834 742 1897 765 142¹»
1911 742 2037 766 scribitur
2056 743 2168 775 epistola

289 796 302 812 s
317 787 380 812 Ven.
397 789 472 812 fratr.
497 787 650 812 Paniai-che
673 786 834 810 Antiocheno
858 789 884 810 et
906 786 1039 810 universis
1063 785 1272 818 archiepiscopis
1296 789 1322 810 et
1346 785 1479 818 episcopis
1504 794 1534 809 ac
1558 785 1604 810 dil.
1630 786 1667 810 fil.
1693 786 1787 810 ceteris
1812 786 1984 810 ecclesiarum
2007 787 2118 819 prelatis
2142 788 2168 811 in

287 832 471 866 patriarchatu
494 831 655 856 Antiocheno
678 831 829 855 constitutis
850 839 862 854 ¹>
883 830 909 862 (x
932 831 984 855 kal.
1010 830 1152 863 Decemb.),
1176 830 1280 854 noviter
1303 830 1373 854 edita
1397 839 1412 854 a
1437 830 1514 854 Card.
1541 830 1613 854 Pitra
1637 830 1664 854 in
1688 831 1828 856 Analecta
1851 831 2006 856 novissima
2027 832 2170 864 Spicileqii

290 876 456 903 solesmens-
471 877 562 902 altera
581 875 771 905 continuatio,
792 876 812 905 l,
829 876 883 900 570.
900 875 1006 900 Veteres
1021 875 1080 899 edd.
1097 875 1169 907 apud
1187 875 1318 904 Potthast,
1339 879 1368 899 n⁰
1382 875 1452 899 6165.
1475 875 1503 899 In
1518 878 1572 899 tres
1587 878 1677 907 partes
1693 875 1780 899 divisa
1798 876 1886 908 primo
1906 876 1932 899 in
1947 876 2054 900 Collect.
2071 877 2167 901 decret.

289 921 398 946 noum-ii
413 922 459 946 111.
475 921 606 954 (Compil.
627 921 676 953 V.),
692 921 722 950 V,
739 921 762 950 2,
778 921 806 949 1;
822 920 869 950 111,
886 921 925 949 27,
941 920 969 950 1,
986 920 1015 949 V,
1032 921 1071 950 12,
1087 921 1110 944 3.
1128 921 1157 944 In
1172 920 1194 944 X
1208 928 1270 944 vero
1285 920 1315 949 V,
1332 922 1354 949 5,
1370 928 1393 944 c.
1410 923 1437 949 5;
1454 920 1500 949 111,
1517 922 1555 949 50,
1571 928 1594 944 ο.
1611 921 1654 949 1o;
1670 920 1700 950 V,
1717 921 1756 949 33,
1772 929 1795 944 c.
1812 921 1850 944 28.

382 1007 405 1031 1.
421 1006 568 1031 Alexander
586 1006 623 1030 111
642 1006 670 1030 in
689 1005 806 1030 Concilio
827 1005 975 1030 Turonensi
996 1013 1038 1029 an.
1061 1005 1130 1029 1163.
1148 1005 1213 1029 Vide
1228 1013 1310 1037 supra
1324 1008 1400 1037 parte
1416 1005 1513 1029 introd.
1530 1009 1560 1028 n⁰
1575 1005 1596 1029 1.
1613 1019 1645 1024 —
1663 1006 1686 1029 2.
1703 1005 1823 1030 Clemens
1838 1013 1911 1038 papa
1926 1006 1960 1030 IV
1976 1015 1988 1030 n
2003 1006 2094 1030 habito
2109 1015 2168 1030 cum

289 1051 417 1076 fratribus
432 1051 531 1075 nostris
546 1051 657 1075 consilio
673 1059 685 1074 r
701 1050 856 1079 declaravit,
869 1050 939 1079 illos,
953 1050 998 1082 qui
1011 1050 1110 1074 habent
1123 1050 1258 1082 simplices
1274 1058 1352 1073 curas
1367 1050 1526 1078 animarum,
1537 1050 1584 1073 illa
1599 1049 1793 1074 Constitutione
1807 1058 1859 1074 non
1871 1050 1963 1075 teneri.
1976 1051 2045 1075 Bibl.
2058 1052 2167 1084 capitul.

287 1097 382 1121 Poson.
399 1104 448 1120 ms.
466 1096 504 1124 13,
522 1096 567 1120 tol.
584 1095 648 1119 228¹»
662 1095 728 1126 (sine
742 1095 848 1119 nomine
862 1095 972 1127 papae);
987 1094 1052 1119 haec
1068 1094 1208 1118 decretalis
1223 1097 1264 1119 est
1278 1095 1309 1118 26
1323 1094 1392 1118 inter
1406 1094 1477 1123 illas,
1493 1102 1560 1127 quae
1575 1094 1675 1119 ibidem
1694 1098 1724 1119 ut
1742 1098 1945 1127 extravagantes
1961 1104 1976 1119 a
1991 1096 2120 1128 Gregorio
2135 1097 2169 1121 lx

287 1149 372 1174 usque
385 1141 420 1165 ad
434 1141 595 1165 Clementem
606 1140 639 1164 IV
653 1139 808 1164 afferuntur.
826 1140 855 1164 In
871 1139 940 1164 Bibl.
957 1139 1025 1164 Mus.
1041 1139 1145 1163 bohem.
1161 1147 1210 1163 ms.
1228 1140 1247 1163 1.
1265 1139 1294 1163 B.
1310 1140 1334 1168 ln,
1350 1139 1452 1163 obtinet
1464 1140 1496 1163 149
1510 1139 1598 1163 locum
1612 1142 1638 1163 et
1651 1139 1796 1163 ascribitur
1806 1139 1935 1172 Gregorio
1951 1141 1994 1169 IX,
2011 1141 2102 1173 utique
2120 1150 2168 1173 per

287 1193 413 1215 errorem,
428 1193 489 1209 cum
503 1185 583 1209 etiam
598 1185 625 1209 ’m
639 1185 682 1214 Vl,
698 1193 720 1208 c.
738 1185 761 1214 1,
777 1193 809 1208 ne
823 1185 885 1208 cler.
902 1184 944 1208 vel
960 1192 1029 1208 mon.
1046 1184 1079 1216 (3,
1095 1184 1143 1216 24),
1159 1192 1230 1216 papa
1245 1184 1366 1208 Clemens
1382 1187 1411 1207 ut
1425 1187 1518 1207 auctor
1532 1184 1690 1213 nominetur,
1706 1188 1732 1208 et
1746 1185 1774 1208 in
1788 1184 1840 1208 isto
1855 1185 1949 1209 ultimo
1964 1194 2013 1209 ms.
2026 1187 2168 1210 nonnullae

288 1230 432 1254 decretales
452 1238 504 1254 non
524 1229 594 1254 veris
615 1229 768 1253 auctoribus
789 1229 966 1253 ascribantur.
982 1242 1014 1246 —-
1037 1229 1060 1252 3.
1082 1229 1111 1252 In
1131 1229 1222 1260 glossa
1241 1228 1325 1260 ignoti
1345 1236 1413 1252 saec.
1436 1228 1504 1257 XIII,
1526 1237 1593 1260 quae
1612 1229 1711 1260 legitur
1731 1229 1757 1252 in
1779 1229 1847 1253 Bibl.
1870 1238 1928 1262 cap.
1949 1230 2055 1254 Posonii
2071 1239 2121 1255 ms.
2139 1232 2168 1255 13

287 1275 342 1306 (fol.
368 1274 440 1307 191⁵)
463 1274 498 1298 ad
521 1282 543 1298 c.
565 1274 605 1303 28,
626 1274 656 1303 Χ,
677 1274 709 1298 dc
732 1273 823 1305 privil.
848 1272 880 1305 (5,
902 1273 951 1305 33),
971 1273 1068 1297 dicitur
1091 1281 1096 1296 z
1119 1281 1132 1296 ι(
1152 1273 1206 1296 Hoc
1232 1273 1297 1297 dicit
1319 1276 1429 1305 propter
1453 1273 1584 1305 quasdam
1610 1274 1692 1305 leges,
1713 1273 1836 1298 videlicet
1859 1274 1930 1303 illas,
1950 1283 2001 1307 que
2025 1275 2168 1300 admittunt

287 1319 402 1344 exerceri
418 1327 519 1343 usuras⁴
528 1322 555 1343 et
568 1318 678 1347 similes,
695 1326 746 1350 que
761 1326 813 1341 non
827 1317 951 1342 videntur
965 1317 1042 1341 inniti
1057 1317 1177 1350 equitati.
1194 1325 1206 1341 »

288 1490 366 1528 33.
390 1499 533 1526 Honorius
545 1499 593 1525 III
597 1497 764 1535 Philippum
779 1497 985 1524 cancellarium
996 1498 1192 1524 Parisiensem
1206 1501 1325 1534 propter
1338 1498 1439 1533 gravia
1455 1498 1600 1534 quaedam
1611 1502 1779 1525 accusatum
1791 1503 1817 1526 et
1828 1499 1869 1526 ad
1878 1509 1961 1526 suam
1970 1501 2168 1536 praesentiam

376 1555 560 1582 constitutum
575 1554 707 1581 Parisios
722 1554 850 1587 remittit,
868 1554 938 1590 quia
954 1553 1050 1580 nullus
1066 1557 1220 1580 accusator
1234 1554 1403 1590 comparuit.

1463 1640 1533 1670 1219,
1549 1640 1695 1667 Moremim'e
1709 1641 1754 1671 30,
1772 1641 1880 1668 Vitat-bii.

379 1755 399 1763 ..
422 1730 568 1762 Decano
589 1735 625 1762 et
644 1727 802 1774 capitulo
823 1727 1034 1762 Parisiensi.
1057 1728 1148 1762 Cum
1175 1728 1220 1761 ad
1245 1740 1353 1762 aures
1374 1734 1518 1762 nostras
1544 1728 1589 1762 de
1610 1728 1744 1762 dilecto
1766 1729 1842 1763 filio
1863 1729 1927 1763 Ph.
1951 1730 2168 1764 cancellario

286 1802 409 1830 vestro
435 1795 589 1842 quedam
614 1795 739 1841 gravia
764 1795 1035 1841 provenissent,
1063 1802 1099 1829 et
1122 1794 1169 1828 ob
1194 1794 1263 1829 hoc
1294 1807 1376 1828 eum
1402 1795 1446 1829 ad
1472 1802 1633 1829 nostram
1660 1797 1880 1842 presentiam
1900 1802 2167 1840 vocassemus¹,

287 1863 370 1909 quia
400 1862 482 1908 ipso
513 1873 634 1896 coram
667 1861 776 1895 nobis
805 1862 1038 1907 postmodum
1071 1869 1304 1908 comparente
1334 1862 1458 1896 nullus
1490 1869 1615 1896 contra
1648 1863 1806 1896 eundem
1837 1865 2039 1909 comparuit
2063 1877 2169 1898 accu-

286 1936 492 1964 satorznos
517 1929 555 1963 in
581 1928 651 1963 hoc
678 1935 714 1962 et
737 1928 819 1963 aliis
845 1940 913 1963 vos
939 1928 1120 1963 honorare
1146 1929 1327 1971 volentes,
1356 1941 1450 1975 quos
1479 1929 1586 1963 nobis
1612 1930 1781 1964 novimus
1803 1937 1838 1964 et
1862 1931 2062 1976 apostolice
2088 1932 2168 1966 sedi

286 1996 453 2039 devotos,
481 2003 518 2030 et
542 1996 604 2042 qui
631 2008 675 2030 ex
698 1995 829 2030 affectu
857 1995 1091 2038 sinceritatis,
1117 2008 1225 2042 quem
1253 1996 1299 2030 ad
1326 1997 1521 2030 Romanam
1547 1996 1690 2031 habetis
1715 1997 1922 2039 ecclesiam,
1948 1998 2026 2031 dari
2051 2011 2169 2045 nuper

285 2063 441 2097 ecclesie
460 2070 582 2098 vestre
603 2062 774 2096 dilectum
800 2062 914 2096 filium
939 2069 1104 2096 nostrum
1126 2063 1184 2096 A2.
1208 2062 1303 2096 tituli
1329 2064 1458 2097 Sancte
1485 2064 1650 2097 Susanne
1671 2064 1925 2110 presbyterum
1947 2065 2168 2100 cardinalem

286 2130 324 2163 in
353 2129 565 2176 episcopum
596 2129 823 2175 postulastis,
855 2129 1110 2163 cancellarium
1142 2129 1262 2176 ipsum
1291 2130 1335 2163 ad
1364 2142 1430 2164 vos
1459 2142 1540 2164 cum
1565 2131 1680 2176 gratia
1704 2138 1830 2165 nostra
1851 2131 2022 2166 duximus
2045 2133 2168 2167 remit-

286 2196 448 2230 tendum.
470 2197 549 2230 Dat.
570 2195 726 2231 viterbii
746 2196 770 2242 ij
793 2196 862 2230 kal.
885 2196 1113 2238 Decembris,
1135 2196 1368 2242 pontificatus
1388 2197 1505 2231 nostri
1526 2209 1622 2231 anno
1642 2205 1784 2243 quarto.

380 2294 444 2327 Reg.
464 2294 522 2318 Vnt.
544 2294 654 2318 Honor-ii
672 2295 710 2319 111
729 2302 763 2318 an
786 2296 810 2323 Ιι,
831 2302 873 2326 ep.
894 2295 950 2323 615,
973 2294 1017 2318 fol.
1039 2294 1110 2319 145⁵.
1134 2303 1146 2318 ε(
1167 2296 1196 2319 In
1217 2295 1329 2319 eundem
1351 2296 1459 2319 modum
1482 2294 1611 2327 scriptum
1631 2299 1690 2320 est..
1712 2296 1918 2328 Archiepiscopo
1939 2296 2083 2321 Senonensi
2098 2305 2119 2321 ».
2135 2310 2168 2316 -

285 2338 393 2365 Notion
407 2341 432 2363 et
450 2339 572 2366 extrui&
585 2339 632 2365 de!
647 2345 712 2365 mss⁴
728 2339 828 2368 xx1,2‚
841 2347 868 2371 p.
885 2339 940 2368 185,
956 2338 1002 2363 ubi
1017 2346 1159 2372 perperam
1179 2339 1306 2364 scribitur
1321 2347 1327 2364 2
1346 2349 1357 2363 α
1371 2340 1388 2372 ij
1404 2348 1465 2364 non.
1481 2340 1594 2364 Decemh
1603 2348 1625 2364 ».
1642 2341 1715 2364 Idem
1729 2348 1804 2365 error
1818 2341 1890 2373 apud
1906 2341 2035 2370 Potthast,
2050 2345 2080 2365 ιιο
2094 2342 2165 2366 6173.

381 2423 403 2447 1.
420 2423 460 2447 Cf.
477 2431 559 2456 snpra
573 2427 603 2447 n⁰
617 2423 655 2447 31.
671 2437 703 2442 —
717 2424 741 2448 2.
757 2423 985 2447 Aldobrandinum
1004 2423 1126 2453 Caietam
1147 2427 1175 2448 nt
1193 2432 1245 2448 non
1266 2424 1315 2448 fuit
1334 2423 1507 2456 approbatus.
1530 2424 1673 2448 Successor
1691 2424 1762 2448 Petri
1782 2425 1814 2448 de
1834 2425 1971 2453 Nemours,
1988 2426 2037 2449 hoc
2056 2434 2124 2450 anno
2140 2426 2166 2450 in

287 2467 393 2493 Oriente
407 2468 532 2498 defuncti,
549 2467 600 2492 tuit
613 2467 771 2493 Guillelrnus
785 2468 819 2492 de
833 2468 982 2500 Seignelay,
998 2476 1067 2492 anno
1081 2468 1189 2500 quidem
1204 2469 1273 2492 1220.

287 2634 367 2673 34.
390 2644 534 2671 Honorius
550 2645 597 2671 ΙΙΙ
607 2644 736 2671 concedit
750 2644 894 2680 fratribus
916 2644 1174 2671 Praedicatoribus
1190 2645 1415 2681 Parisiensibus,
1435 2649 1465 2671 ul
1480 2645 1508 2671 in
1525 2645 1648 2672 ecclesia
1663 2646 1736 2684 ipsis
1751 2655 1770 2673 a
1787 2647 1934 2683 magistris
1949 2647 2165 2675 Pari-aiensibus

376 2708 512 2727 concessa
527 2699 625 2727 divina
640 2699 786 2727 celebrare
798 2701 921 2737 possint.

1483 2764 1553 2794 1219,
1568 2764 1716 2792 Decembris
1732 2765 1750 2796 1,
1767 2766 1879 2793 ritae-⁶11:

378 2850 563 2885 Honorius
584 2851 781 2898 episcopus
802 2863 932 2886 servus
952 2864 1141 2886 servorum
1164 2852 1230 2886 Dei
1251 2852 1395 2886 dilectis
1420 2852 1506 2887 filiis
1531 2853 1704 2887 fratribus
1730 2853 1871 2888 ordinis
1892 2854 2162 2889 predicatorum

288 2915 440 2951 salutem
462 2923 498 2952 et
516 2917 752 2964 apostolicam
773 2917 1080 2953 benedictionem.
1105 2919 1248 2954 Vestris
1269 2919 1578 2965 postulationibus
1598 2920 1761 2955 inclinati
1781 2922 1992 2955 auctoritate
2014 2933 2164 2967 presen-

289 2983 376 3018 tium
407 2983 643 3031 indulgemus
674 2991 713 3019 ut
740 2985 776 3019 in
807 2985 976 3029 ecclesia,
1004 2998 1109 3032 quam
1141 2985 1265 3020 dilecti
1294 2987 1459 3032 magistri
1489 2987 1716 3022 parisienses
1743 2987 1849 3023 vobis
1880 2988 1975 3033 apud
2003 2988 2163 3021 Parisius
