2580 3528
243 403 341 443 1263]
580 411 627 434 ΑΒ
661 411 767 434 ANNo
802 411 879 438 mcc
914 411 1046 441 Περι-Ε
1081 413 1130 435 ΑΒ
1165 413 1398 437 ΡΗιιιιφυΜ
1435 417 1475 438 1v
1509 418 1598 440 nso.
1637 419 1774 441 runc.
2051 413 2117 445 435

187 504 191 507 ⁷
239 486 491 521 devolvantur.
519 485 767 520 Concedim'us
796 485 909 519 eciam
940 486 1059 519 eidem
1090 487 1265 533 magistro
1292 489 1333 522 R.
1359 496 1395 522 et
1419 492 1698 536 congregationi
1727 493 1889 537 predicte
1917 506 2114 540 pauperum

240 553 496 599 magistrorum
518 558 691 598 quantum
712 552 749 590 in
770 551 878 586 nobis
898 559 967 594 est,
989 553 1087 598 quod
1108 565 1236 588 omnes
1257 555 1439 600 predictas
1460 557 1589 590 domos
1610 564 1756 591 teneant
1776 559 1812 592 in
1834 572 1940 593 manu
1962 568 2116 602 mortua,

240 618 340 653 salvo
359 619 444 664 jure
469 619 507 652 in
532 618 856 652 omnibusralieno.
878 619 1064 653 Predictas
1084 627 1203 654 autem
1223 621 1314 655 duas
1335 622 1465 657 domos
1485 624 1677 669 contiguas
1697 637 1848 670 quarum
1875 638 1944 659 una
1969 627 2036 660 sita
2061 634 2118 661 est

239 691 322 719 ante
354 685 586 726 refectorium
621 685 867 731 predictorum
901 686 1051 720 fratrum
1085 687 1356 722 Predicatorum
1382 690 1484 734 juxta
1519 690 1666 723 domum
1701 691 1960 725 monachorum
1997 693 2117 726 Sancti

239 752 419 798 Dyonisii‚
440 751 509 786 alia
529 752 566 785 in
586 763 718 798 magno
739 752 820 786 vico
835 753 937 798 juxta
958 753 1105 787 domum
1126 754 1276 788 fratrum
1297 755 1568 790 Predicatorum
1589 757 1697 790 nobis
1717 769 1735 791 a
1757 758 1921 803 predicto
1943 759 2117 805 magistro

240 819 281 858 R.
307 830 518 862 concessas,
539 819 624 865 quia
648 830 709 853 eas
734 820 961 854 necessarias
987 820 1183 866 plurimum
1209 833 1292 856 esse
1318 822 1515 856 didicimus
1539 823 1713 858 fratribus
1737 825 1943 867 antedictis,
1973 826 2118 871 pietatis

237 886 370 920 intuitu
398 892 436 920 et
460 897 526 932 pro
555 886 718 920 remedio
745 886 864 920 anime
888 893 1013 921 nostre
1038 894 1073 921 et
1092 894 1366 923 autecessorum
1392 896 1601 924 nostrorum
1629 891 1667 924 in
1694 903 1819 937 puram
1845 899 1882 926 et
1905 900 2116 938 perpetuam

238 952 485 999 elemosynam
511 952 680 986 dedimus
701 959 737 986 et
756 953 1008 987 concessimus
1028 953 1202 988 fratribus
1222 955 1519 990 Predicatoribus
1539 957 1732 991 antedictis
1753 957 1797 991 ab
1817 958 1908 1004 ipsis
1929 965 1964 992 et
1989 971 2114 992 eorum

238 1018 520 1053 successorihus
548 1019 814 1065 imperpetuum
841 1019 990 1065 pacifice
1015 1020 1272 1066 possidendas,
1299 1033 1389 1067 quas
1420 1022 1568 1068 quidem
1601 1023 1730 1057 domos
1756 1025 1917 1070 prefatus
1942 1025 2118 1071 magister

239 1086 280 1119 R.
309 1085 478 1132 promisit
503 1097 543 1119 se
570 1085 875 1132 garantizaturum
901 1086 1050 1132 prefatis
1075 1087 1189 1132 priori
1209 1094 1245 1121 et
1264 1087 1437 1122 fratribus
1462 1089 1553 1134 ipsis
1580 1090 1624 1123 ad
1653 1101 1741 1124 usus
1766 1097 1802 1124 et
1827 1091 2116 1125 consuetudines

239 1152 354 1198 patrie
387 1158 513 1186 contra
547 1164 800 1198 quoscunque.
832 1154 876 1186 Et
904 1165 970 1198 pro
1000 1153 1068 1187 ista
1099 1154 1275 1200 garendia
1304 1155 1469 1188 facienda
1504 1156 1594 1190 duas
1628 1156 1757 1191 domos
1791 1157 1987 1203 predictas,
2017 1158 2116 1192 illam

237 1218 411 1254 videlicet
437 1231 544 1265 quam
574 1225 674 1253 tenet
702 1219 929 1253 Guillermus
963 1220 1008 1253 de
1042 1220 1198 1255 Belvaco
1231 1228 1267 1254 et
1299 1221 1396 1255 illam
1432 1234 1537 1268 quam
1573 1229 1672 1256 tenet
1701 1224 1875 1269 magister
1908 1225 2118 1259 Ludovicus

238 1285 406 1332 predicti,
442 1285 556 1331 priori
586 1292 622 1319 et
656 1285 829 1319 fratribus
858 1286 1051 1320 antedictis
1081 1287 1118 1320 in
1152 1288 1442 1334 contraplegium
1471 1289 1688 1335 assignavit3
1721 1297 1757 1324 et
1784 1303 1852 1324 nos
1882 1291 1988 1325 etiam
2018 1292 2118 1338 ipsas

237 1351 329 1386 duas
354 1351 484 1386 domos
510 1351 679 1386 dedimus
705 1352 801 1386 dicto
827 1353 1001 1398 magistro
1022 1355 1063 1387 R.
1084 1353 1154 1387 hoc
1175 1354 1284 1388 modo
1305 1355 1404 1400 quod
1426 1358 1554 1389 essent
1577 1356 1737 1402 obligate
1762 1357 1799 1390 in
1827 1358 2118 1404 contraplegium

237 1418 330 1465 ipsis
349 1418 464 1464 priori
485 1425 521 1452 et
539 1418 713 1452 fratribus
734 1431 800 1465 pro
820 1420 1091 1466 garentizandis
1112 1421 1220 1454 dictis
1247 1421 1419 1467 hospitali
1445 1429 1481 1455 et
1501 1422 1609 1456 domo
1637 1435 1718 1456 cum
1740 1424 1978 1469 pertinenciis
2003 1425 2118 1470 priori

237 1491 274 1527 et
291 1484 465 1519 fratribus
490 1485 722 1532 supradictis.
745 1486 853 1530 Quod
879 1493 919 1520 ut
942 1493 1056 1520 ratum
1078 1494 1115 1520 et
1140 1487 1270 1521 stabile
1292 1495 1502 1534 permaneat
1521 1489 1558 1522 in
1579 1489 1739 1523 futurum
1766 1497 1958 1536 presentes
1978 1491 2119 1525 litteras

237 1551 352 1599 sigilli
372 1552 490 1586 nostri
508 1552 662 1587 fecimus
682 1553 927 1599 impressione
947 1554 1094 1588 muniri.
1117 1554 1247 1588 Actum
1268 1555 1430 1589 Parisius
1451 1567 1546 1589 anno
1568 1557 1714 1590 Domini
1730 1558 1781 1590 Μ’)
1793 1558 1867 1592 CC⁰
1889 1558 2118 1604 sexagesimo

237 1619 359 1662 tertio,
380 1630 507 1653 mense
527 1619 734 1654 Decembri.

331 1717 468 1750 originale
480 1717 507 1742 in
519 1717 597 1742 Areh.
610 1720 664 1742 net.
680 1717 764 1742 Paris.
780 1718 807 1742 S.
822 1718 894 1747 621³,
909 1722 939 1742 n⁰
953 1719 991 1742 52.
1008 1718 1086 1743 Deest
1098 1716 1227 1751 sigillum.
1242 1733 1274 1738 —-
1288 1719 1397 1748 Ibidem,
1419 1724 1448 1744 n⁰
1468 1721 1506 1749 54,
1523 1724 1609 1745 exstat
1623 1721 1748 1747 vidimus
1762 1730 1804 1746 un.
1821 1722 1891 1746 1374.
1911 1722 2021 1748 Cartul.
2042 1724 2076 1748 de
2088 1723 2118 1748 la

239 1763 396 1792 Sorbtmne,
409 1762 438 1786 in
451 1761 520 1787 nihl.
536 1765 590 1787 nat.
603 1762 699 1792 Paris„
717 1770 768 1787 ms.
782 1762 829 1787 lat.
846 1763 931 1792 16069,
949 1763 993 1787 fol.
1010 1763 1032 1787 1.
1047 1763 1172 1792 Bulaeus,
1188 1764 1235 1792 111,
1249 1765 1305 1788 225.

330 1846 354 1871 1.
373 1846 438 1871 Vide
452 1846 484 1871 de
498 1846 559 1879 ipso
573 1847 679 1876 Delisle,
698 1847 813 1873 Cabinet
823 1849 871 1873 des
885 1854 961 1877 msa,
978 1848 1011 1877 ΙΙ,
1028 1849 1082 1872 214.
1099 1849 1146 1873 An.
1163 1849 1291 1881 sequenti,
1307 1857 1397 1873 mense
1418 1849 1507 1878 Junio,
1530 1849 1599 1874 idem
1614 1849 1702 1882 quoad
1717 1850 1783 1873 duas
1798 1850 1900 1879 domos,
1917 1859 1984 1882 quae
1999 1851 2118 1883 episcopi

237 1891 384 1924 Appi-ensis
402 1892 516 1921 fuerunt,
537 1891 564 1916 in
578 1892 731 1924 praesentia
745 1892 868 1916 officialis
882 1892 971 1917 curiae
985 1893 1074 1922 Paris..
1090 1893 1214 1918 asseruit.
1231 1893 1380 1926 Episcopus
1395 1902 1458 1918 vero
1473 1894 1582 1918 retinuit
1601 1894 1661 1922 sibi,
1678 1894 1805 1926 quamdiu
1823 1894 1895 1923 vixit,
1912 1896 2116 1920 usumfructum.

237 1936 358 1961 Asseruit
370 1935 481 1968 insuper
494 1936 634 1965 nobes-tus.
650 1936 740 1969 ipsum
754 1937 803 1961 has
816 1937 909 1962 domos
922 1945 982 1961 cum
994 1937 1063 1966 aliis,
1081 1946 1148 1970 quae
1162 1938 1234 1970 regis
1250 1938 1377 1963 Ludovici
1392 1942 1476 1967 erant,
1492 1942 1668 1971 permutasse.
1683 1939 1819 1971 Originale
1830 1939 1856 1963 in
1867 1939 1944 1963 Arch.
1961 1943 2014 1964 nat.
2031 1940 2117 1965 Paris.

238 1980 266 2006 S.
283 1980 355 2010 0218,
373 1984 403 2005 11⁰
417 1982 456 2006 50.
479 1980 590 2006 cartul.
605 1982 640 2006 de
653 1981 683 2007 la
695 1981 849 2011 sorbonne,
866 1982 913 2006 fol.
927 1981 984 2006 ⁶11¹.
1001 1982 1112 2007 nonatio
1123 1982 1243 2015 episcopi
1259 1991 1302 2007 an.
1320 1983 1389 2012 1261,
1405 1983 1504 2007 mensis
1520 1983 1612 2008 Octob.
1630 1984 1707 2008 Arch.
1724 1987 1788 2013 nat„
1804 1984 1821 2008 1.
1835 1992 1868 2013 c..
1884 1989 1914 2008 n0
1928 1985 1967 2008 53.
1984 1985 2024 2009 Cf.
2039 1993 2119 2017 prae-

238 2027 311 2051 tete·
322 2025 445 2054 cartul..
459 2025 504 2050 tol.
520 2025 591 2050 107⁵.
603 2039 639 2054 ,—
653 2027 676 2050 2.
692 2026 812 2052 Gualteri
826 2027 859 2052 de
872 2027 898 2051 S.
919 2026 1055 2056 Quintium,
1074 2027 1106 2052 de
1120 2036 1172 2060 quo
1192 2035 1275 2060 supra
1290 2032 1320 2052 11⁰
1334 2029 1389 2052 372.
1404 2041 1436 2046 —
1450 2029 1473 2052 ³.
1490 2028 1583 2060 Agitur
1598 2028 1640 2052 hic
1655 2029 1688 2052 de
1702 2028 1869 2053 scholaribus
1885 2029 1911 2053 S.
1929 2029 2056 2062 Dionysii,
2072 2030 2118 2062 qui

237 2072 327 2094 umen
340 2077 383 2094 ιιι.
399 2070 462 2094 1266
475 2070 510 2094 ab
524 2070 574 2094 hoc
588 2071 646 2095 loco
658 2070 714 2103 jam
727 2070 913 2096 discesserant.
930 2071 995 2096 Vide
1009 2079 1092 2104 supra
1107 2076 1137 2095 n⁰
1150 2073 1206 2101 ³92,
1222 2075 1293 2096 nota.
1309 2086 1341 2091 —
1354 2073 1378 2096 4.
1395 2073 1424 2096 Id
1440 2075 1481 2096 est
1495 2073 1622 2098 Gualteri.
1638 2086 1670 2092 -
1680 2075 1702 2098 5.
1719 2073 1758 2097 Ct'.
1772 2081 1855 2105 supra
1870 2077 1899 2098 n⁰
1913 2074 1967 2098 241.

239 2266 352 2305 394.
375 2276 556 2312 Manli-edus,
573 2285 626 2304 ret
639 2277 767 2314 Siciliae,
784 2278 949 2306 doceor-ibus
969 2279 998 2306 in
1011 2279 1216 2316 philosophica
1235 2278 1392 2316 disciplina
1407 2279 1533 2306 Parisiis
1551 2279 1735 2306 studentibus
1752 2279 1918 2306 Aristotelis
1937 2279 2118 2316 aliorumque

324 2324 561 2362 philosophorum
575 2325 698 2362 codices,
715 2335 787 2363 quos
802 2327 831 2354 in
846 2327 970 2354 latinam
985 2327 1114 2364 linguam
1129 2329 1253 2355 conver-ei
1265 2330 1386 2363 fecerat,
1404 2328 1479 2355 dono
1495 2328 1674 2355 transmittit.

1535 2417 1608 2444 Circa
1622 2425 1662 2444 an.
1679 2417 1757 2444 1263.

329 2488 550 2523 Sedentibus
567 2489 604 2523 in
620 2490 810 2537 quadrigis
826 2490 1081 2538 philosophice
1094 2492 1103 2510 ¹
1126 2491 1321 2538 discipline
1338 2492 1556 2526 parisiensis
1573 2491 1684 2526 studii
1701 2491 1915 2526 doctoribus
1932 2492 2117 2527 universis

239 2555 451 2590 Mansredus
478 2556 544 2590 Dei
573 2556 701 2603 gratia,
727 2562 791 2592 etc.
821 2558 862 2591 In
891 2557 1112 2592 extollendis
1137 2558 1239 2605 regie
1270 2559 1474 2605 prefecture
1504 2559 1673 2605 fastigiis,
1705 2558 1841 2605 quibus
1867 2566 2116 2605 congruenter

239 2621 368 2665 officia,
394 2621 498 2669 leges
524 2629 560 2657 et
583 2635 681 2658 arma
700 2624 980 2667 communicant,
1003 2625 1210 2660 necessaria
1229 2626 1307 2659 sore
1328 2625 1513 2659 credimus
1538 2625 1692 2660 scientie
1717 2625 1962 2669 condimenta,
1984 2638 2030 2661 ne
2050 2637 2117 2672 per

237 2687 348 2735 hujus
381 2689 504 2724 suavis
538 2696 574 2724 et
607 2690 805 2725 mulcebris
833 2691 1074 2738 ignorantiam
1102 2692 1329 2726 conmixture
1359 2692 1456 2726 vires
1485 2691 1579 2726 ultra
1613 2691 1703 2726 liciti
1735 2693 1911 2727 terminos
1942 2693 2115 2727 effrenate

238 2754 440 2798 lasciviant,
469 2762 506 2790 et
533 2757 682 2803 justicia
711 2757 799 2792 citra
829 2757 943 2792 debiti
973 2759 1120 2805 regulas
1149 2758 1326 2793 diminuta
1355 2759 1579 2806 languescat.
1612 2760 1710 2794 Hanc
1741 2771 1808 2794 nos
1841 2760 2017 2806 profecto,
2053 2760 2114 2806 qui

237 2821 360 2857 divina
379 2822 574 2870 largitione
595 2824 742 2870 populis
762 2825 1007 2871 presidemus,
1024 2825 1189 2872 generali
1208 2838 1278 2872 qua
1299 2838 1427 2860 omnes
1447 2825 1616 2860 homines
1636 2832 1762 2860 natura
1780 2826 1875 2860 scire
1891 2826 2115 2868 desiderant,

238 2894 275 2923 et
298 2889 448 2936 speciali
478 2902 547 2937 qua
574 2891 736 2937 gaudent
761 2891 873 2938 aliqui
900 2891 1086 2927 voluntate
1114 2892 1306 2939 prolicere,
1334 2899 1417 2927 ante
1443 2899 1612 2939 suscepta
1641 2893 1833 2939 regiminis
1861 2893 1977 2927 nostri
2004 2905 2114 2926 onera

239 2965 385 3002 semper
409 2968 429 2991 a
449 2957 643 3003 juventute
663 2964 788 2993 nostra
808 2959 1035 3005 quesivimus
1056 2959 1246 2994 indefessi.
1269 2961 1356 2994 Post
1375 2960 1480 3006 regni
1505 2971 1592 2994 vero
1618 2959 1734 2994 nostri
1762 2971 1869 2994 curas
1895 2965 2113 3005 assumptas,
