2580 3528
235 422 332 463 1274]
573 432 620 454 AB
654 431 760 454 Anno
792 430 871 454 ucc
905 430 1038 459 usqua:
1072 430 1122 452 An
1158 428 1390 451 PHILIPPUM
1424 428 1465 450 iv
1499 428 1591 450 aaa.
1627 427 1764 450 rnANc.
2043 416 2105 450 507

323 507 414 540 Item
449 504 575 539 nullus
608 504 806 550 recipiatur
833 504 870 538 in
900 504 1009 538 domo
1037 504 1110 537 nisi
1141 502 1299 537 voluerit
1327 502 1395 536 ista
1425 502 1610 547 deponere
1640 501 1671 534 si
1700 500 1848 540 fuerint,
1879 507 1913 533 et
1947 500 2108 545 predicta

232 584 391 607 servare.

305 684 310 687 Π
327 641 415 674 Item
438 640 563 674 nullus
583 638 780 685 recipiatur
798 638 836 671 in
856 637 978 679 domo,
1001 637 1073 671 nisi
1093 637 1201 670 fidem
1223 642 1374 682 prestet,
1402 635 1500 681 quod
1522 635 1553 668 si
1573 633 1771 680 contigerit
1789 634 1908 679 ipsum
1929 632 2045 666 libros
2065 633 2110 666 de

233 707 420 741 communi
439 705 744 752 recipere‚.quod
771 705 866 739 sicut
891 716 980 738 suos
1006 704 1055 738 ita
1080 703 1166 737 illos
1192 702 1351 736 fideliter
1370 701 1593 743 observabit,
1619 707 1656 734 et
1679 700 1780 734 nullo
1806 700 1914 733 modo
1935 699 2113 733 distrahet

236 785 303 807 nec
323 772 612 808 accommodabit
632 778 731 806 extra
753 771 913 813 domum,
941 778 978 805 et
996 782 1062 817 per
1081 771 1264 816 integrum
1292 769 1420 803 reddet
1445 780 1510 802 eos
1531 767 1835 814 quandocumque
1856 767 2049 812 exigentur
2068 765 2112 799 ab

234 851 278 874 eo
299 846 335 874 et
353 839 500 886 quando
519 839 718 885 contigerit
737 850 819 872 eum
839 837 962 872 villam
983 838 1094 871 exire.

326 908 415 940 Item
436 905 592 952 quilibet
611 906 736 939 socius
755 904 886 939 habeat
912 905 1057 950 signum
1087 905 1274 951 proprium
1296 904 1333 937 in
1360 903 1490 949 pannis
1518 902 1596 936 suis
1621 908 1657 937 et
1681 901 1828 935 unicum
1856 907 1993 934 tantum
2015 906 2051 933 et
2069 899 2113 934 ab

235 973 317 1007 aliis
349 973 548 1007 diversum.
584 974 629 1006 Et
661 972 781 1006 omnia
811 972 916 1018 signa
945 972 1019 1005 sint
1046 972 1180 1017 scripta
1206 972 1244 1005 in
1270 983 1342 1004 una
1369 969 1509 1011 cedula,
1538 976 1574 1003 et
1601 980 1712 1015 super
1745 967 1937 1014 quodlibet
1967 967 2113 1013 signum

238 1052 371 1074 nomen
394 1039 496 1074 illius
516 1041 623 1086 cujus
643 1045 710 1073 est.
741 1040 785 1073 Et
810 1038 871 1072 illa
899 1038 1027 1072 cedula
1055 1038 1216 1072 tradatur
1240 1037 1389 1080 famulo,
1410 1043 1450 1070 ut
1469 1036 1560 1070 sciat
1578 1046 1804 1082 cognoscere
1825 1035 1970 1080 signum
1992 1035 2116 1078 cujus-

237 1106 338 1141 libet.
362 1108 406 1140 Et
425 1106 582 1140 famulus
603 1118 678 1140 non
698 1105 849 1152 recipiat
869 1117 1010 1151 pannos
1031 1105 1075 1139 ab
1095 1104 1217 1150 aliquo
1238 1105 1354 1146 socio,
1375 1103 1447 1138 nisi
1467 1103 1588 1137 videat
1607 1102 1765 1148 signum.
1790 1103 1833 1135 Et
1853 1108 1938 1135 tunc
1958 1100 2115 1134 famulus

230 1174 373 1220 ,poterit
391 1173 547 1207 reddere
567 1172 719 1207 cuilibet
737 1173 840 1206 socio
860 1184 1001 1218 pannos
1021 1184 1122 1206 suos⁴

329 1242 418 1274 Item
445 1252 519 1274 non
546 1246 656 1286 ponat
681 1239 815 1284 aliquis
843 1245 1037 1273 extraneus
1066 1239 1104 1272 in
1133 1238 1244 1272 bursa
1273 1238 1353 1272 sine
1383 1237 1530 1271 licentia
1559 1236 1738 1282 magistri,
1768 1247 1835 1269 nec
1864 1235 2030 1269 comedat
2056 1241 2117 1268 aut

330 1375 418 1408 Item
445 1373 651 1407 ordinatum
677 1380 735 1407 est
762 1373 860 1418 quod
887 1372 942 1406 illi
969 1373 1031 1418 qui
1058 1378 1240 1406 steterunt
1268 1372 1306 1404 in
1331 1371 1439 1404 domo
1469 1383 1550 1404 cum
1579 1370 1751 1416 expensis
1776 1370 1921 1411 domus,
1947 1369 2118 1415 quatinus

241 1440 457 1487 provideant
476 1439 548 1474 sibi
575 1446 614 1474 ut
640 1440 733 1473 infra
759 1439 871 1473 breve
898 1446 1042 1485 tempus
1068 1450 1107 1472 se
1136 1444 1331 1484 preparent
1350 1444 1386 1471 et
1409 1437 1607 1483 disponent
1630 1437 1673 1470 ad
1701 1436 1965 1482 proficiendum
1987 1437 2024 1469 in
2045 1448 2118 1469 ser-

241 1506 413 1542 monibus
440 1506 600 1553 publicis
627 1518 693 1553 per
718 1506 942 1553 parrochias,
970 1506 1007 1539 in
1032 1504 1343 1552 disputationibus
1368 1511 1403 1538 et
1423 1503 1644 1538 lectionibus
1669 1503 1706 1536 in
1731 1503 1864 1545 scolis;
1893 1503 1982 1536 alias
2007 1502 2120 1536 bene-

241 1574 335 1608 ficiis
355 1574 487 1608 domus
506 1573 665 1608 totaliter
685 1573 938 1620 privabuntur.
966 1574 1010 1607 Et
1033 1572 1119 1606 licet
1139 1578 1292 1618 possent
1311 1571 1380 1606 hoc
1399 1572 1518 1605 facere
1539 1582 1583 1604 ex
1609 1570 1742 1604 virtute
1763 1569 1947 1615 privilegii
1970 1581 1977 1602 ε
2002 1576 2120 1603 tamen

242 1640 429 1675 karitative
450 1652 662 1687 premoneo.
686 1641 738 1674 De
759 1639 833 1674 illis
852 1651 954 1682 vero,
976 1640 1037 1685 qui
1058 1639 1202 1674 noviter
1222 1645 1308 1673 sunt
1327 1638 1477 1684 recepti,
1499 1637 1557 1672 vel
1578 1637 1640 1683 qui
1660 1636 1862 1683 recipiendi
1883 1643 1981 1677 sunt,
2003 1636 2122 1670 taliter

243 1713 300 1742 est
328 1707 552 1749 ordinatum,
582 1706 682 1753 quod
711 1706 782 1740 nisi
812 1706 1036 1753 profecerint
1064 1706 1101 1739 in
1131 1705 1377 1747 sermonibus,
1410 1703 1719 1751 disputationibus
1754 1710 1789 1737 et
1818 1703 2053 1746 lectionibus,
2084 1710 2124 1736 ut

243 1773 379 1808 dictum
400 1780 470 1816 est,
497 1774 591 1808 infra
611 1773 806 1820 septimum
831 1786 966 1808 annum
991 1785 1011 1807 a
1035 1780 1199 1819 tempore
1225 1772 1447 1818 receptionis
1473 1783 1539 1805 sue
1559 1770 1729 1805 similiter
1749 1770 2000 1816 privabuntur.
2027 1772 2071 1804 Et
2091 1770 2122 1804 si

244 1842 338 1875 sorte
357 1841 567 1887 contigerit,
589 1840 687 1887 quod
708 1840 841 1886 aliquis
867 1841 997 1874 timore
1022 1839 1232 1874 amissionis
1257 1839 1450 1873 bursarum
1475 1838 1587 1872 vellet
1610 1849 1650 1871 se
1670 1838 1840 1884 ingerere
1861 1837 1905 1871 ad
1925 1837 2122 1883 legendum

243 1907 401 1954 aliquem
429 1907 565 1941 librum
594 1907 776 1950 incautus,
807 1907 1043 1953 improvisus,
1071 1907 1301 1940 insufficiens·
1322 1905 1382 1940 vel
1411 1905 1600 1951 indignus,
1627 1905 1726 1950 quod
1754 1916 1827 1938 non
1853 1904 2125 1950 permitteretur

246 1974 365 2009 eidem
385 1981 536 2021 propter
555 1974 766 2008 scandalum
787 1974 955 2016 aliorum,
981 1974 1053 2008 nisi
1074 1973 1216 2020 judicio
1242 1979 1278 2007 et
1302 1972 1511 2007 testimonio
1536 1971 1653 2017 magis
1681 1978 1936 2018 provectorum
1957 1971 1995 2004 in
2015 1971 2124 2004 domo

247 2047 478 2088 reputaretur
497 2053 582 2076 esse
602 2041 789 2076 sufficiens
808 2041 868 2076 vel
887 2041 1054 2088 ydoneus
1074 2041 1118 2075 ad
1138 2040 1349 2087 legendum.

337 2108 427 2142 Item
455 2108 554 2151 volo,
585 2108 749 2155 precipio
782 2115 818 2142 et
848 2114 967 2143 statuo
1001 2108 1099 2154 quod
1126 2107 1258 2141 diebus
1282 2106 1509 2153 jejunalibus
1537 2118 1555 2140 a
1585 2106 1679 2140 sesto
1709 2106 1878 2140 Omnium
1911 2108 2123 2141 Sanctorum

249 2186 366 2220 usque
394 2174 440 2208 ad
469 2175 728 2221 carniprivium
757 2187 831 2210 non
857 2175 1069 2210 comedatur
1098 2175 1135 2208 in
1165 2175 1274 2208 domo
1304 2174 1372 2208 ista
1401 2174 1447 2207 de
1477 2173 1587 2207 bursa
1617 2174 1688 2207 nisi
1718 2174 1755 2206 in
1784 2174 1950 2219 vesperis
1980 2181 2015 2207 et
2043 2180 2125 2219 post

249 2252 378 2275 omnes
398 2240 576 2275 lectiones
597 2241 759 2276 diurnas.

339 2308 428 2342 Item
458 2319 524 2354 pro
551 2319 639 2354 pace
659 2315 696 2342 et
715 2308 869 2342 utilitate
890 2308 1113 2355 explicamus
1142 2307 1241 2354 quod
1262 2307 1386 2341 nullus
1406 2306 1583 2341 secularis
1604 2318 1750 2340 morans
1778 2306 1815 2339 in
1835 2306 1933 2349 villa,
1954 2306 2123 2352 scriptor,

249 2380 437 2408 corrector
455 2374 514 2408 vel
535 2374 746 2420 quicunque
770 2374 864 2409 alius
889 2375 969 2409 sine
994 2387 1124 2421 magna
1148 2386 1256 2408 causa
1281 2373 1460 2415 comedat,
1480 2374 1599 2419 jaceat
1623 2373 1659 2406 in
1680 2385 1833 2414 camera,
1856 2385 1922 2407 nec
1943 2380 2127 2408 remaneat

251 2441 363 2475 sociis
383 2440 679 2483 comedentibus,
702 2453 769 2475 nec
790 2441 827 2475 in
848 2441 1011 2487 pratellis
1031 2441 1089 2475 vel
1109 2440 1189 2475 aula
1209 2440 1267 2475 vel
1287 2439 1368 2474 aliis
1384 2439 1476 2473 locis
1497 2439 1628 2473 domus
1644 2439 1855 2485 frequenter
1874 2446 2126 2484 conversetur,

252 2519 297 2542 ne
318 2513 462 2542 secreto
482 2507 614 2542 domus
635 2514 670 2542 et
689 2508 925 2542 conversacio
946 2507 1130 2542 sociorum
1151 2506 1323 2541 omnibus
1344 2506 1524 2552 patefiant.

342 2575 431 2608 Item
459 2573 584 2608 nullus
611 2581 805 2608 extraneus
830 2574 874 2608 ad
902 2581 1109 2621 compotum
1135 2573 1192 2608 vel
1218 2573 1526 2620 congregationes
1553 2571 1732 2619 speciales
1757 2572 1940 2607 sociorum
1966 2573 2125 2615 accedat,

252 2647 289 2675 et
307 2639 369 2675 ille
390 2641 495 2686 cujus
515 2641 626 2675 fuerit
644 2641 794 2688 hospes,
815 2641 884 2675 hoc
903 2641 1075 2676 attendat.

341 2708 430 2742 Item
461 2707 586 2742 nullus
616 2708 741 2742 socius
769 2709 982 2755 frequenter
1010 2708 1166 2742 adducat
1194 2714 1386 2741 extraneos
1414 2705 1459 2740 ad
1493 2706 1689 2752 potandum
1725 2706 1770 2740 de
1799 2707 1995 2750 communi,
2031 2714 2065 2741 et
2095 2708 2125 2742 si

251 2773 392 2816 fecerit,
414 2773 532 2809 solvat
551 2775 753 2809 secundum
775 2775 1085 2809 existimacionem
1108 2773 1386 2821 dispensatoris.

342 2840 433 2875 Item
454 2840 579 2875 nullus
599 2842 723 2876 socius
743 2841 873 2876 habeat
892 2841 1028 2876 clavem
1050 2841 1096 2875 de
1116 2841 1283 2887 coquina.

343 2906 433 2941 Item
463 2907 588 2942 nullus
621 2908 745 2943 socius
774 2910 897 2955 jacere
927 2909 965 2943 in
993 2908 1078 2943 villa
1107 2914 1206 2942 extra
1236 2908 1384 2941 domum
1414 2913 1612 2953 presumat,
1641 2913 1677 2941 et
1710 2906 1742 2941 si
1771 2918 1816 2941 ex
1844 2919 1950 2940 causa
1986 2907 2125 2949 fecerit,

254 2983 374 3006 coram
395 2971 508 3007 latore
529 2974 638 3008 rotuli
659 2975 705 3009 de
725 2974 794 3009 hoc
815 2975 972 3010 fideliter
990 2987 1030 3010 se
1051 2981 1211 3009 excuset.
