2580 3528
239 411 335 453 1259]
573 421 621 443 As
654 421 761 444 Anno
795 421 874 444 mcc
908 421 1042 450 usqua
1076 421 1125 443 An
1160 421 1391 443 rnumrrnn
1428 421 1469 443 iv
1503 422 1593 444 asc..
1629 423 1766 445 rnAxc.
2045 416 2108 448 401

236 507 303 541 pro
326 501 427 541 parte
456 494 620 540 ipsorum
649 494 836 528 humiliter
864 494 1119 540 supplicatum,
1152 501 1202 536 ut,
1234 507 1315 528 cum
1347 507 1420 528 non
1450 495 1521 527 nisi
1552 507 1616 540 per
1645 496 1951 529 contributiouem
1979 498 2112 543 magis-

236 567 373 595 trorum
403 567 439 595 et
467 561 661 595 scolarium
691 561 902 607 hujusmodi
933 561 1139 595 debitorum
1171 561 1368 595 satisfactio
1398 561 1514 595 valeat
1543 562 1750 606 provenire,
1779 563 1971 607 providere
2002 576 2114 608 super

234 627 303 662 hoc
350 628 405 662 eis
451 627 738 661 misericorditer
775 640 998 661 curaremus.
1044 628 1222 671 Quocirca
1267 627 1480 661 discretioni
1524 634 1584 660 tue
1628 640 1693 673 per
1735 629 1933 673 apostolica
1981 630 2114 674 scripta

236 694 448 728 mandamus
479 694 650 740 quatinus
675 694 706 728 si
732 701 788 728 est
812 695 859 728 ita
884 695 1078 728 universos
1105 701 1140 728 et
1165 694 1334 740 singulos
1354 694 1551 740 magistros
1577 700 1657 728 actu
1684 701 1855 740 regentes
1887 707 1927 728 ac
1953 695 2114 729 scolares

236 761 462 797 Parisienses
489 767 557 794 tarn
577 761 673 806 juris
698 761 863 795 canonici
889 774 995 807 quam
1022 761 1228 807 theologice
1249 773 1288 794 ac
1309 761 1459 794 aliarum
1481 761 1587 794 etiam
1608 761 1830 802 facultatum,
1853 762 1951 807 quod
1977 762 2115 807 singuli

237 839 302 873 pro
331 834 405 861 rata
429 828 531 873 juxta
560 827 726 873 proprias
755 828 944 861 facultates
969 828 1006 861 in
1031 827 1215 862 solutione
1240 840 1280 861 ac
1306 828 1552 861 satisfactione
1582 827 1787 861 debitorum
1815 835 1850 861 et
1875 840 2113 874 expensarum

236 893 447 939 hujusmodi
471 893 705 927 contribuere
730 894 912 936 studeant,
939 894 1140 928 monitione
1161 894 1339 940 premissa
1360 906 1425 940 per
1445 906 1635 927 censuram
1658 894 1940 928 ecclesiasticam
1961 894 2116 940 appella-

238 961 336 994 tione
362 967 498 994 remota
523 960 722 1006 compellas
744 972 751 994 ε
776 973 849 994 non
870 961 1037 995 obstante
1058 961 1185 1006 quavis
1206 961 1406 1006 apostolice
1427 961 1527 994 sedis
1548 961 1789 1006 indulgentia,
1811 961 1857 994 de
1878 973 1946 1006 qua
1972 961 2115 1006 plenam

238 1033 274 1061 et
293 1038 501 1072 expressam
523 1033 687 1072 oporteat
706 1027 744 1060 in
764 1027 999 1073 presentibus
1022 1027 1100 1061 fieri
1122 1027 1355 1061 mentionem.
1378 1028 1457 1061 Dat.
1480 1027 1646 1073 Anagnie
1667 1028 1700 1073 vj
1727 1027 1775 1060 id.
1803 1027 1974 1073 Augusti,
1997 1027 2117 1073 ponti-

239 1093 366 1128 licatus
395 1093 511 1127 nostri
540 1105 636 1127 anno
657 1094 796 1139 quinto.

332 1208 468 1241 originale
482 1209 509 1233 in
523 1209 601 1233 Arch.
617 1212 672 1233 nat.
690 1209 775 1234 Puris.
791 1210 820 1234 L.
835 1211 890 1237 253,
906 1213 936 1233 n⁰
950 1211 1005 1233 250.
1020 1210 1096 1233 Bunn
1121 1209 1246 1241 plumbea
1270 1209 1323 1233 filis
1343 1209 1454 1232 cannah.
1471 1209 1641 1240 appenditur.
1658 1209 1687 1232 ln
1703 1209 1812 1232 membr.
1841 1217 1935 1233 aversa
1951 1218 1957 1233 ι
1975 1218 1986 1233 α
2003 1210 2118 1234 Univer-

238 1253 304 1277 βίω
314 1253 441 1277 Parisien.
454 1262 476 1282 u,
488 1253 521 1277 ad
536 1254 612 1286 eujus
627 1253 703 1277 Arch.
719 1253 878 1285 pertinebat.
894 1253 964 1278 Bibl.
979 1254 1111 1286 Phillipps
1127 1253 1153 1277 in
1168 1253 1350 1281 Cheltenham.
1363 1261 1412 1277 ms.
1429 1254 1484 1283 876,
1502 1253 1546 1276 fol.
1558 1253 1615 1281 621»,
1629 1253 1679 1276 sub
1694 1253 1734 1276 tit.
1749 1261 1754 1276 z
1772 1262 1784 1276 a
1800 1253 1936 1278 Generalis
1952 1254 2117 1278 conservatio

237 1297 439 1330 privilegiorum
462 1297 649 1322 Universitatis
673 1297 773 1322 directa
787 1298 886 1321 decano
902 1298 928 1321 S.
945 1298 1042 1322 Macati
1057 1298 1089 1321 de
1104 1298 1187 1321 Burro
1204 1306 1226 1327 a,
1242 1301 1291 1323 etc.
1308 1297 1429 1329 Epistola
1448 1300 1585 1328 praeterea
1600 1300 1640 1320 est
1659 1297 1758 1321 inserta
1783 1298 1958 1322 instrumento
1973 1300 2004 1322 30
2018 1298 2117 1330 Aprilis

238 1341 300 1366 18¹8
314 1341 340 1366 in
355 1342 433 1366 Arcti.
448 1341 527 1366 Univ.
541 1342 626 1366 Paris.
638 1342 714 1366 theca
725 1342 767 1366 IV.
783 1343 811 1366 Α.
825 1342 863 1371 18,
878 1350 902 1370 n,
918 1350 949 1366 ex
963 1350 1016 1374 qua
1030 1342 1169 1370 Jourdain,
1186 1346 1215 1366 11⁰
1231 1342 1285 1366 182.
1301 1355 1332 1360 —
1347 1343 1376 1366 In
1391 1341 1556 1366 Inventam
1569 1342 1616 1366 des
1631 1342 1747 1367 ariciens
1762 1342 1840 1367 utres
1852 1342 1905 1374 qui
1918 1346 1982 1367 som
1994 1343 2066 1368 dans
2079 1342 2119 1368 les

237 1386 326 1412 Arch.
345 1387 378 1411 de
394 1386 575 1412 FUm'verst'td
593 1386 680 1415 (Ax-ch.
706 1386 784 1411 Univ.
810 1386 905 1415 Paris„
928 1390 958 1410 n⁰
978 1388 1028 1416 98),
1051 1395 1078 1418 p.
1099 1387 1154 1415 170,
1177 1386 1206 1410 B.
1224 1387 1247 1415 7,
1262 1386 1289 1415 b,
1313 1386 1351 1410 sie
1371 1386 1545 1418 consignatur
1565 1386 1630 1409 baec
1648 1385 1742 1409 bulla:
1760 1395 1772 1409 (ι
1790 1386 1866 1410 Bulle
1889 1387 2060 1411 d'Alexandre
2084 1387 2118 1411 lv

237 1430 379 1455 addi-veneo
393 1438 428 1454 nu
439 1431 524 1463 doyen
536 1431 569 1455 de
583 1431 775 1455 Seium-Murena
790 1431 822 1455 de
837 1431 1045 1460 Bar-sur-Auhe,
1061 1430 1107 1463 qui
1125 1434 1202 1463 porte
1228 1430 1412 1454 confirmation
1427 1430 1473 1454 des
1489 1430 1594 1454 articles
1619 1430 1743 1454 aecordez
1766 1433 1839 1454 entre
1862 1431 2030 1455 l'Universite
2040 1435 2066 1455 ct
2079 1431 2118 1455 les

237 1476 320 1500 tren-e·
332 1475 503 1504 rte-chenu,
518 1476 534 1499 6
547 1475 594 1499 des
609 1475 671 1499 Idus
686 1475 803 1504 d'Aoust,
819 1475 989 1507 pontificatus
1005 1477 1020 1500 5
1035 1483 1058 1504 n,
1075 1488 1102 1494 ·-
1119 1475 1190 1507 quod
1205 1474 1274 1499 sicut
1287 1475 1378 1499 videre
1392 1475 1453 1498 licet
1465 1474 1504 1498 rei
1519 1483 1571 1498 non
1586 1474 1718 1506 congruit.

239 1711 352 1750 353.
374 1720 543 1748 Alexander
566 1722 611 1748 IV
633 1721 674 1748 ad
698 1722 861 1759 episcopum
885 1722 1080 1750 Parisiensem
1107 1726 1138 1749 ut
1159 1722 1283 1757 litteras,
1315 1721 1421 1758 quibus
1444 1721 1614 1758 petitionem
1642 1720 1839 1748 universitatis
1865 1721 2067 1756 magistrorum
2093 1725 2120 1748 et

328 1769 504 1797 scholarium
519 1769 556 1797 de
567 1770 716 1798 Guillelmo
731 1770 768 1798 de
784 1773 811 1798 S.
828 1772 932 1799 Amore
947 1773 976 1798 in
990 1774 1099 1798 statum
1111 1772 1267 1808 pristinum
1283 1770 1462 1798 restituendo
1480 1774 1619 1806 tanquam
1635 1769 1785 1805 indignam
1801 1770 1916 1807 repulit,
1935 1771 1964 1797 in
1980 1771 2121 1797 communi

327 1818 489 1846 eorumdem
503 1819 657 1847 audientia
673 1820 770 1856 faciat
783 1821 911 1848 recitari.

1429 1878 1506 1908 1259,
1521 1877 1631 1910 Λυῃηεϋ
1644 1877 1678 1912 11,
1695 1877 1831 1910 anagniae.

328 1959 536 1994 Alexander
573 1960 770 2007 episcopus
800 1974 930 1997 servus
959 1974 1150 1996 servorum
1181 1962 1247 1996 Dei
1281 1960 1482 1995 venerabili
1518 1961 1618 1994 fratri
1655 1986 1676 1993 ..
1713 1961 1886 2006 episcopo
1922 1960 2119 1994 Parisiensi

241 2025 393 2061 salutem
423 2033 460 2061 et
491 2027 726 2073 apostolicam
756 2028 1062 2063 benedictionem.
1090 2029 1182 2063 Cum
1210 2028 1430 2062 universitas
1456 2027 1714 2073 magistrorum
1741 2034 1778 2060 et
1801 2027 1996 2061 scolarium
2022 2028 2121 2061 Pari-

241 2093 418 2127 siensium
442 2093 638 2140 magistros
663 2096 701 2128 P.
727 2095 772 2129 de
798 2096 951 2130 Divione
977 2102 1013 2130 et
1035 2097 1077 2130 T.
1104 2096 1149 2129 de
1170 2094 1337 2130 Cusello¹
1363 2094 1512 2127 nuntios
1538 2105 1628 2127 suos
1648 2094 1693 2127 ad
1715 2100 1873 2128 nostram
1901 2094 2119 2140 presentiam

242 2159 463 2194 destinasset
489 2171 530 2194 ac
563 2160 659 2195 inter
686 2168 807 2196 cetera
835 2163 1002 2208 petiisset
1032 2175 1097 2208 per
1126 2175 1204 2204 eos,
1236 2161 1479 2196 Guillermum
1510 2161 1556 2194 de
1586 2161 1717 2194 Sancto
1750 2160 1885 2194 Amore
1923 2160 1968 2194 ab
2003 2161 2119 2206 ipsius

245 2225 499 2260 Universitatis
532 2228 718 2262 consortio
753 2229 831 2262 suis
860 2229 980 2275 culpis
1014 2228 1247 2275 exigentibus
1286 2228 1487 2273 relegatum
1523 2227 1560 2260 in
1599 2233 1729 2260 statum
1769 2227 1976 2272 pristinum,
2012 2239 2118 2272 quein

244 2291 355 2325 nullis
398 2292 596 2338 penitentie
634 2294 752 2340 signis
791 2296 1004 2341 promeruit,
1049 2295 1221 2341 reparari,
1262 2307 1344 2335 nos,
1383 2293 1470 2327 licet
1512 2292 1751 2339 petitionibus
1789 2293 1870 2326 aliis
1916 2305 1979 2338 per
2020 2293 2120 2338 ipsos

244 2358 438 2404 magistros
467 2371 511 2392 ex
540 2359 657 2406 ipsius
687 2361 944 2395 Universitatis
974 2368 1073 2408 parte
1104 2361 1303 2407 propositis
1333 2360 1494 2406 benigne
1528 2359 1740 2392 duxerimus
1778 2366 1885 2404 prout
1918 2360 2119 2393 secundum

243 2426 358 2459 Deum
389 2425 468 2459 fieri
502 2426 620 2472 potuit
647 2427 914 2470 annuendum',
940 2428 1222 2474 postulationem
1257 2434 1376 2461 tamen
1405 2426 1569 2472 ipsorum
1600 2437 1712 2471 super
1738 2426 1968 2459 restitutione
1994 2427 2121 2471 prefati

243 2491 289 2526 G.
325 2491 370 2525 ad
406 2491 687 2527 Universitatem
722 2494 919 2540 predictam
955 2494 1156 2541 repulimus
1192 2500 1231 2527 ut
1267 2493 1468 2539 indignam,
1505 2492 1564 2526 cui
1603 2491 1751 2537 quidem
1788 2491 1932 2537 publica
1969 2492 2120 2534 oll'ensa,

242 2568 349 2604 quam
370 2557 468 2592 nulla
493 2558 706 2594 humilitatis
729 2561 893 2595 ostensio
918 2561 1136 2607 expiaverat,
1163 2559 1401 2606 repugnabat,
1419 2565 1568 2605 propter
1593 2558 1691 2604 quod
1715 2558 1824 2592 iidem
1846 2559 1962 2592 nuntii
1983 2558 2122 2593 litteras

243 2630 400 2667 nostras,
438 2637 505 2671 per
541 2638 631 2671 quas
661 2628 823 2672 predicte
854 2628 1089 2662 Universitati
1120 2639 1232 2674 super
1261 2626 1452 2673 premissis
1489 2637 1665 2671 responsa
1701 2631 1849 2671 paterna
1883 2632 1919 2659 et
1954 2625 2121 2660 benivola

244 2690 488 2735 mittebamus,
512 2693 649 2727 referre
672 2706 737 2740 pro
763 2694 866 2728 libito
893 2701 1118 2729 recusarunt.
1145 2693 1324 2738 Quocirca
1350 2692 1564 2726 fraternitati
1589 2698 1649 2726 tue
1675 2703 1740 2737 per
1764 2691 1963 2738 apostolica
1988 2692 2121 2738 scripta

243 2756 408 2791 districte
444 2759 680 2805 precipiendo
716 2761 928 2795 mandamus
963 2762 1134 2808 quatinus
1170 2761 1316 2794 easdem
1347 2759 1498 2801 litteras,
1537 2771 1628 2804 quas
1658 2757 1723 2791 tibi
1759 2758 1829 2792 sub
1866 2758 1964 2792 bulla
2000 2766 2121 2793 nostra

245 2823 534 2867 transmittimus,
573 2826 610 2860 in
645 2828 829 2861 communi
860 2828 1117 2875 magistrorum
1148 2834 1183 2861 et
1212 2826 1407 2861 scolarium
1437 2825 1620 2859 audientia
1650 2824 1847 2870 diligenter
1882 2826 2026 2866 recites,
2066 2825 2121 2859 vel

244 2889 353 2924 facias
383 2890 539 2934 recitari,
571 2899 610 2926 ut
638 2893 692 2927 eis
721 2901 858 2940 aperte,
889 2907 934 2929 an
964 2895 1102 2929 nuntiis
1131 2894 1211 2928 suis
1240 2892 1505 2927 rationabiliter
1540 2898 1576 2926 et
1610 2891 1770 2937 benigne
1807 2891 2120 2937 responderimus,

244 2955 459 2999 innotescat,
491 2958 634 3005 ipsique
669 2972 742 2994 non
778 2973 822 2995 ex
855 2962 1093 3008 perversitate
1127 2962 1343 3006 cujusquam
1378 2958 1627 2993 inconsultum
1662 2964 1811 2998 motum,
1843 2958 1907 2991 sed
1942 2970 1984 2991 cx
2022 2957 2124 2991 boni-

372 3014 469 3040 cnara.
490 3015 567 3042 Unio,
586 3017 682 3043 Parte.
700 3019 722 3043 1.
1960 3015 1997 3042 ,Μ
