2580 3528
239 424 336 465 1247]
585 433 631 455 ΑΒ
665 433 770 455 ΑΝΝο
805 432 882 455 Mcc
917 433 1050 460 usone
1085 433 1133 454 Λῐ)
1168 433 1398 454 rutum-uu
1435 433 1473 454 iv
1508 433 1597 454 nso.
1636 433 1772 454 ruane.
2054 425 2117 458 199

242 550 351 588 169.
374 559 556 585 Innocentius
578 559 622 586 IV
631 558 797 585 doctoribus
818 562 846 584 et
868 558 1049 584 universitati
1070 557 1246 585 scholarium
1269 558 1480 583 Parisiensium
1503 557 1624 583 mandat
1640 562 1670 583 ut
1691 562 1812 587 statum,
1838 567 1914 593 quae
1936 561 2118 592 confecerunt

327 607 379 634 viri
391 607 492 634 selecti
506 607 544 634 ab
559 607 625 644 ipsa
645 607 843 639 Universitate,
862 606 1068 633 inviolabiliter
1082 606 1238 633 observent.

1480 665 1528 691 124
1533 666 1557 695 7,
1572 665 1660 691 nortia·
1671 665 1696 695 2.
1712 665 1828 698 Lugduni.

328 740 565 774 Innocentius
594 740 791 786 episcopus
821 751 950 773 servus
981 752 1170 773 servorum
1201 740 1267 773 Dei
1298 739 1442 773 dilectis
1472 739 1558 772 filiis
1587 738 1801 772 doctoribus
1829 746 1861 772 et
1891 739 2116 772 universitati

239 806 432 841 scolarium
464 807 723 840 Parisiensium
754 806 907 840 salutem
943 814 978 840 et
1011 806 1245 852 apostolicam
1282 806 1589 840 benedictionem.
1626 806 1805 849 Quotiens
1837 818 1902 851 pro
1934 806 2117 839 communi

240 873 392 907 utilitate
412 873 531 919 aliqua
556 879 776 915 statuuntur,
799 885 864 919 per
885 885 954 919 que
976 874 1052 919 paci
1075 880 1110 907 et
1132 873 1380 919 tranquillitati
1407 872 1613 906 consulitur
1633 885 1672 906 ac
1694 872 1840 918 publice
1861 872 2063 906 honestatis
2084 879 2119 905 et

238 939 391 974 honoris
411 947 627 986 procuratur
653 947 901 986 augmentum,
929 940 1154 974 conveniens
1180 947 1235 974 est
1261 947 1296 974 et
1322 940 1472 981 decens,
1501 946 1540 973 ut
1560 940 1684 973 eadem
1711 939 1755 973 ab
1777 939 1948 972 omnibus
1972 929 2119 973 irrefra-

239 1006 410 1052 gabiliter
435 1006 689 1041 observentur.
717 1008 806 1041 Cum
836 1007 949 1052 igitur
975 1007 1070 1040 sicut
1094 1007 1301 1052 accepimus
1329 1007 1475 1052 quidam
1503 1019 1546 1039 ex
1566 1006 1672 1040 vobis
1692 1007 1735 1040 ad
1764 1007 1945 1040 tractanda
1972 1007 2118 1052 negotia

241 1074 497 1108 Universitatis
522 1080 643 1108 vestre
664 1074 906 1107 communiter
926 1074 1087 1119 deputati
1109 1081 1238 1108 statuta
1258 1074 1427 1119 quedam,
1449 1074 1700 1107 ordinationes
1724 1080 1757 1106 et
1778 1073 1860 1115 alia,
1878 1085 1948 1118 que
1974 1073 2118 1106 utilitati

241 1147 278 1174 et
302 1140 432 1174 honori
462 1147 585 1174 vestro
619 1153 782 1187 congrue
817 1148 1032 1181 noscuntur,
1068 1147 1164 1174 certa
1199 1153 1291 1186 pena
1321 1148 1357 1174 et
1380 1140 1598 1185 juramentis
1632 1140 1860 1185 interpositis
1890 1140 2119 1174 decreverint

240 1206 482 1249 observanda,
510 1208 783 1242 universitatem
809 1214 964 1241 vestram
991 1220 1177 1253 rogamus,
1204 1220 1395 1241 monemus
1417 1214 1451 1240 et
1470 1207 1656 1240 hortamur
1680 1213 1814 1240 attente
1836 1219 1901 1252 per
1920 1206 2118 1252 apostolica

239 1273 346 1308 vobis
379 1274 512 1320 scripta
547 1274 774 1315 mandantes,
809 1274 980 1320 quatinus
1012 1274 1042 1307 si
1078 1281 1134 1308 est
1168 1275 1228 1316 ita,
1264 1281 1392 1307 statuta
1428 1280 1461 1307 et
1499 1274 1749 1307 ordinationes
1783 1273 1942 1318 predicta
1977 1285 2017 1307 ae
2051 1273 2118 1307 alia

239 1341 392 1387 provide
422 1334 586 1374 ordinata
615 1341 793 1374 studeatis
822 1340 1082 1374 inviolabiliter
1111 1340 1320 1374 observare.
1345 1342 1422 1374 Dat.
1446 1340 1614 1386 Lugduni
1642 1341 1675 1385 vj
1704 1352 1790 1373 non.
1814 1340 1946 1381 Martii,
1974 1340 2119 1386 pontifi-

240 1413 342 1441 catus
362 1408 478 1441 nostri
499 1419 594 1441 anno
615 1414 755 1453 quarto.

334 1504 471 1537 Originnle
485 1505 512 1528 in
527 1505 603 1529 Arcb.
621 1508 673 1529 nat.
691 1505 777 1529 Paris.
798 1505 831 1529 M.
852 1506 909 1534 65⁸,
930 1510 960 1528 n⁰
979 1506 1001 1528 1.
1028 1505 1104 1528 Bulla
1129 1505 1254 1537 plumbea
1278 1505 1330 1528 fitis
1352 1505 1463 1528 cannah.
1486 1505 1655 1536 appenditur.
1682 1505 1849 1536 Subscriptio
1871 1515 1882 1527 «
1902 1506 1942 1528 Ju.
1963 1506 2024 1529 Nar.
2047 1514 2068 1529 υ.
2091 1506 2119 1529 ln

239 1557 334 1574 averna
349 1549 503 1574 membrana
518 1557 524 1573 t
543 1558 555 1574 (ι
570 1549 736 1574 Univenitas
757 1558 769 1573 »
785 1553 811 1574 et
826 1548 860 1580 τί,
876 1549 1029 1574 Pertinebat
1043 1550 1076 1573 ad
1098 1550 1174 1573 Arch.
1192 1549 1314 1574 Univers.
1330 1563 1361 1567 —
1375 1550 1437 1581 Reg.
1455 1549 1512 1572 vat.
1530 1549 1674 1573 iunocentii
1694 1549 1728 1573 IV
1747 1558 1788 1573 nn.
1811 1551 1834 1579 la,
1855 1558 1896 1581 ep.
1913 1551 1968 1578 459,
1986 1550 2030 1574 sol.
2047 1550 2117 1574 367⁵.

240 1594 340 1619 Demnt
358 1593 401 1618 hic
415 1594 497 1618 verba
513 1602 519 1618 2
537 1603 549 1618 ιι
563 1602 612 1626 per
630 1594 777 1626 apostolica
792 1594 868 1618 vobis
883 1594 984 1626 scripta
998 1602 1020 1618 n.
1042 1594 1105 1618 cod.
1122 1594 1179 1618 Vat.
1200 1595 1263 1626 Reg.
1280 1595 1336 1622 1106,
1357 1594 1402 1618 sol.
1425 1594 1480 1618 15¹³.
1502 1593 1570 1617 Bibl.
1592 1593 1725 1626 Phillipps
1745 1594 1771 1617 in
1791 1594 1972 1623 metientium,
1993 1603 2042 1618 ms.
2063 1595 2118 1623 876,

240 1638 286 1667 [ol.
298 1638 338 1667 16,
353 1638 404 1662 nub
416 1638 493 1662 tituto
504 1646 510 1662 t
522 1647 534 1662 α
545 1639 580 1663 Ut
594 1641 693 1662 statuta
703 1638 890 1662 Universitatie
906 1638 1095 1662 inviolabiliter
1107 1638 1291 1666 observentur,
1307 1646 1357 1670 que
1374 1638 1481 1662 utilitati
1497 1646 1527 1661 ac
1543 1638 1635 1661 honori
1651 1638 1768 1670 ejusdem
1784 1646 1930 1670 congruere
1945 1642 2117 1662 noscuntur-u.

240 1682 364 1712 Bulaeus,
381 1683 427 1714 111,
443 1684 482 1712 52,
498 1691 639 1715 perperam
654 1683 805 1707 Innocentio
821 1683 857 1707 111
873 1683 1004 1707 attribuit.

246 1862 354 1901 170.
377 1872 521 1899 lohannes
539 1874 566 1899 S.
579 1873 728 1899 Benedicti
742 1873 935 1899 Floriaccnsis
950 1873 1043 1899 abbas
1059 1877 1156 1899 notum
1171 1873 1246 1907 facit
1261 1881 1298 1899 ex
1312 1882 1386 1899 nunc
1402 1873 1431 1899 in
1445 1877 1613 1909 perpetuum
1629 1873 1725 1899 decem
1742 1882 1778 1899 ea:
1792 1874 1936 1908 [ratribus
1952 1874 2120 1900 monasterii

331 1921 360 1948 in
375 1921 511 1958 prioratu
534 1923 561 1948 S.
593 1922 721 1948 Gervasii
742 1921 962 1949 Aurelianensis
985 1922 1014 1948 in
1036 1930 1142 1948 sacrae
1165 1921 1327 1957 theologiae
1352 1921 1450 1948 studio
1471 1921 1580 1957 sedere,
1602 1922 1795 1958 provectiores
1820 1931 1882 1948 vero
1904 1931 1999 1948 eorum
2029 1931 2120 1948 causa

331 1970 450 2007 major-ie
464 1970 606 1997 scientiae
621 1970 802 1998 hauriendae
817 1971 948 1997 Parisios
963 1971 1004 1997 (id
1018 1971 1146 1997 studium
1161 1970 1336 2006 dirigendos.

1553 2034 1602 2060 124
1607 2035 1630 2064 7,
1645 2042 1736 2061 mense
1750 2034 1832 2067 Aprili.

332 2107 513 2141 Omnibus
534 2107 672 2142 litteras
693 2115 885 2154 presentes
910 2109 1132 2154 inspecturis
1152 2109 1262 2142 frater
1281 2108 1466 2142 Johannes
1488 2109 1554 2142 Dei
1575 2109 1689 2155 gratia
1711 2109 1746 2142 S.
1770 2109 1958 2142 Benedicti
1985 2109 2120 2142 Floria-

242 2173 365 2208 censis
391 2173 504 2208 abbas
530 2174 683 2208 salutem
704 2174 741 2208 in
762 2175 931 2209 Domino.
959 2175 1110 2221 Egregii
1135 2175 1375 2221 predicatoris
1399 2175 1500 2209 Pauli
1525 2174 1732 2221 disciplinis
1753 2175 1884 2208 eruditi
1911 2175 2120 2217 didicimus,

243 2239 342 2286 quod
369 2247 538 2286 parentes
565 2247 712 2286 paterna
739 2241 967 2287 providentia
998 2241 1190 2275 thesauros
1219 2241 1305 2275 filiis
1332 2241 1489 2276 debeant
1515 2254 1715 2276 reservare.
1744 2243 1880 2275 Verum
1906 2248 1941 2275 et
1967 2242 2121 2287 paterfa—

243 2306 362 2340 milias
390 2306 522 2352 plenus
551 2307 691 2341 dierum
724 2314 893 2353 provecte
923 2315 1135 2354 matureque
1164 2308 1269 2342 etatis
1295 2314 1330 2342 et
1354 2309 1390 2341 in
1420 2308 1585 2354 proximo
1617 2308 1787 2342 universe
1812 2308 1932 2342 carnis
1957 2307 2118 2341 debitum

244 2373 455 2407 redditurus
482 2374 615 2408 frustra
644 2373 824 2408 laboraret
854 2374 1096 2420 plantationes
1126 2375 1289 2409 novellas
1320 2375 1502 2416 inserens,
1533 2375 1564 2408 si
1592 2374 1733 2408 illarum
1765 2374 1999 2419 expectandis
2026 2375 2121 2408 sruc-

245 2439 343 2474 tibus
370 2439 472 2474 solus
499 2440 660 2487 gaudere
690 2448 865 2487 speraret,
894 2441 959 2475 sed
988 2442 1240 2487 prosperitatis
1269 2453 1334 2475 suc
1363 2441 1544 2475 sollicitus
1570 2441 1709 2474 laborat
1735 2448 1769 2474 et
1794 2441 1830 2474 iu
1851 2440 1996 2474 labores
2020 2440 2120 2475 illius

245 2506 452 2541 subintrant
471 2506 531 2540 alii
553 2513 588 2541 et
608 2507 794 2542 viscerose
815 2508 960 2554 pietatis
986 2508 1144 2554 posteris
1170 2507 1323 2554 vestigia
1345 2507 1607 2553 derelinquens
1628 2507 1716 2541 vivit
1734 2508 1807 2553 jam
1830 2514 2007 2549 mortuus,
2035 2507 2119 2541 dum

244 2573 402 2608 vivacem
434 2585 500 2607 sue
532 2573 704 2608 bonitatis
729 2575 938 2608 memoriam
968 2575 1126 2620 posteris
1151 2574 1416 2616 subministrat,
1438 2581 1474 2608 et
1493 2574 1545 2607 sic
1566 2574 1748 2608 interdum
1774 2574 1967 2620 contingit,
1988 2581 2027 2608 ut
2046 2575 2120 2620 jam

246 2652 370 2674 mense
403 2640 550 2674 celestis
591 2641 772 2687 particeps
806 2641 1066 2687 plantationum
1101 2641 1242 2675 illarum
1278 2641 1406 2674 merito
1433 2642 1572 2674 fructus
1599 2641 1778 2681 comedat,
1813 2653 1904 2686 quas
1935 2641 2119 2686 plantavit,

245 2718 316 2752 que
335 2707 372 2740 in
393 2707 500 2741 terris
521 2707 638 2741 adhuc
664 2708 782 2754 posite
804 2708 839 2741 in
861 2708 972 2742 flores
992 2708 1039 2741 ol)
1058 2708 1263 2754 juventutis
1284 2720 1349 2741 sue
1372 2707 1652 2741 teneritudinem
1680 2707 1827 2741 minime
1847 2707 2119 2742 convalescunt.

245 2772 422 2808 Callidior
440 2773 582 2808 cunctis
601 2774 846 2808 animantibus
867 2787 1021 2821 serpens
1043 2787 1107 2820 per
1127 2787 1229 2808 esum
1251 2774 1340 2821 ligni
1364 2774 1462 2808 vetiti
1485 2774 1612 2820 primis
1633 2773 1846 2820 parentibus
1866 2774 1996 2808 callide
2017 2774 2121 2820 igno-

246 2839 360 2874 rantie
391 2840 607 2886 principium
642 2841 872 2883 ministravit,
903 2841 965 2888 qui
995 2841 1079 2875 dum
1112 2841 1316 2875 inordinate
1351 2841 1508 2874 divinam
1545 2841 1731 2874 scientiam
1768 2853 1894 2886 rapere
1927 2840 2118 2875 voluerunt

246 2904 437 2940 abutentes
459 2906 585 2941 tradita
606 2906 677 2941 sibi
702 2915 880 2954 potestate
905 2908 1033 2955 privati
1062 2915 1147 2942 sunt
1173 2908 1337 2950 scientia,
1359 2920 1427 2953 qua
1450 2907 1648 2954 pollebant,
1671 2914 1703 2941 et
1727 2907 1890 2941 obvoluti
1917 2907 2120 2953 ignorantie

247 2971 410 3006 tenebris
435 2974 629 3020 comparati
658 2982 742 3008 sunt
763 2975 941 3021 jumentis
969 2975 1228 3021 insipientibus
1249 2982 1281 3009 et
1305 2974 1444 3008 sunites
1472 2975 1552 3008 farti
1579 2981 1661 3007 sunt
1685 2974 1770 3008 illis⁴
1799 2975 1848 3007 Ex
1870 2981 1954 3007 tuu‹·
1977 2973 2121 3008 univer-
