2580 3528
277 418 373 459 1256]
611 427 658 449 AB
692 426 799 449 Anno
834 425 912 448 uec
946 425 1079 454 usone
1114 425 1163 448 An
1198 425 1429 448 PHILIPPUM
1463 426 1504 448 iv
1538 426 1626 449 nse..
1663 427 1800 449 runc.
2086 418 2152 451 325

274 501 418 547 pietatis
436 501 590 542 viscera,
611 511 682 545 que
702 499 740 532 in
759 510 888 533 omnes
913 498 1050 533 Christi
1075 511 1256 544 pauperes
1276 506 1312 532 et
1331 499 1505 544 precipue
1525 499 1562 532 in
1583 499 1738 532 dilectos
1759 499 1855 533 filios
1876 500 2147 534 Predicatorum

273 574 309 602 et
328 567 511 601 Minorum
539 566 708 600 ordinum
735 566 866 599 fratres
895 565 1118 600 affectuosus
1142 565 1301 599 effundis
1324 577 1332 598 :
1355 566 1392 598 in
1417 577 1490 611 quo
1516 566 1640 611 utique
1665 566 1783 611 ipsius
1808 566 1945 599 Christi
1974 573 2007 599 te
2033 567 2150 600 imita-

273 641 389 668 torem
415 633 607 675 exhibens,
631 633 752 679 ipsum
778 639 814 666 et
838 634 918 678 ejus
944 632 1149 674 ecclesiam,
1172 622 1278 678 cujus
1303 632 1356 665 illi
1382 632 1543 666 officiosa
1568 639 1654 666 sunt
1680 632 1855 674 membra,
1877 639 1912 666 et
1932 645 1975 666 eo
1997 634 2148 674 cariora,

272 713 345 748 quo
365 700 437 735 sibi
457 700 598 734 firmius
618 699 841 741 coherentia,
857 699 1010 733 letificas
1026 706 1063 733 et
1076 698 1249 733 honoras.
1269 699 1361 733 Sane
1381 699 1467 732 licet
1486 711 1552 745 pro
1573 698 1813 732 dilectissimo
1830 699 1938 733 nobis
1954 700 2149 734 Parisiensi

271 767 394 802 studio
415 767 453 800 in
472 767 600 813 vigore
622 765 746 799 debito
771 766 1024 800 conservando
1049 766 1203 811 quedam
1230 766 1315 799 olim
1343 766 1437 800 circa
1456 766 1576 812 ipsum
1597 766 1642 799 de
1662 766 1811 799 fratrum
1832 773 2041 800 nostrorum
2063 779 2150 800 con-

271 833 356 868 silio
385 833 553 880 diligenti
580 833 845 866 examinatione
872 833 1050 878 premissa
1078 833 1230 878 provide
1261 833 1473 866 duxerimus
1500 832 1715 874 ordinanda,
1741 833 1836 866 sicut
1864 833 1902 866 in
1927 833 2148 879 specialibus

271 901 404 935 litteris
428 900 565 934 nostris
590 900 676 933 inde
703 900 880 933 confectis
905 899 1050 945 plenius
1075 899 1295 941 continetur,
1318 899 1428 933 certis
1449 911 1561 945 super
1580 899 1649 933 hoc
1669 899 1927 933 executoribus
1953 900 2148 946 deputatis,

272 966 507 1014 quamplures
527 973 646 1000 tamen
667 966 832 1012 magistri
853 973 889 1000 et
909 966 1070 999 scolares
1095 966 1323 999 Parisienses
1349 977 1414 999 sue
1440 967 1562 1011 potius
1587 978 1693 1011 quam
1715 966 1851 1000 Christi
1871 966 1990 1012 glorie
2010 967 2148 1013 cupidi,

272 1046 338 1081 pro
358 1045 402 1068 eo
422 1033 521 1079 quod
545 1045 657 1079 super
683 1033 861 1079 injuriosa
885 1033 1115 1079 separatione
1136 1033 1352 1066 dilectorum
1379 1033 1537 1066 filiorum
1563 1033 1821 1078 magistrorum
1846 1034 1996 1067 fratrum
2023 1034 2148 1067 Predi-

271 1107 432 1134 catorum
466 1099 727 1133 Parisiensium
760 1106 795 1133 et
829 1099 1023 1133 scolarium
1059 1099 1259 1133 eorundem
1289 1111 1307 1133 a
1338 1100 1595 1145 magistrorum
1625 1100 1812 1133 consortio
1837 1107 1873 1134 et
1892 1100 2148 1134 Universitatis

271 1167 429 1213 collegio
449 1178 489 1200 ac
509 1166 727 1212 quibusdam
749 1178 875 1200 eorum
897 1166 1040 1199 statutis
1061 1166 1198 1212 iniquis
1219 1173 1255 1199 et
1274 1178 1348 1199 non
1369 1166 1448 1200 sine
1470 1166 1608 1200 offensa
1625 1166 1691 1199 Dei
1711 1173 1747 1200 et
1766 1167 1963 1200 animarum
1984 1167 2147 1213 periculo

269 1233 470 1267 artantibus
497 1233 657 1267 studium
685 1244 787 1266 sacre
815 1232 910 1278 legis
939 1232 1035 1278 apud
1066 1244 1133 1265 nos
1163 1244 1237 1266 non
1265 1239 1475 1278 potuerunt,
1506 1233 1590 1278 quia
1622 1245 1689 1266 nec
1720 1233 1939 1275 debuerunt,
1969 1235 2146 1280 consequi

268 1307 391 1335 votum
418 1309 538 1341 suum,
559 1298 798 1332 irrationabili
824 1298 1068 1332 commotione
1095 1310 1135 1332 ac
1161 1298 1318 1344 superba
1346 1299 1598 1345 indignatione
1624 1299 1757 1333 turbati
1784 1312 1855 1333 non
1881 1300 2000 1334 solum
2028 1301 2146 1335 dictos

268 1367 398 1400 fratres
419 1365 684 1407 Predicatores,
701 1377 855 1410 quorum
878 1364 1047 1398 felicibus
1068 1364 1294 1410 profectibus
1314 1365 1538 1406 invidebant,
1557 1366 1755 1399 crudeliter
1776 1352 1999 1412 et-nequiter
2014 1367 2147 1402 afflixe-

269 1439 366 1475 runt,
391 1445 432 1466 ac
459 1444 584 1466 eorum
611 1432 776 1465 ordinem
806 1431 1001 1465 fecundum
1030 1431 1210 1465 fructibus
1240 1432 1440 1465 sanctitatis
1466 1439 1502 1465 et
1527 1432 1631 1477 quasi
1658 1433 1838 1478 quoddam
1866 1434 1995 1479 sydus⁴
2018 1435 2055 1467 in
2081 1436 2147 1468 Dei

268 1499 422 1533 ecclesia
449 1498 691 1545 refulgentem
717 1498 813 1544 apud
838 1509 906 1531 nos
931 1505 966 1531 et
990 1497 1081 1531 alios
1106 1498 1225 1531 conati
1253 1505 1339 1531 sunt
1365 1497 1489 1532 verbis
1515 1505 1550 1532 et
1574 1498 1706 1532 litteris
1731 1499 1922 1545 sacrilegis
1948 1501 2146 1543 diffamare,

267 1566 363 1600 sicut
395 1572 454 1600 tua
488 1565 681 1607 serenitas,
716 1571 756 1598 ut
787 1564 987 1606 credimus,
1021 1576 1095 1598 non
1129 1565 1287 1611 ignorat,
1321 1577 1448 1599 verum
1483 1566 1604 1607 etiam,
1639 1566 1737 1611 quod
1772 1573 1828 1599 est
1862 1567 2147 1602 detestabilioris

266 1632 429 1671 audacie,
457 1631 566 1666 nobi's
593 1643 633 1665 se
662 1631 924 1665 contumaciter
958 1643 1145 1677 opponere
1180 1638 1449 1678 presumentes,
1484 1632 1806 1666 adinventionibus
1840 1634 2082 1668 fraudulentis
2112 1642 2148 1668 et

265 1699 408 1734 frivolis
427 1697 748 1745 appellationibus,
765 1705 874 1744 prout
889 1698 996 1731 nobis
1017 1710 1082 1744 per
1098 1710 1183 1732 suas
1204 1698 1343 1733 litteras
1363 1699 1540 1741 constitit,
1557 1699 1694 1745 prefate
1715 1700 1957 1734 ordinationis
1978 1701 2144 1735 effectum

266 1765 443 1812 impedire
464 1771 589 1799 contra
609 1765 848 1799 intentionem
875 1771 1035 1799 nostram
1062 1765 1312 1812 multipliciter
1331 1772 1601 1812 attemptarunt,
1622 1766 1761 1800 litteras
1782 1774 1926 1801 nostras
1947 1775 1983 1802 et
2002 1781 2146 1802 excom-

266 1832 524 1866 municationis
550 1843 590 1865 ac
618 1832 875 1878 suspensionis
902 1832 1102 1866 sententias
1129 1833 1167 1866 in
1194 1844 1259 1867 eos
1288 1832 1407 1879 culpis
1437 1833 1515 1867 suis
1540 1833 1773 1879 exigentibus
1800 1835 2012 1868 auctoritate
2044 1836 2145 1869 sedis

265 1898 466 1945 apostolice
491 1898 739 1945 promulgatas
763 1898 966 1932 rebellione
991 1899 1213 1945 dampnabili
1238 1899 1520 1933 contemnendo.
1544 1900 1615 1934 Sed
1636 1901 1718 1946 quia
1740 1900 1950 1946 hujusmodi
1971 1902 2144 1948 superbie

265 1964 331 1999 filii
360 1965 423 1999 diu
450 1964 520 1999 sub
547 1964 700 2010 quadam
730 1965 787 2011 pia
815 1965 1108 1999 dissimulatione
1135 1978 1154 1999 a
1181 1965 1289 2000 nobis
1317 1973 1355 2000 ut
1384 1966 1646 2012 resipiscerent
1679 1968 1855 2013 expectati
1890 1980 1955 2001 sue
1989 1969 2143 2003 cervicis

265 2030 446 2066 obstinate
472 2031 640 2065 duritiam
670 2031 715 2065 ad
745 2031 991 2065 obediendum
1018 2031 1126 2066 nobis
1156 2033 1303 2067 flectere
1329 2045 1403 2067 non
1430 2040 1615 2075 curarunt,
1642 2045 1710 2067 nos
1735 2046 1780 2068 ne
1806 2041 1902 2068 tante
1930 2036 2143 2070 temeritatis

266 2097 392 2132 vitium
412 2104 537 2132 contra
558 2099 754 2132 Romanam
780 2098 971 2133 ecclesiam
999 2111 1090 2133 ausu
1120 2099 1327 2134 detestabili
1355 2107 1601 2146 attemptatum
1633 2101 1750 2146 possit
1779 2113 1861 2135 esse
1887 2101 1968 2136 aliis
1996 2103 2140 2137 occasio

265 2163 447 2197 scismatis
473 2170 509 2197 et
536 2164 762 2198 contumacie
792 2165 999 2211 perniciose
1028 2166 1243 2209 fomentum,
1274 2173 1310 2200 et
1337 2178 1384 2200 ne
1414 2167 1620 2200 Parisiense
1654 2167 1814 2201 studium
1845 2168 1978 2202 violato
2014 2175 2140 2203 tenore

265 2229 506 2264 ordinationis
525 2236 651 2264 nostre
675 2242 741 2276 pro
768 2231 973 2276 aliquorum
998 2231 1102 2266 libito
1128 2232 1283 2267 dissolvi
1302 2233 1419 2267 valeat
1438 2233 1495 2267 vel
1517 2234 1705 2267 transferri
1725 2245 1732 2267 :
1755 2246 1823 2267 nos
1843 2234 1931 2268 citra
1953 2235 2138 2280 culparum

265 2308 411 2330 suarum
437 2296 655 2342 exigentiam
682 2298 931 2342 processimus
955 2305 1080 2332 contra
1101 2298 1215 2344 ipsos,
1237 2306 1274 2333 et
1292 2289 1493 2333 venerabili
1514 2300 1613 2334 fratri
1635 2307 1760 2334 nostro
1780 2327 1801 2333 ..
1825 2301 2021 2334 Parisiensi
2043 2303 2140 2348 epis-

265 2374 357 2408 copo
389 2362 523 2408 scripta
557 2369 681 2396 nostra
715 2363 927 2406 direximus,
959 2371 998 2398 ut
1023 2376 1236 2410 processum
1267 2366 1386 2411 ipsum
1417 2366 1578 2400 Parisius
1606 2366 1791 2412 publicare
1819 2367 1976 2409 studeat,
2003 2380 2043 2402 ac
2071 2369 2139 2403 alia

264 2428 417 2475 quedam
451 2429 547 2463 circa
575 2428 644 2463 hoc
678 2429 893 2475 diligentius
927 2432 1158 2476 exequatur².
1190 2433 1239 2465 Ut
1263 2439 1381 2466 autem
1412 2432 1623 2477 hujusmodi
1652 2445 1848 2478 processus
1878 2435 1994 2468 nostri
2020 2436 2139 2470 votiva

263 2495 429 2529 executio
463 2495 653 2541 proveniat
681 2496 760 2530 sine
795 2508 908 2538 mora,
939 2497 1171 2544 serenitatem
1207 2504 1316 2540 tuam,
1347 2498 1392 2532 de
1419 2510 1487 2544 qua
1517 2499 1681 2545 gerimus
1710 2500 1747 2533 in
1778 2500 1934 2534 Domino
1969 2501 2136 2536 fiduciam

262 2561 472 2607 specialem,
500 2562 599 2595 omni
629 2574 698 2608 qua
726 2574 922 2608 possumus
949 2563 1140 2597 affectione
1168 2576 1354 2610 rogamus,
1381 2577 1420 2598 ac
1455 2565 1492 2598 in
1527 2565 1781 2600 remissionem
1812 2566 1875 2600 tibi
1909 2567 2137 2614 injungimus

262 2634 506 2675 peccatorum,
527 2629 698 2674 quatinus
725 2630 863 2675 prefato
890 2630 1064 2676 episcopo
1083 2630 1127 2664 ad
1149 2631 1401 2676 exequendum
1423 2643 1535 2678 super
1555 2631 1622 2666 hoc
1647 2640 1856 2679 preceptum
1884 2641 2047 2668 nostrum
2070 2648 2135 2681 pro

261 2693 382 2728 divina
403 2701 439 2728 et
458 2701 582 2728 nostra
607 2695 810 2729 reverentia
830 2696 881 2730 tui
903 2696 1040 2730 brachii
1066 2697 1273 2743 triumphali
1298 2698 1431 2732 virtute
1456 2698 1694 2741 subveniens,
1716 2699 1752 2733 in
1772 2700 1944 2734 auxilium
1967 2701 2136 2736 salutaris

261 2767 297 2794 et
315 2760 563 2796 ecclesiastice
583 2761 777 2808 discipline
798 2762 973 2797 divinitus
992 2762 1056 2796 tibi
1081 2763 1174 2805 data,
1197 2764 1438 2798 Guillermum
1457 2765 1502 2798 de
1522 2765 1652 2799 Sancto
1670 2766 1804 2800 Amore
1822 2774 1859 2801 et
1875 2768 2067 2802 Oddonem
2089 2769 2134 2802 de

261 2828 383 2862 Duaco
417 2827 587 2862 doctores
621 2827 820 2875 theologie,
853 2841 894 2863 ac
927 2830 1115 2864 Nicolaum
1150 2830 1325 2865 decanum
1358 2831 1403 2865 de
1432 2833 1543 2866 Barro
1573 2839 1609 2866 et
1637 2832 1883 2867 Christianum
1918 2836 2132 2869 canonicum

261 2893 518 2928 Belvacensem
540 2900 707 2941 tanquam
733 2896 889 2930 ecclesie
911 2898 1069 2931 Romane
1095 2896 1254 2932 rebelles
1275 2905 1310 2932 et
1329 2898 1482 2932 aliorum
1504 2898 1696 2933 rebellium
1722 2900 1931 2934 incentores
1951 2914 1990 2935 ac
2011 2902 2133 2935 turba-

261 2966 360 2994 tores
386 2960 603 2995 Parisiensis
628 2961 753 3004 studii,
780 2962 851 2997 nisi
876 2963 921 2997 ad
946 2963 1152 2998 mandatum
1179 2971 1343 2999 nostrum
1365 2966 1467 3011 juxta
1492 2965 1642 2999 formam
1671 2966 1740 3012 ipsi
1766 2967 1940 3013 episcopo
1967 2969 2129 3001 traditam
