2580 3528
249 417 345 459 1277]
595 428 643 451 ΑΒ
675 428 782 451 anno
815 428 893 451 uec
927 428 1059 458 usQui:
1093 429 1143 451 An
1178 429 1406 452 PulLlPPUM
1440 430 1481 452 1v
1515 431 1603 453 nec..
1642 431 1777 454 Fame.
2056 424 2121 457 545

247 519 269 532 —.
318 502 389 535 20.
416 501 524 545 Quod
547 501 606 535 lex
630 501 805 536 naturalis
830 502 1001 548 prohibet
1024 502 1315 537 interfectionem
1341 503 1549 537 animalium
1576 504 1877 538 irrationabilium
1899 506 1991 539 sicut
2014 507 2121 540 ratio-

245 567 435 610 nabilium,
456 567 541 601 licet
560 580 635 602 non
655 575 804 602 tantuin.

333 635 391 668 21.
414 633 522 678 Quod
539 634 654 668 nichil
675 634 715 669 fit
733 647 752 668 a
772 647 872 677 casu,
898 636 963 670 sed
989 636 1109 670 omnia
1135 636 1180 669 de
1201 637 1419 670 necessitate
1440 637 1626 678 eveniunt,
1653 643 1700 675 et,
1728 637 1826 682 quod
1847 638 1967 671 onmia
1988 639 2118 682 sutura,

245 711 316 746 que
336 701 456 743 erun't,
477 700 523 734 de
542 701 761 736 necessitate
782 709 903 744 erunt,
929 709 965 736 et
991 715 1061 749 que
1085 715 1161 736 non
1189 703 1350 745 erunt’⁸,
1374 703 1605 749 impossibile
1631 710 1688 737 est
1712 715 1808 746 esse,
1835 711 1871 738 et
1890 705 1989 750 quod
2009 704 2121 739 nichil

244 766 285 801 fit
308 767 578 814 contingenter,
603 768 872 803 considerando
899 781 1028 803 omnes
1053 782 1194 804 causas.
1216 791 1260 795 —
1281 771 1406 812 Error,
1434 771 1517 816 quia
1543 782 1748 804 concursus
1775 783 1963 804 causarum
1994 778 2047 805 est
2075 772 2120 805 de

245 833 462 868 diffinitione
481 834 652 876 casualis,
674 842 713 869 ut
732 835 821 869 dicit
841 836 991 870 Boetius
1012 836 1106 870 libro
1127 837 1172 870 de
1193 837 1468 871 Consolatione.
1492 838 1495 840 ’

285 903 287 905 ’
333 901 389 934 22.
415 902 523 945 Quod
542 901 698 936 felicitas
711 901 792 935 vnon
812 909 933 948 potest
951 915 970 936 a
992 904 1068 937 Deo
1090 903 1233 937 immitti
1255 904 1463 937 inmediate.

333 968 388 1001 23.
415 967 521 1011 Quod
567 968 690 1002 dicere
731 970 846 1002 Deum
889 970 974 1003 dare
1015 969 1223 1004 felicitatem
1272 971 1349 1011 uni,
1389 977 1424 1004 et
1463 983 1536 1004 non
1575 970 1649 1011 alii,
1690 978 1745 1005 est
1784 972 1863 1005 sine
1906 972 2044 1006 ratione
2085 979 2120 1006 et

244 1033 471 1080 figmentum.

333 1101 388 1134 24.
415 1101 521 1145 Quod
547 1102 676 1135 omnes
702 1102 856 1136 scientie
883 1110 969 1137 sunt
993 1103 1216 1145 necessarie,
1244 1110 1366 1149 preter
1394 1103 1666 1149 philosophicas
1692 1104 1919 1150 disciplinas,
1947 1112 1995 1147 et,
2021 1105 2119 1151 quod

245 1178 317 1200 non
338 1174 424 1200 sunt
444 1168 664 1210 necessarie,
687 1169 756 1202 nisi
779 1176 928 1215 propter
946 1170 1250 1203 consuetudinem
1274 1170 1474 1204 hominum.

333 1234 388 1267 25.
404 1234 521 1277 >Quod
542 1235 736 1268 Deusnon
757 1242 878 1281 potest
898 1235 984 1269 dare
1005 1237 1283 1282 perpetuitatem
1306 1237 1358 1270 rei
1379 1237 1645 1270 transmutabili
1666 1243 1702 1270 et
1721 1237 1964 1283 cOrruptibili.

303 1300 385 1342 ⁴26.
411 1300 519 1344 Quod
553 1300 667 1346 prima
701 1303 808 1335 causa
843 1309 970 1348 posset
998 1303 1201 1348 producere
1236 1303 1403 1336 effectum
1438 1302 1522 1343 sibi*
1543 1303 1762 1348 equalem”,
1799 1304 1870 1337 nisi
1901 1311 2119 1349 temperaret

244 1366 439 1411 potentiam
460 1377 574 1400 suam.

332 1433 387 1467 27.
414 1433 521 1477 Quod
542 1434 641 1467 Deus
662 1446 736 1467 non
757 1441 884 1480 posset
902 1435 1019 1469 facere
1042 1435 1166 1481 plures
1187 1435 1325 1469 animas
1346 1435 1383 1468 in
1403 1447 1557 1469 numero
1569 1437 1608 1468 ²⁸.

331 1500 386 1534 28.
413 1499 520 1544 Quod
540 1501 639 1534 Deus
660 1504 845 1547 nunquam
866 1501 949 1548 plus
969 1502 1105 1536 creavit
1125 1502 1418 1548 intelligentiam,
1442 1515 1547 1548 quam
1571 1503 1678 1536 modo
1699 1510 1809 1537 creat.

331 1567 386 1600 29.
413 1567 519 1610 Quod
546 1568 645 1602 Deus
670 1575 726 1602 est
750 1568 892 1602 infinite
917 1569 1062 1603 virtutis
1088 1570 1125 1603 in
1152 1570 1357 1612 duratione,
1390 1582 1463 1603 non
1491 1570 1527 1603 in
1554 1570 1709 1611 actione,
1738 1570 1822 1616 quia
1849 1570 1929 1604 talis
1959 1571 2119 1605 infinitas

243 1644 316 1667 non
335 1640 393 1668 est
402 1633 444 1675 ²⁷,
465 1634 536 1668 nisi
556 1634 594 1668 in
615 1639 768 1681 corpore
789 1635 946 1678 infinito,
968 1636 999 1670 si
1019 1638 1130 1670 esset.

244 1719 259 1726 ·
291 1702 295 1706 '
328 1701 387 1734 30.
413 1700 524 1744 Quod
554 1701 797 1748 intelligentie
827 1703 1039 1749 superiores
1069 1710 1193 1738 creant
1221 1704 1359 1738 animas
1390 1703 1585 1738 rationales
1615 1704 1695 1738 sine
1730 1710 1829 1738 motu
1859 1703 1948 1746 celi;
1980 1705 2120 1738 ,intelli-

243 1766 367 1813 gentie
386 1773 504 1801 autem
527 1767 722 1803 inferiores
742 1775 866 1803 creant
885 1770 1123 1816 vegetativam
1146 1777 1182 1804 et
1202 1771 1412 1804 sensitivam
1435 1777 1534 1804 motu
1555 1770 1624 1804 celi
1646 1771 1839 1804 mediante.

331 1834 387 1867 31.
413 1834 520 1878 Quod
547 1834 757 1870 intellectus
777 1835 957 1871 humanus
978 1843 1034 1871 est
1060 1839 1222 1879 eternus,
1251 1837 1334 1883 quia
1360 1844 1417 1871 est
1442 1849 1461 1871 a
1485 1849 1592 1871 causa
1617 1837 1745 1870 eodem
1775 1837 1883 1871 modo
1909 1850 2054 1884 semper
2070 1850 2118 1872 -se

242 1898 412 1942 habente,
433 1907 470 1934 et
489 1901 572 1947 quia
593 1913 667 1935 non
687 1901 796 1936 habet
816 1903 999 1937 materiam
1012 1903 1053 1945 ³⁸,
1075 1915 1141 1950 per
1160 1907 1266 1950 quam
1288 1904 1390 1950 prius
1411 1903 1459 1938 sit
1478 1903 1516 1937 in
1537 1903 1696 1950 potentia
1717 1916 1823 1949 quam
1845 1904 1882 1938 in
1902 1911 1995 1939 actu.

330 1966 386 2001 32.
412 1967 520 2011 Quod
540 1968 750 2003 intellectus
777 1976 833 2004 est
859 1972 955 2004 unus
982 1982 1135 2004 numero
1163 1970 1339 2013 omnium,
1365 1970 1451 2004 licet
1475 1970 1570 2004 enini
1598 1977 1789 2016 separetur
1807 1983 1826 2004 a
1852 1983 2006 2017 corpore
2034 1971 2115 2013 hoc,

243 2044 317 2067 non
337 2039 456 2068 tamen
477 2033 521 2068 ab
541 2035 653 2068 omni.

326 2100 387 2134 ·33.
412 2100 520 2145 Quod
540 2108 665 2148 raptus
685 2109 722 2136 et
740 2103 904 2137 visiones
925 2115 999 2137 non
1020 2104 1122 2146 liunt,
1146 2104 1217 2138 nisi
1239 2116 1304 2150 per
1324 2110 1499 2138 naturam.

331 2166 387 2200 34.
413 2167 520 2211 Quod
541 2168 654 2214 prima
675 2181 783 2204 causa
803 2182 878 2204 non
898 2177 1024 2216 posset
1044 2170 1168 2217 plures
1190 2171 1347 2204 mundos
1367 2171 1498 2204 facere.

275 2262 278 2264 .
295 2235 299 2238 ’
331 2233 387 2267 35.
412 2233 522 2277 Quod
533 2235 623 2268 sine
642 2242 774 2281 agente
795 2237 956 2283 proprio,
979 2244 1019 2271 ut
1039 2244 1139 2284 patre
1159 2244 1196 2271 et
1214 2237 1374 2279 homine,
1397 2249 1471 2270 non
1492 2243 1618 2283 posset
1638 2236 1717 2270 lieri
1739 2236 1847 2271 homo
1868 2249 1886 2271 a
1907 2237 1989 2272 deo..

331 2300 388 2333 36.
414 2300 521 2343 Quod
543 2302 657 2335 Deum
679 2302 717 2336 in
737 2302 803 2337 hac
815 2303 894 2338 'vita
914 2304 1056 2338 mortali
1078 2315 1276 2350 possumus
1296 2303 1504 2349 intelligere
1526 2315 1591 2349 per
1611 2303 1821 2337 essentiam.

331 2367 387 2400 37.
414 2367 522 2410 Quod
546 2367 658 2402 nichil
683 2375 740 2403 est
764 2369 1002 2412 credendum,
1029 2370 1099 2404 nisi
1125 2382 1190 2416 per
1215 2382 1254 2404 se
1280 2376 1419 2411 notum,
1445 2369 1503 2403 vel
1528 2381 1572 2403 ex
1597 2381 1661 2415 per
1681 2381 1721 2403 se
1747 2369 1844 2403 notis
1866 2370 1981 2415 possit
2002 2371 2117 2405 decla-

245 2432 329 2467 rari.

331 2500 387 2533 38.
413 2499 520 2543 Quod
541 2501 641 2535 Deus
662 2513 735 2535 non
756 2502 872 2548 potuit
897 2503 1029 2537 secisse
1041 2503 1067 2522 ’⁰
1093 2503 1242 2549 primam
1270 2502 1468 2544 materiam,
1496 2501 1566 2535 nisi
1593 2501 1773 2537 mediante
1800 2514 1954 2548 corpore
1975 2503 2116 2539 celesti.

331 2566 386 2600 39.
413 2566 519 2609 Quod
546 2579 565 2601 a
592 2567 777 2603 voluntate
803 2569 948 2616 antiqua
977 2581 1049 2603 non
1078 2576 1197 2616 potest
1224 2581 1356 2603 novum
1385 2568 1584 2615 procedere
1597 2568 1624 2586 ⁸⁰
1651 2567 1790 2615 absque
1817 2570 2116 2605 transmutatione

244 2631 477 2677 precedente.

331 2699 387 2733 40.
414 2699 520 2744 Quod
542 2712 616 2735 non
637 2708 694 2735 est
712 2702 951 2737 excellentior
971 2709 1100 2746 status,
1122 2715 1227 2749 quam
1250 2714 1376 2737 vacare
1397 2692 1643 2748 philosophie.

245 2785 253 2790 -
308 2768 311 2769 ⁷
331 2765 387 2799 41.
413 2766 523 2809 Quod
540 2767 750 2803 intellectus
771 2769 930 2804 Socratis
949 2770 1112 2816 corrupti
1133 2782 1207 2804 non
1228 2769 1336 2804 habet
1355 2768 1544 2803 scientiam
1566 2779 1707 2809 eorum,
1728 2780 1883 2814 quorum
1904 2768 2041 2814 habuit.

331 2832 388 2865 42.
413 2832 519 2876 Quod
547 2845 654 2869 causa
683 2835 797 2881 prima
828 2848 900 2870 non
930 2836 1038 2871 habet
1067 2836 1254 2870 scientiam
1286 2836 1488 2870 futurorum
1519 2834 1824 2880 contingentium.
1860 2835 1978 2871 Prima
2012 2837 2115 2878 ratio,

244 2896 328 2943 quia
353 2898 473 2933 sutura
499 2900 748 2947 contingentia
769 2909 856 2938 sunt
875 2905 949 2937 no'n
965 2903 1090 2946 nentia.
1112 2903 1291 2943 Secunda,
1320 2902 1403 2948 quia
1430 2902 1550 2936 sutura
1579 2900 1828 2947 contingentia
1850 2907 1937 2936 sunt
1966 2902 2116 2947 particu-

245 2961 350 3004 laria3
379 2965 478 2999 Deus
502 2973 622 3000 autem
649 2969 841 3014 cognoscit
868 2969 1000 3004 virtute
1028 2969 1262 3008 intellectiva,
1289 2981 1360 3015 que
1388 2980 1462 3003 non
1490 2973 1610 3014 potest
1635 2967 1851 3014 particulare
1876 2978 2114 3013 cognoscere.

370 3022 469 3048 chart.
491 3023 570 3049 Unio.
589 3025 684 3052 Parte.
702 3026 722 3051 1.
1954 3027 1992 3054 .θο
