2580 3528
266 430 383 471 1237]·
581 438 628 460 ΑΒ
661 438 768 460 Auso
803 437 880 459 mcc
915 436 1051 465 nsous
1087 436 1136 458 An
1173 436 1408 458 ruimrruu
1444 437 1485 459 iv
1519 437 1608 459 REG.
1646 437 1783 460 Μυκη.
2079 430 2139 462 161

265 513 432 559 religiosi
465 519 502 546 et.
533 511 658 546 clerici
691 507 890 552 seculares,
925 510 988 556 qui
1022 510 1152 543 domos
1185 509 1321 543 habent
1352 510 1526 552 Parisius,
1562 511 1674 543 taxari
1707 511 1837 544 domos
1866 512 1964 557 ipsas
1994 512 2142 545 minime

265 579 464 626 patiuntur,
499 584 648 624 propter
681 577 781 623 quod
813 589 924 623 grave
958 576 1167 610 scandalum
1201 576 1318 610 oritur
1346 577 1441 610 inter
1470 577 1583 618 cives,
1621 576 1807 622 provideri
1836 589 1947 623 super
1980 577 2049 612 hoc
2079 590 2143 624 per

265 646 391 680 sedem
415 645 652 692 apostolicam
678 644 874 690 petierunt.
901 644 992 678 Cum
1019 643 1133 689 igitur
1157 643 1348 689 indignum
1374 644 1433 685 sit,
1456 650 1496 677 ut
1514 643 1625 677 iidem
1646 644 1812 690 religiosi
1833 651 1869 678 et
1888 645 2012 678 clerici
2033 656 2144 690 super

265 712 334 747 hoc
363 712 559 746 exhibeant
585 723 625 745 se
652 710 835 753 difficiles,
859 711 897 744 in
926 722 999 756 quo
1025 710 1131 752 alios,
1158 710 1331 756 precipue
1358 710 1484 752 laicos,
1513 710 1619 744 decet
1649 710 1819 745 benivole
1846 723 1910 745 eos
1936 712 2141 757 prevenire,

266 778 480 814 discretioni
503 785 626 813 vestre
646 789 712 824 per
731 777 930 823 apostolica
957 777 1092 823 scripta
1118 777 1345 818 mandamus,
1372 777 1543 823 quatinus
1566 777 1598 811 si
1624 784 1680 811 est
1703 778 1764 820 ita,
1786 785 1964 811 taxatores
1989 778 2144 812 idoneos

266 847 304 880 in
324 846 525 880 eorundem
552 845 812 891 religiosorum
837 851 874 878 et
892 844 1110 878 clericorum
1132 844 1303 878 domibus
1327 844 1539 878 auctoritate
1559 844 1759 890 apostolica
1783 845 1980 891 deputetis,
2002 852 2145 879 contra-

266 913 427 948 dictores
447 925 512 959 per
531 924 722 946 censuram
743 911 1026 946 ecclesiasticam
1051 911 1294 957 appellatione
1320 912 1521 957 postposita
1542 919 1831 958 compescentes.
1857 914 1986 946 Testes
2011 919 2143 954 autem,

267 980 330 1026 qui
358 979 495 1014 fuerint
526 979 714 1022 nominati,
745 979 777 1012 si
807 990 847 1012 se
876 978 1004 1024 gratia,
1035 978 1121 1012 odio
1149 978 1208 1012 vel
1236 978 1367 1012 timore
1397 978 1655 1020 subtraxerint,
1682 991 1748 1025 per
1774 991 1965 1013 censuram
1993 979 2145 1013 eandem

267 1046 510 1093 appellatione
538 1052 706 1080 cessante
736 1045 876 1092 cogatis
911 1045 1053 1079 veritati
1089 1045 1337 1079 testimonium
1372 1045 1579 1091 perhibere.
1615 1046 1723 1090 Quod
1753 1046 1784 1079 si
1814 1058 1888 1079 non
1918 1058 2046 1080 omnes
2075 1045 2147 1080 hiis

268 1113 494 1159 exequendis
514 1113 708 1159 potueritis
728 1113 922 1154 interesse,
945 1118 982 1146 tu
1003 1112 1113 1146 frater
1132 1111 1406 1158 archiepiscope
1427 1124 1508 1146 cum
1533 1124 1659 1146 eorum
1680 1113 1794 1146 altero
1820 1125 1861 1146 ea
1887 1113 2147 1147 nichilominus

269 1180 473 1226 exequaris.
495 1181 574 1213 Dat.
596 1179 739 1214 Viterbi
760 1179 830 1224 xvij
853 1178 923 1212 kal.
944 1179 1045 1220 Julii,
1067 1178 1299 1224 pontificatus
1320 1179 1436 1212 nostri
1457 1191 1552 1212 anno
1573 1179 1780 1213 undecimo.

363 1276 500 1311 Originalo
523 1275 550 1302 in
565 1277 641 1302 Aret».
664 1277 786 1302 Univers.
809 1277 894 1301 Paris.
910 1277 986 1301 theca
1002 1277 1043 1301 lV.
1066 1278 1093 1300 A.
1116 1277 1154 1300 19.
1178 1285 1201 1300 n.
1223 1277 1332 1301 Restant
1347 1277 1392 1300 fila
1411 1277 1522 1300 cannub.
1539 1278 1568 1301 ln
1587 1285 1682 1301 aversa
1702 1278 1856 1302 membrana
1875 1277 1973 1310 legitur
1989 1286 1994 1302 :
2013 1287 2025 1302 (ι
2040 1279 2148 1302 Petatur

269 1322 405 1347 renovatio
423 1322 605 1347 universitatis
627 1330 652 1346 ι».
671 1322 838 1346 Innocentius
860 1322 893 1345 lv
914 1321 963 1345 hoc
988 1321 1160 1353 privilegium
1180 1329 1271 1345 revera
1291 1321 1428 1345 renovavit
1449 1330 1490 1345 nn.
1513 1322 1582 1350 1245,
1604 1322 1691 1346 Martii
1709 1322 1733 1346 5.
1754 1336 1786 1340 —
1800 1323 1929 1347 Parvum
1953 1323 2102 1348 Pastorale
2121 1322 2148 1347 in

269 1367 347 1392 Arch.
367 1370 421 1391 nat.
438 1367 514 1391 Paris
532 1367 581 1391 LL.
599 1367 653 1395 176,
673 1375 700 1398 p.
717 1367 772 1391 368.
793 1366 985 1398 Apogrnphum
1003 1366 1153 1390 litterarum
1172 1366 1235 1389 anni
1250 1366 1311 1389 1244
1331 1366 1358 1389 in
1377 1365 1455 1390 Arch.
1472 1366 1593 1390 univers.
1611 1366 1695 1390 Puris.
1716 1367 1792 1390 theca
1808 1367 1849 1391 lv.
1866 1367 1894 1390 Α.
1912 1367 1950 1391 19.
1966 1367 1992 1391 h.
2010 1367 2073 1392 Cod.
2090 1367 2146 1391 Vat.

270 1412 335 1444 neg.
348 1412 404 1441 406,
421 1411 466 1436 fol.
487 1411 543 1435 11¹².
559 1410 629 1435 Bibl.
645 1410 778 1442 Phillipps
794 1410 820 1434 in
836 1410 1017 1439 Cheltenham,
1034 1418 1083 1434 ms.
1100 1411 1155 1438 876,
1172 1410 1216 1433 l'ol.
1234 1409 1290 1434 12¹².
1305 1410 1429 1439 Bulaeus,
1446 1410 1492 1438 111,
1509 1411 1562 1434 160.

364 1496 386 1520 1.
403 1495 443 1520 Cf.
459 1496 493 1519 ad
508 1495 558 1519 hoc
572 1495 674 1519 litteras
689 1495 812 1526 Gregorii
828 1495 870 1523 lx,
886 1502 969 1526 supra
984 1499 1014 1518 n⁰
1027 1495 1066 1518 82.

277 1671 385 1709 115.
410 1680 562 1716 Gregorius
583 1681 628 1706 IX
642 1681 727 1707 Petro
749 1679 892 1706 Meldensi
913 1683 941 1706 et
961 1679 1111 1716 Amulplzo
1131 1679 1322 1706 Ambianensi
1343 1681 1487 1717 episcopis
1512 1680 1634 1706 mandat
1658 1683 1690 1706 ut
1712 1679 1867 1715 diligenter·
1895 1681 2044 1716 inquirant
2065 1689 2153 1717 super

361 1731 442 1765 sacto
461 1728 605 1756 Guillelmi
619 1729 757 1766 episcopi,
775 1728 826 1765 qui
840 1732 960 1755 vacante
978 1728 1158 1755 cancellar-ia
1173 1728 1320 1755 licentiam
1335 1729 1454 1764 regendi
1468 1729 1497 1755 in
1512 1729 1636 1756 decretis
1651 1730 1798 1765 concessit,
1817 1733 1844 1756 et
1859 1730 1921 1765 ejus
1935 1729 2085 1765 officialis,
2103 1730 2153 1766 qui

363 1779 518 1814 magistros
531 1781 560 1805 el
572 1777 720 1805 scholares
735 1777 996 1804 excommunicavit.

1499 1828 1579 1858 1237,
1594 1828 1703 1861 Augusti
1714 1829 1740 1858 4,
1757 1828 1866 1855 Vitat-bil.

362 1902 568 1949 Gregorius
602 1902 799 1948 episcopus
832 1913 962 1935 servus
996 1913 1186 1935 servorum
1222 1902 1288 1935 Dei
1321 1901 1595 1935 venerabilibus
1629 1902 1801 1936 fratribus
1821 1929 1842 1935 ..
1861 1902 2042 1936 Meldensi
2071 1909 2151 1936 et..

273 1968 511 2004 Ambianensi
531 1969 717 2015 episcopis
741 1968 894 2002 salutem
917 1974 953 2002 et
971 1967 1207 2014 apostolicam
1234 1967 1540 2002 benedictionem.
1570 1969 1740 2014 Exposita
1767 1969 1874 2002 nobis
1895 1969 2152 2015 magistrorum

273 2042 311 2070 et
328 2035 522 2070 scolarium
545 2035 805 2069 Parisiensium
835 2034 962 2081 petitio
982 2034 1206 2076 continebat,
1223 2035 1321 2081 quod
1342 2047 1423 2068 cum
1450 2035 1504 2069 eis
1524 2047 1543 2068 a
1563 2035 1652 2070 sede
1672 2035 1871 2081 apostolica
1891 2036 1938 2069 sit
1957 2036 2152 2078 indultum,

276 2109 316 2137 ut
334 2102 425 2136 nulli
445 2102 640 2137 scolarium
662 2102 739 2136 dari
759 2101 891 2135 debeat
910 2101 1063 2135 licencia
1083 2102 1244 2135 Parisius
1264 2102 1309 2135 ad
1330 2102 1533 2148 regendum
1555 2102 1591 2135 in
1611 2102 1731 2148 aliqua
1751 2102 1933 2145 facultate,
1955 2102 2025 2136 nisi
2052 2103 2154 2149 prius

275 2168 493 2203 Parisiensis
531 2168 790 2210 cancellarius,
824 2169 886 2214 qui
921 2180 987 2214 pro
1022 2174 1185 2214 tempore
1223 2169 1345 2210 fuerit,
1386 2169 1430 2202 ad
1470 2181 1578 2214 quem
1616 2168 1811 2203 licenciare
1845 2169 1935 2203 tales
1971 2170 2154 2215 pertinere

275 2235 491 2278 dinoscitur,
525 2234 760 2281 presentibus
794 2234 940 2268 duobus
968 2234 1154 2281 magistris
1187 2234 1416 2281 regentibus,
1447 2235 1546 2281 quod
1580 2235 1675 2269 bona
1710 2235 1781 2269 fide
1815 2236 2016 2269 secundum
2052 2248 2153 2270 suam

275 2302 535 2336 conscientiam
555 2301 739 2335 licentiam
760 2301 913 2335 eandem
938 2301 1116 2335 concedat
1139 2301 1378 2347 inquisitione
1400 2302 1568 2348 primitus
1589 2301 1709 2336 habita
1734 2302 1825 2336 infra
1848 2309 1921 2336 tres
1942 2314 2088 2336 menses
2109 2303 2154 2336 de

276 2369 360 2411 vita,
382 2368 547 2410 scientia,
577 2379 642 2414 spe
669 2380 710 2402 ac
738 2367 926 2414 proposito
957 2367 1173 2413 proficiendi
1203 2374 1239 2402 et
1266 2368 1348 2402 aliis
1382 2367 1566 2410 omnibus,
1598 2380 1669 2414 que
1699 2369 1918 2414 requirenda
1948 2376 2033 2403 sunt
2061 2369 2155 2403 circa

276 2435 500 2481 hujusmodi,
540 2434 741 2480 prestiterit
773 2435 1034 2480 juramentum,
1073 2446 1191 2480 nuper
1228 2435 1443 2468 cancellaria
1483 2435 1701 2469 Parisiensis
1738 2437 1902 2469 vacante⁸
1935 2436 2156 2470 venerabilis

276 2502 387 2536 frater
406 2507 533 2536 noster
550 2528 572 2535 ..
590 2501 786 2548 episcopus
811 2501 1030 2535 Parisiensis
1059 2501 1251 2547 premissis
1276 2501 1447 2535 omnibus
1476 2502 1723 2547 pretermissis
1748 2509 1784 2536 ct
1807 2503 1947 2536 eisdem
1973 2503 2157 2549 magistris

278 2567 560 2603 reclamantibus
585 2573 622 2602 et
640 2567 777 2609 invitis,
800 2567 1018 2614 quibusdam
1044 2567 1250 2601 scolaribus
1271 2568 1307 2601 in
1329 2568 1487 2602 decretis
1507 2568 1661 2615 regendi
1681 2570 1865 2603 concessit
1888 2569 2069 2603 licentiam
2092 2582 2157 2616 pro

277 2645 344 2670 sue
372 2634 477 2669 libito
498 2634 696 2669 voluntatis
724 2634 761 2668 in
783 2646 911 2668 eorum
931 2634 1173 2681 prejudicium
1204 2641 1240 2668 et
1268 2646 1477 2681 gravamen,
1503 2642 1653 2681 propter
1677 2636 1775 2682 quod
1801 2647 1844 2670 ex
1870 2643 1968 2682 parte
1995 2637 2156 2683 ipsorum

278 2702 346 2736 suit
364 2702 410 2736 ad
430 2708 591 2736 nostram
612 2701 832 2735 audientiam
853 2700 1087 2748 appellatum.
1114 2701 1177 2735 Set
1200 2701 1366 2735 officialis
1388 2701 1552 2748 ejusdem
1580 2702 1744 2748 episcopi
1769 2703 2012 2749 appellatione
2033 2703 2159 2749 hujus-

279 2768 378 2803 modi
397 2774 604 2815 contempta
625 2768 662 2802 in
682 2768 832 2803 eosdem
854 2768 1050 2814 magistros
1070 2774 1106 2802 et
1126 2768 1301 2814 quosdam
1323 2768 1428 2811 alios,
1450 2769 1513 2815 qui
1534 2768 1724 2815 principiis
1745 2769 2010 2804 licentiatorum
2027 2783 2046 2804 a
2063 2771 2159 2804 dicto

278 2834 454 2882 episcopo
475 2841 673 2869 renuerant
692 2836 886 2877 interesse,
909 2835 954 2869 de
975 2835 1068 2868 sacto
1089 2846 1169 2868 cum
1192 2834 1237 2868 de
1258 2835 1342 2881 jure
1364 2847 1437 2869 non
1463 2842 1589 2882 posset
1607 2837 1992 2871 excommunicationis
2014 2844 2161 2871 sentcn-

281 2901 365 2936 tiam
392 2901 648 2948 promulgavit.
680 2903 801 2946 Quare
829 2913 942 2948 super
967 2901 1036 2935 hoc
1064 2901 1249 2948 petierunt
1275 2901 1347 2935 sibi
1372 2901 1569 2936 salubriter
1597 2902 1795 2949 provideri.
1827 2903 2003 2947 Quocirca
2035 2905 2161 2937 fratcr-

281 2968 384 3003 nitati
403 2974 525 3013 vestre
555 2980 620 3014 per
645 2968 847 3015 apostolica
867 2968 1001 3015 scripta
1027 2968 1255 3011 mandamus,
1277 2969 1464 3014 quatinus,
1485 2969 1517 3003 si
1538 2981 1598 3004 res
1626 2969 1672 3004 ita
1698 2981 1738 3004 se
1763 2969 1926 3011 haberet,
1952 2970 1996 3003 ab
2021 2970 2159 3003 eisdem

405 3026 503 3052 chart.
525 3026 607 3052 Unio.
625 3026 721 3052 Parin.
740 3027 761 3051 Ι.
2007 3026 2035 3051 21
