2580 3528
488 390 553 423 486
1065 397 1382 421 einai-nmmum
1416 395 1606 418 umvsas.
1644 395 1772 417 rmus.
2258 386 2359 427 [1270

489 486 567 516 sue,
586 481 732 519 excepta
753 474 935 506 dumtaxat
954 473 1061 505 domo
1078 472 1229 517 quadam
1252 471 1318 504 sita
1339 471 1375 503 in
1392 476 1514 503 monte
1531 470 1659 502 Sancte
1675 469 1884 503 Genovese'
1899 481 2013 516 prope
2029 470 2177 503 domum
2193 471 2358 516 magistri

490 541 641 575 Geroldi
677 540 721 573 de
758 539 1008 580 Abbatisvilla,
1040 539 1084 571 de
1119 551 1187 583 qua
1216 537 1320 570 aliter
1345 537 1525 570 ordinavit
1561 542 1600 569 ut
1634 535 1777 569 dicebat
1811 548 1819 569 :
1853 537 2047 570 conferens
2081 543 2118 570 et
2148 537 2357 572 concedens

488 607 673 653 predictus
703 607 875 652 magister
905 607 944 638 R.
977 612 1120 646 extunc,
1149 604 1289 637 scilicet
1320 610 1403 648 post
1431 609 1582 635 mortem
1609 602 1727 647 ipsius
1756 603 1921 649 magistri
1948 605 2005 646 R„
2036 603 2153 637 eidem
2181 604 2357 650 magistro

487 674 530 707 G.
560 680 726 718 tanquam
756 673 881 705 heredi
912 684 977 705 suo
1004 677 1043 704 ut
1067 671 1200 704 dictum
1229 677 1285 703 est
1305 670 1464 702 omnium
1487 669 1735 714 predictorum
1756 669 1996 703 immobilium
2018 682 2089 716 que
2109 682 2183 704 non
2208 677 2294 704 sunt
2319 671 2357 704 in

487 752 592 773 manu
623 746 762 773 mortua
793 746 904 772 totum
928 739 990 783 jus
1021 737 1118 783 quod
1147 736 1303 770 habebat
1331 736 1389 770 vel
1418 736 1551 769 habere
1583 743 1724 781 poterat
1753 737 1790 770 in
1820 737 2010 782 premissis
2040 737 2211 771 omnihus
2241 738 2357 783 quali-

485 819 628 852 cunque
658 806 808 847 ratione.
836 805 935 838 salvo
966 804 1035 837 sihi
1066 804 1236 849 quamdiu
1266 803 1398 837 vixerit
1426 803 1614 848 predictus
1641 803 1815 849 magister
1842 803 2024 838 Robertus
2054 804 2091 837 in
2120 804 2291 838 omnibus
2320 811 2356 839 et

485 873 642 918 singulis
662 885 741 905 cum
764 872 982 917 proprietate
1003 871 1265 916 premissorum
1287 870 1491 903 usufructu.
1513 869 1652 904 volens
1674 870 1856 915 siquidem
1877 877 1913 904 et
1931 871 2140 904 concedens
2167 883 2354 917 expresse,

485 940 581 984 quod
608 939 725 971 dictus
751 938 923 983 magister
943 938 986 971 G.
1010 937 1117 970 heres
1137 937 1326 970 institutus
1347 943 1386 970 ut
1406 936 1540 970 dictum
1563 943 1620 970 est
1639 943 1760 970 teneat
1784 944 1819 971 et
1843 938 2031 983 possideat
2055 944 2139 983 post
2161 938 2354 972 decessum

483 1006 599 1051 ipsius
627 1005 789 1050 magistri
811 1006 850 1037 R.
874 1005 992 1037 omnia
1014 1004 1219 1049 supradicta
1240 1010 1408 1049 tanquam
1429 1003 1537 1037 heres
1558 1003 1706 1049 pacifice
1728 1010 1764 1037 et
1788 1004 1910 1049 quiete
1935 1004 2073 1050 absque
2098 1005 2355 1039 reclamatione

482 1084 547 1106 seu
567 1072 852 1105 contradictione
872 1070 1033 1116 qualibet
1051 1070 1227 1103 heredum
1249 1082 1398 1103 suorum
1420 1070 1615 1104 carnalium
1639 1083 1704 1104 seu
1726 1071 1831 1104 etiam
1852 1072 2006 1105 aliorum
2027 1084 2352 1118 quorumcumque,

482 1139 541 1172 tali
562 1139 723 1184 apposita
745 1138 953 1171 conditione
975 1150 1017 1170 ex
1038 1144 1137 1188 parte
1158 1137 1275 1182 ipsius
1296 1138 1460 1183 magistri
1482 1139 1522 1170 R.
1546 1138 1644 1183 quod
1664 1138 1784 1172 dictus
1805 1139 1980 1184 magister
2000 1139 2044 1172 G.
2067 1138 2176 1173 heres
2200 1139 2355 1185 premis-

481 1218 603 1239 sorum
634 1205 821 1238 institutus
850 1212 887 1237 ut
917 1205 1051 1237 dictum
1078 1211 1132 1237 est
1158 1216 1223 1250 pro
1249 1205 1378 1237 eodem
1403 1205 1578 1250 magistro
1605 1206 1645 1238 R.
1672 1205 1843 1239 omnibus
1871 1205 2116 1239 creditoribus
2144 1206 2222 1240 suis
2249 1207 2354 1240 satis-

479 1274 595 1306 facere
627 1278 789 1305 teneatur
816 1272 860 1304 de
887 1271 1058 1304 omnibus
1085 1271 1218 1304 debitis
1245 1271 1282 1304 in
1309 1271 1443 1316 quibus
1471 1284 1566 1305 nunc
1595 1278 1740 1306 tenetur
1764 1272 1823 1306 vel
1850 1273 1957 1306 etiam
1985 1272 2167 1306 tenebitur
2192 1280 2353 1319 tempore

480 1339 606 1372 mortis
634 1338 732 1372 sue‘.
761 1338 885 1372 Voluit
912 1339 1016 1371 etiam
1048 1338 1235 1383 predictus
1264 1338 1438 1384 magister
1472 1340 1513 1371 R.
1549 1339 1647 1384 quod
1682 1339 1726 1372 de
1756 1338 1864 1373 bonis
1894 1340 2069 1385 predictis
2099 1340 2355 1385 provideretur

478 1406 632 1439 Johanni
657 1406 701 1438 de
727 1405 939 1439 Castellario
960 1405 1093 1437 clerico
1116 1417 1182 1438 suo
1202 1405 1239 1437 in
1259 1405 1370 1438 bursa
1391 1412 1427 1438 et
1445 1405 1626 1451 hospicio„
1648 1406 1743 1439 sicut
1762 1407 1825 1439 uni
1851 1407 1895 1439 de
1920 1406 2142 1452 pauperihus
2167 1407 2353 1452 magistris

480 1473 702 1518 providetur,
730 1472 806 1505 sive
834 1472 954 1505 audiat
973 1472 1142 1517 logicam,
1165 1472 1242 1505 sive
1263 1472 1368 1505 etiam
1392 1472 1626 1518 theologiam,
1650 1472 1766 1506 donec
1788 1472 1859 1506 sihi
1885 1474 2063 1507 Dominus
2089 1473 2291 1519 providerit
2315 1474 2352 1507 in

479 1539 656 1572 beneficio
683 1539 913 1584 competenti.
938 1540 988 1571 De
1010 1538 1117 1572 bonis
1138 1546 1256 1572 autem
1279 1539 1356 1573 suis
1376 1539 1575 1573 mobilibus
1596 1552 1661 1585 per
1682 1539 1773 1573 alios
1795 1540 1988 1582 ordinavit,
2011 1547 2050 1573 ut
2071 1540 2250 1574 dicebat³.
2278 1542 2352 1575 Hec

480 1607 599 1651 itaque
625 1606 743 1639 onmia
771 1613 805 1639 et
832 1606 975 1651 singula
1001 1606 1116 1639 voluit
1141 1606 1328 1651 predictus
1349 1606 1522 1652 magister
1543 1608 1583 1639 R.
1607 1613 1680 1640 rata
1702 1606 1784 1640 esse
1812 1614 1848 1640 et
1874 1607 1988 1650 firma⁷
2010 1607 2082 1640 nisi
2110 1619 2192 1640 eum
2217 1608 2254 1641 in
2281 1608 2352 1642 vita

479 1685 543 1706 sua
570 1673 799 1718 contingeret
823 1673 867 1705 de
892 1672 962 1706 hiis
983 1673 1087 1706 aliter
1107 1673 1290 1706 ordinare.
1314 1674 1354 1706 In
1375 1674 1479 1718 cujus
1501 1674 1553 1706 rei
1575 1674 1823 1707 testimonium
1844 1681 2036 1720 presentes
2062 1673 2201 1708 litteras
2228 1674 2352 1721 sigillo

479 1740 577 1773 curie
605 1739 821 1772 Parisiensis
846 1752 999 1772 unacum
1027 1740 1150 1785 sigillo
1177 1740 1295 1785 ipsius
1316 1740 1480 1785 magistri
1502 1741 1542 1773 R.
1566 1740 1718 1774 fecimus
1739 1740 1906 1786 sigillari.
1928 1741 2058 1774 Actum
2084 1753 2178 1774 anno
2206 1741 2352 1775 Domini

478 1808 528 1839 M⁰
540 1807 614 1840 CC⁰
634 1806 918 1851 septuagesimo,
940 1807 977 1838 in
999 1807 1057 1839 die
1079 1807 1192 1840 sancti
1214 1806 1415 1840 Michaelis.

570 1904 705 1935 originale
716 1905 742 1927 in
753 1905 829 1928 Arch.
845 1908 899 1929 nat.
915 1905 998 1928 Paris.
1013 1905 1038 1928 S.
1055 1905 1125 1933 6213,
1142 1909 1171 1928 n⁰
1186 1906 1223 1929 32.
1237 1906 1327 1929 Restat
1341 1914 1423 1928 unum
1437 1905 1581 1929 tueniolum
1596 1905 1775 1929 membranae.
1786 1906 1820 1929 No
1835 1907 1864 1929 33
1877 1906 2063 1937 apographum
2075 1914 2117 1929 an.
2133 1906 2207 1935 1322;
2217 1906 2351 1938 posterius

477 1949 555 1972 etiam
572 1949 636 1972 ibid.
657 1949 689 1972 M.
712 1950 749 1977 74,
771 1953 799 1972 n⁰
820 1950 856 1972 18.
873 1963 904 1967 —
921 1950 1028 1974 Cartul.
1050 1951 1082 1974 de
1103 1950 1131 1974 la
1150 1951 1298 1974 Sorbonne
1318 1950 1344 1973 in
1363 1950 1431 1973 Bibl.
1449 1953 1502 1973 nat.
1519 1950 1603 1973 Paris.
1620 1950 1705 1978 16069,
1723 1950 1769 1974 fol.
1786 1950 1845 1974 24¹³.
1865 1950 2034 1979 uemeraeus,
2056 1951 2199 1975 sorbonae
2217 1950 2351 1984 oriyt'nes,

476 1992 550 2022 ibid„
567 2001 615 2016 ms.
632 1994 676 2016 lat.
694 1994 763 2022 5493,
781 1994 825 2018 sol.
842 1994 896 2022 20¹³,
913 1994 1039 2025 alibique.
1055 1994 1187 2025 Ducange,
1202 1995 1277 2019 Hist.
1292 1995 1327 2018 de
1341 1994 1370 2018 S.
1386 1995 1480 2025 Louys
1500 1994 1586 2019 ecrite
1599 2001 1658 2025 par
1674 1995 1746 2019 Jean
1765 1994 1828 2019 Sire
1844 1996 1876 2019 de
1893 1994 2034 2025 Joinville,
2051 1995 2249 2024 Observations,
2271 2004 2298 2027 p.
2321 1996 2352 2019 36

477 2038 615 2069 D’Aehery,
632 2038 735 2068 Spica„
751 2040 764 2061 2
780 2039 830 2067 ed.,
847 2039 892 2067 ΙΙΙ,
908 2040 962 2062 670.
979 2039 1114 2067 Frankfin,
1130 2039 1172 2063 La
1188 2039 1341 2068 Sorbonne,
1359 2047 1386 2070 p.
1403 2040 1456 2062 269.

569 2123 590 2145 ¹1.
610 2123 737 2146 Rohertus
753 2124 784 2146 de
800 2123 919 2146 Sorbona
934 2131 975 2146 an.
989 2123 1059 2151 1274,
1075 2123 1137 2154 xviij
1154 2124 1205 2146 kal.
1224 2123 1306 2154 Sept.,
1323 2123 1339 2146 i.
1356 2131 1378 2146 e.
1395 2124 1460 2154 Aug.
1479 2123 1516 2151 15,
1533 2123 1608 2151 obiit,
1626 2126 1654 2146 ut
1668 2123 1765 2146 dicitur
1780 2123 1806 2146 in
1826 2123 1935 2148 Necrol.
1950 2124 2066 2149 Sorbon.
2087 2124 2155 2148 Bibl.
2178 2128 2232 2148 nat.
2254 2125 2350 2155 Paris..

476 2174 524 2190 ms.
540 2167 585 2190 lat.
603 2167 686 2190 16574.
704 2168 747 2191 fol.
765 2168 820 2191 38¹1.
836 2167 1001 2191 Universitas
1017 2168 1101 2191 Paris.
1118 2167 1173 2199 ejus
1189 2167 1400 2191 anniversarium
1420 2168 1480 2191 tecit
1495 2167 1531 2191 id.
1547 2167 1672 2191 Novemb.
1696 2168 1754 2198 (13).
1775 2167 1852 2196 lbid.,
1872 2169 1916 2192 fol.
1937 2168 1993 2193 44¹³.
2008 2182 2040 2186 —
2055 2169 2078 2192 2.
2094 2169 2133 2193 Cf.
2150 2177 2232 2201 supra
2247 2173 2276 2193 11⁰
2293 2170 2350 2194 415.

475 2219 499 2233 n.
517 2212 538 2238 2,
555 2214 580 2234 et
594 2212 734 2243 praecipue
749 2212 783 2236 Le
797 2212 872 2236 Clerc
886 2212 913 2235 in
928 2212 1000 2237 Hist.
1018 2212 1070 2236 litt.
1086 2213 1120 2236 de
1137 2212 1165 2236 la
1179 2213 1297 2241 France,
1313 2212 1377 2240 XXI,
1394 2213 1448 2236 821.
1458 2213 1518 2235 -3.
1538 2213 1606 2235 Haec
1619 2212 1712 2235 domus
1727 2215 1793 2236 teste
1806 2213 1897 2236 charta
1913 2213 2051 2244 Reginaldi
2066 2213 2170 2237 abbatis
2188 2214 2215 2238 S.
2231 2213 2351 2246 Dionysii

476 2256 592 2279 Romans.
619 2264 651 2279 an
674 2257 734 2280 1297
759 2257 809 2280 sita
833 2260 889 2280 erat
913 2257 939 2280 in
963 2257 1020 2280 vico
1042 2265 1124 2288 supra
1146 2257 1171 2280 S.
1193 2257 1332 2285 Hilarium,
1351 2265 1399 2288 per
1420 2265 1497 2288 quem
1517 2257 1570 2280 itur
1589 2257 1622 2280 ad
1642 2257 1668 2280 S.
1690 2257 1858 2281 Genoveram.
1880 2257 2037 2282 Guillelmus
2059 2258 2091 2281 de
2111 2258 2249 2287 Sorbom‘o,
2269 2266 2351 2291 nepos

477 2300 590 2328 Roberti,
606 2302 798 2324 usumfructum
817 2301 933 2333 ejusdem
949 2302 1051 2330 domus,
1071 2301 1197 2333 quamdiu
1212 2301 1327 2330 vivebat,
1343 2301 1516 2333 percipiebat.
1534 2302 1702 2330 Hemeraeus‚
1720 2301 1859 2326 Roberlus
1871 2304 1904 2326 de
1916 2302 2052 2331 Sorbona,
2069 2302 2095 2326 in
2110 2302 2179 2326 Bibl.
2195 2306 2249 2327 nat.
2265 2303 2350 2328 Pari..

477 2352 526 2367 ms.
540 2345 585 2367 lat.
603 2345 687 2373 16575,
704 2346 747 2368 sol.
762 2346 816 2369 ‘25b‚
833 2359 864 2363 —
877 2347 900 2370 [Δ.
917 2346 981 2369 Vide
998 2346 1031 2369 ad
1047 2346 1111 2369 haec
1128 2346 1198 2369 intra
1214 2350 1243 2369 n⁰
1257 2347 1312 2369 450.
1328 2360 1359 2363 —
1373 2348 1396 2370 5.
1414 2346 1461 2369 ffic
1476 2346 1627 2369 insinuatur
1641 2349 1829 2370 testamentum
1844 2347 1951 2370 Roberti
1971 2347 2002 2370 de
2023 2347 2142 2371 Sui-bona
2157 2348 2189 2371 de
2203 2348 2259 2372 suis
2274 2347 2351 2372 bonis

477 2389 627 2417 mobilibus,
644 2389 716 2420 cujus
733 2390 782 2412 hu(-
798 2399 880 2421 usque
896 2399 971 2413 nemo
989 2390 1147 2414 mentionem
1168 2390 1236 2414 fecit.
1259 2391 1291 2414 Et
1311 2399 1358 2413 nos
1379 2391 1457 2414 ctiam
1477 2399 1607 2422 nusquam
1622 2391 1688 2414 illud
1703 2391 1820 2422 reperire
1838 2391 1983 2423 potuimus,
2003 2400 2035 2415 ne
2055 2386 2160 2424 quidem
2175 2392 2243 2416 inter
2257 2401 2351 2416 nume-

477 2441 536 2455 rosa
552 2433 705 2457 documenta
721 2435 753 2457 ad
772 2435 917 2458 Serbonam
938 2435 1084 2466 spectantia
1099 2435 1125 2458 in
1141 2435 1218 2458 Arch.
1235 2438 1289 2458 nat.
1306 2435 1389 2459 Paris.
1408 2436 1434 2459 S.
1451 2436 1599 2459 6211-6232.
1612 2435 1762 2459 Exsistehut
1775 2439 1872 2464 tumen,
1888 2440 1917 2460 ut
1931 2444 1962 2460 ex
1976 2437 2132 2460 documento
2146 2445 2188 2460 an.
2205 2437 2266 2461 1275
2280 2436 2350 2461 infra

479 2481 507 2499 n⁰
519 2478 564 2500 ¹163
577 2478 656 2501 allato
670 2478 759 2509 liquet.
774 2478 799 2501 in
814 2488 864 2510 quo
879 2480 1007 2511 quaedam
1019 2480 1153 2503 clausulae
1165 2488 1195 2503 ex
1206 2480 1298 2504 eodem
1308 2483 1465 2503 testamento
1478 2480 1672 2504 exscribuntur.

479 2642 762 2679 432.T1-edecim
777 2662 886 2679 errores
902 2663 920 2679 (ι
935 2655 1078 2691 Stephano
1095 2656 1227 2692 episcopo
1243 2656 1407 2682 Parisiensi
1421 2656 1612 2683 condemnati.

1641 2735 1719 2764 1270,
1735 2734 1881 2761 Decembris
1896 2735 1935 2765 10,
1949 2735 2063 2761 Pal-teile.

568 2799 631 2831 Isti
667 2806 751 2832 sunt
784 2811 927 2833 errores
962 2802 1217 2847 condempnati
1250 2810 1287 2836 et
1316 2805 1615 2837 excommunicati
1645 2817 1727 2838 cum
1757 2804 1940 2846 omnibus,
1972 2805 2033 2849 qui
2063 2816 2128 2838 eos
2158 2805 2350 2840 docuerint

479 2864 636 2897 scienter
681 2865 739 2898 vel
786 2867 1039 2909 asseruerinff,
1085 2880 1102 2900 a
1146 2869 1293 2902 domino
1343 2870 1537 2915 Stephano,
1582 2871 1780 2905 Parisiensi
1828 2871 2015 2917 episeopo,
2059 2883 2154 2905 anno
2202 2872 2347 2906 Domini

479 2932 529 2963 M⁰
541 2931 615 2965 CC⁰
627 2933 750 2974 LXX0,
772 2932 830 2965 die
851 2934 1020 2966 mercurii
1041 2941 1123 2978 post
1142 2935 1272 2968 festum
1294 2935 1389 2969 beati
1410 2936 1572 2970 Nieholai
1593 2937 1780 2983 hyemalis.
