2580 3528
496 390 560 423 272
1077 394 1395 419 CHARTULARIUM
1431 392 1620 415 umvnns.
1657 391 1784 413 Panis.
2267 381 2367 422 [1254

496 486 588 519 opus
616 473 803 518 cujusdam
834 472 938 505 amici
966 470 1176 504 eorumdem
1209 481 1273 514 pro
1302 467 1538 512 quadraginta
1578 466 1739 510 quinque
1769 464 1874 497 libris
1904 465 2161 510 parisiensium
2189 467 2263 510 jam
2295 465 2367 499 sibi

497 540 627 574 solutis
655 540 691 572 in
719 539 871 584 pecunia
900 544 1097 578 numerata,
1127 537 1221 569 sicut
1249 535 1441 567 consessus
1472 539 1528 565 est
1556 544 1676 565 coram
1705 531 1826 572 nobis,
1853 538 1992 577 portam
2022 544 2123 566 suam
2148 544 2229 566 cum
2256 532 2367 578 perti-

498 607 644 647 nentiis,
667 605 773 638 sicuti
802 617 841 637 se
872 610 1071 649 comportat
1096 603 1133 635 in
1158 601 1426 646 longitudinem
1454 606 1489 632 et
1516 598 1743 631 latitudinem
1769 610 1886 643 usque
1911 599 1955 632 ad
1980 605 2118 644 portam
2148 599 2193 632 de
2222 600 2367 644 Coupe-

496 673 663 719 guenle’,
690 684 770 705 cum
797 672 920 704 decem
947 670 1076 703 solidis
1103 667 1357 713 parisiensium
1384 665 1606 711 augmentati
1631 677 1765 698 census
1790 666 1900 698 annui
1931 665 2096 699 redditus
2126 678 2218 711 quos
2243 665 2364 707 habet,

496 747 535 773 ut
554 740 652 780 dicit,
676 750 786 783 super
806 737 976 782 granchia
996 736 1171 769 Johannis
1193 735 1237 767 de
1259 733 1456 774 Balneolis,
1474 733 1569 765 sicut
1589 732 1688 773 dicit,
1711 732 1855 765 racione
1876 733 1981 777 cujus
2002 739 2104 778 porte
2125 739 2162 766 et
2181 733 2366 778 pertinen-

495 807 630 839 ciarum
658 804 847 838 tenebatur
873 804 1039 843 reddere,
1066 802 1160 834 sicut
1184 801 1283 841 dicit,
1311 800 1504 833 duodecim
1531 799 1702 832 denarios
1727 799 1802 832 filio
1829 800 1990 833 defuncti
2015 800 2191 833 Ludovici
2217 799 2366 845 apothe-

495 873 594 910 carii,
617 873 720 916 cujus
742 871 845 903 etiam
869 876 970 914 porte
993 868 1136 902 vendite
1159 867 1253 900 muri
1278 873 1364 899 sunt
1387 866 1590 899 medietarii
1611 866 1706 899 inter
1726 866 1827 911 ipsos
1847 873 2047 912 emptorem
2069 873 2105 900 et
2122 866 2364 908 venditorem,

495 939 588 972 sieut
608 938 705 977 dicit,
730 937 968 981 pr01ni[t]tcns
990 935 1059 967 fide
1082 935 1160 967 data
1186 934 1284 978 quod
1310 940 1434 966 contra
1460 945 1533 965 non
1558 933 1682 966 veniet
1699 933 1737 965 in
1757 934 1932 974 futurum,
1955 940 1990 966 et
2010 933 2108 978 quod
2128 933 2257 967 dictam
2278 945 2368 966 ven-

494 1005 672 1037 dicionem
702 1002 937 1048 garantizabit
964 1002 1007 1034 ad
1038 1013 1127 1033 usus
1158 1007 1193 1033 et
1217 1000 1505 1033 consuetudines
1532 1000 1682 1033 Francie
1711 1007 1836 1033 contra
1863 1012 2003 1041 omnes,
2033 1012 2177 1033 necnon
2206 1006 2242 1033 et
2267 999 2366 1045 quod

494 1071 610 1104 solvet
630 1072 772 1102 centum
795 1069 935 1101 solidos
961 1068 1217 1113 parisiensium
1242 1067 1389 1100 nomine
1416 1078 1523 1112 pene,
1547 1067 1577 1100 si
1602 1067 1858 1100 vendicionem
1883 1067 2094 1112 hujusmodi
2119 1066 2253 1100 retrahi
2278 1079 2368 1100 con-

493 1138 615 1182 tigerit
634 1136 691 1169 vel
713 1136 841 1168 evinci.
866 1137 991 1167 Datum
1015 1147 1108 1167 anno
1130 1134 1276 1167 Domini
1298 1135 1347 1167 Μο
1366 1134 1440 1167 CC⁰
1461 1135 1522 1166 L¹¹¹⁰
1542 1140 1683 1179 quarto,
1706 1146 1831 1167 mense
1853 1133 2058 1167 Decembri.

584 1248 718 1279 Originale
733 1247 759 1270 in
775 1247 850 1270 Arch.
868 1250 921 1270 nat.
943 1247 1026 1270 Paris.
1051 1247 1076 1269 S.
1099 1246 1169 1274 6213,
1190 1250 1219 1269 11⁰
1240 1246 1293 1270 128.
1315 1247 1405 1270 Restat
1424 1246 1568 1270 taeniolum
1584 1246 1694 1269 membr.
1710 1259 1741 1264 —
1758 1246 1866 1270 Cartul.
1886 1247 1920 1270 de
1932 1246 1960 1270 la
1976 1246 2063 1276 Sorb.,
2081 1246 2125 1270 sol.
2142 1247 2182 1269 80.
2196 1260 2227 1264 -
2241 1246 2270 1270 In
2285 1246 2362 1270 Arch-

490 1296 542 1316 nat.
559 1293 577 1316 l.
593 1301 615 1316 c.
632 1292 664 1315 ηίε
680 1292 723 1315 1-6
739 1295 764 1315 et
778 1292 880 1314 111-130
895 1291 1065 1314 inveniuntur
1080 1291 1163 1314 multa
1178 1291 1334 1314 documenta
1349 1299 1416 1322 quae
1430 1290 1577 1322 respiciunt
1591 1291 1624 1314 ad
1639 1289 1802 1314 venditiones
1818 1293 1843 1314 et
1858 1290 2021 1318 donationes,
2037 1299 2104 1322 quae
2119 1298 2208 1314 mense
2222 1289 2364 1314 Novembri

489 1341 514 1361 et
533 1337 668 1361 Decembri
689 1336 765 1360 istius
781 1336 842 1359 anni
857 1339 882 1359 et
897 1344 964 1359 anno
981 1335 1099 1367 sequenti
1115 1337 1199 1359 factae
1215 1337 1320 1359 fuerunt
1335 1335 1463 1366 magistro
1479 1335 1620 1359 Guillelmo
1635 1335 1667 1358 de
1689 1335 1802 1358 Cat-noto
1824 1343 1836 1358 c<
1851 1335 1885 1358 ad
1900 1343 1966 1367 opus
1982 1335 2120 1367 cujusdam
2135 1335 2214 1358 amici
2232 1334 2274 1359 sui
2289 1343 2317 1364 »ς
2336 1334 2364 1359 in

491 1382 522 1405 n¹⁵
541 1382 628 1405 91-109
647 1384 788 1404 occurrunt
808 1381 963 1403 documenta
978 1389 1105 1403 annorum
1122 1380 1182 1403 1247
1198 1383 1223 1403 et
1238 1388 1306 1411 sqq.,
1323 1380 1350 1403 in
1361 1380 1457 1411 quibus
1471 1380 1526 1411 jam
1539 1388 1609 1411 mag.
1622 1380 1751 1403 Robertus
1763 1380 1794 1403 de
1807 1380 1895 1403 Dunco
1907 1380 2065 1403 nominatur.
2082 1379 2179 1403 Omnes
2190 1379 2256 1403 istae
2271 1379 2364 1403 vendi-

489 1427 572 1450 tiones
597 1429 622 1449 et
648 1425 801 1449 donationes
828 1428 902 1448 orant
922 1425 1104 1456 praelusiones
1125 1425 1158 1447 nd
1182 1425 1345 1448 fundandum
1367 1424 1508 1456 collegium
1528 1425 1560 1447 de
1581 1424 1708 1452 Sorbona,
1730 1424 1799 1455 quod
1824 1424 1953 1448 Robertus
1973 1425 2005 1447 de
2025 1424 2112 1447 Duaco
2131 1427 2157 1448 et
2178 1424 2308 1448 Robertus
2332 1424 2364 1447 de

490 1471 608 1494 Sorbonn
621 1471 675 1502 jum
691 1470 741 1494 isto
756 1474 873 1501 tempore
892 1469 979 1493 animo
994 1472 1177 1501 conceperant.
1194 1469 1258 1492 Vide
1273 1469 1342 1492 infru
1355 1473 1385 1492 n⁰
1399 1470 1453 1492 302.

583 1556 605 1579 1.
624 1556 658 1579 Ut
672 1564 703 1579 ex
717 1555 855 1578 collatione
871 1555 1086 1578 documentorum
1107 1554 1133 1577 in
1154 1554 1230 1577 Arch.
1252 1557 1306 1578 nat.
1327 1553 1411 1578 Paris.
1434 1554 1459 1577 S.
1480 1554 1551 1582 6213,
1572 1558 1602 1577 n⁰
1622 1554 1652 1577 86
1671 1557 1696 1577 et
1715 1558 1745 1577 n⁰
1765 1554 1802 1582 77,
1820 1557 2036 1577 conservatorum
2050 1557 2170 1585 apparet,
2186 1553 2316 1577 Robertus
2331 1553 2364 1577 de

490 1601 608 1624 Sorbona
629 1600 695 1623 inter
716 1608 830 1623 mensem
850 1599 970 1622 Decemb.
992 1607 1033 1622 an.
1055 1599 1115 1622 1257
1136 1602 1161 1622 et
1180 1599 1301 1622 Decemh.
1324 1607 1366 1623 an.
1383 1599 1444 1622 ‘1258
1466 1600 1550 1622 factus
1571 1601 1612 1622 est
1631 1598 1772 1622 canonicus
1793 1598 1959 1622 parisiensis.
1980 1598 2044 1622 Vide
2063 1599 2149 1623 Μόνη.
2164 1599 2198 1622 de
2211 1598 2240 1623 la
2254 1598 2316 1623 Soc.
2330 1599 2364 1623 de

490 1645 623 1670 l’histoire
638 1647 670 1669 de
684 1645 769 1669 Paris
784 1649 810 1669 et
823 1646 856 1668 de
870 1644 1111 1672 l'Ile—de-France‚
1129 1644 1158 1672 X,
1175 1645 1269 1667 2115.--
1279 1644 1301 1667 2.
1319 1644 1354 1667 De
1369 1643 1427 1666 vico
1443 1643 1647 1675 Conpe—Gueule
1662 1643 1721 1666 vide
1736 1643 1836 1671 Jniuot,
1854 1643 2023 1668 Recherches
2035 1650 2086 1668 sur
2101 1643 2196 1672 Paris,
2213 1643 2255 1672 IV,
2269 1642 2363 1670 Quar-

490 1690 541 1714 tier
558 1690 760 1717 saint-Benoit,
777 1698 802 1720 p.
820 1689 878 1717 127;
898 1688 1033 1715 Qum-tier
1049 1688 1257 1718 Saint-Andrd,
1273 1696 1299 1719 p.
1317 1688 1372 1711 1312.

489 1880 599 1916 243.
623 1890 741 1914 Error-es
757 1890 788 1915 31
806 1898 824 1914 α
840 1888 1013 1924 quibusdam
1028 1889 1176 1923 magistris
1192 1887 1352 1923 theologiae
1367 1887 1583 1914 Parisiensibus
1599 1896 1636 1914 ea:
1651 1887 1860 1913 Introduc-torio
1876 1887 1904 1913 in
1920 1886 2106 1922 Euangelium
2121 1891 2270 1913 aeternum
2285 1890 2313 1913 et
2327 1895 2364 1913 ex

577 1938 638 1974 ipso
654 1937 808 1972 Evangelio
824 1941 939 1964 aeterno
955 1938 1090 1973 excerpti.

1832 1990 1907 2020 7254.
1922 1989 1942 2025 [
1942 1990 2049 2016 Parisils
2049 1989 2076 2024 J.

579 2075 646 2107 De¹
675 2075 786 2120 prima
820 2077 935 2120 parte²
960 2074 1044 2107 libri
1075 2075 1137 2120 qui
1165 2075 1367 2120 appellatur
1391 2075 1628 2120 Evangelz'um
1653 2075 1835 2116 eternum³‚
1867 2086 1937 2119 que
1970 2074 2083 2119 prima
2116 2085 2198 2119 pars
2230 2073 2365 2107 dicitur

489 2142 805 2186 Preparatorium⁴
826 2142 863 2174 in
884 2142 1121 2187 Evangelium
1143 2148 1322 2183 eternum,
1345 2141 1483 2175 extrahi
1503 2148 1659 2187 possunt
1678 2141 1714 2174 hi
1736 2153 1880 2174 errores
1902 2141 1964 2186 qui
1985 2147 2199 2186 sequuntur.

578 2208 719 2241 Primus
745 2220 847 2241 error
867 2215 934 2250 est,
957 2209 1054 2254 quod
1076 2208 1315 2254 Evangelium
1342 2214 1520 2249 eternum,
1549 2208 1647 2253 quod
1672 2207 1769 2240 idem
1797 2214 1851 2241 est
1877 2207 1975 2252 quod
2003 2207 2167 2240 doctrina
2186 2206 2361 2248 Joachim,

489 2274 633 2307 excellit
653 2275 850 2307 doctrinam
873 2275 1008 2309 Christi
1030 2282 1065 2308 et
1085 2277 1208 2308 01nne⁵
1229 2287 1361 2309 novum
1383 2281 1419 2308 et
1438 2281 1542 2308 vetus
1563 2276 1846 2308 Testamentum.

577 2341 766 2374 Secundus
788 2349 854 2379 est,
878 2342 975 2386 quod
997 2341 1226 2387 evangelium
1247 2341 1384 2375 Christi
1405 2353 1478 2374 non
1500 2348 1556 2375 est
1576 2341 1804 2387 evangelium
1827 2341 1931 2386 regni
1952 2353 1991 2373 ac
2013 2352 2077 2386 per
2097 2340 2165 2374 hoc
2191 2333 2258 2374 nee
2285 2340 2362 2374 edi-

489 2406 687 2440 ficatorium
709 2408 875 2440 ecclesie.

575 2472 733 2513 Tertius,
756 2473 853 2516 quod
874 2485 1006 2506 novum
1027 2475 1298 2506 Testamentum
1320 2479 1376 2506 est
1395 2473 1657 2514 evacuandum,
1680 2473 1774 2506 sicut
1794 2478 1898 2506 vetus
1919 2478 1975 2505 est
1995 2478 2216 2505 evacuatum.

578 2536 747 2577 Quartus,
775 2537 873 2580 quod
903 2549 1035 2570 novum
1062 2539 1332 2571 Testamentum
1362 2550 1435 2570 non
1465 2537 1611 2570 durabit
1637 2537 1674 2570 in
1698 2537 1831 2570 virtute
1859 2548 1936 2579 sua,
1962 2536 2033 2569 nisi
2063 2547 2128 2581 per
2154 2548 2218 2569 sex
2246 2547 2361 2570 annos

491 2601 652 2645 proximo
675 2603 828 2643 futuros,
850 2603 886 2635 id
908 2605 978 2636 est⁶
995 2616 1110 2649 usque
1131 2605 1174 2637 ad
1195 2617 1328 2637 annum
1351 2604 1614 2637 Incarnationis
1635 2604 1825 2637 MCCLX⁷.

579 2667 747 2709 Quintus,
779 2669 875 2712 quod
903 2659 958 2702 illi
986 2671 1047 2715 qui
1078 2677 1184 2703 erunt
1216 2671 1308 2704 ultra
1340 2677 1483 2716 tempus
1518 2670 1638 2712 illud⁸,
1669 2682 1742 2703 non
1772 2669 1993 2703 tenebuntur
2026 2669 2190 2714 recipere
2224 2681 2357 2703 novum

490 2730 771 2763 Testamentum.

581 2797 722 2838 Sextus⁷
745 2799 841 2842 quod
862 2800 1050 2845 evangelio
1072 2801 1208 2834 Christi
1229 2802 1328 2835 aliud
1349 2801 1578 2847 evangelium
1600 2788 1799 2834 succedeu.

582 2863 776 2907 Septimus,
813 2865 910 2909 quod
940 2866 1062 2899 nullus
1091 2868 1333 2912 simpliciter¹⁰
1362 2868 1518 2901 idoneus
1548 2874 1605 2901 est
1631 2867 1675 2901 ad
1701 2867 1956 2900 instruendum
1984 2866 2152 2900 homines
2180 2866 2225 2900 de
2253 2866 2362 2912 spiri-

492 2928 689 2971 tualibus¹¹,
712 2930 783 2963 nisi
804 2931 856 2963 illi
877 2932 938 2976 qui
960 2933 1067 2966 nudis
1089 2934 1244 2978 pedibus
1265 2935 1452 2968 incedunt.

2563 2281 2580 2348 mne-J
