2618 3640
268 422 365 463 1207]
604 432 792 454 ,111111Νο
826 431 904 454 uec
939 432 1072 461 usqua
1108 432 1156 454 An
1192 432 1423 454 rainerum
1458 432 1498 454 ιν
1532 432 1621 454 nac..
1659 432 1795 454 rimae.
2101 422 2144 455 65

266 548 312 585 5.
337 557 516 597 Ιηηοσδῃίὶιιε
532 558 578 583 III
589 557 619 583 in
634 556 739 584 liner-is
754 557 795 583 ad
812 557 936 584 Odonem
952 558 1117 594 episcopum
1132 558 1227 584 Paris.
1245 557 1363 584 directis
1378 566 1525 583 numerum
1541 558 1742 592 magistrorum
1759 557 1787 583 in
1803 556 1947 592 theologia
1963 558 2087 583 Parisiis
2104 557 2144 583 ad

354 596 532 632 octonorium
547 605 666 632 reducit.

1461 669 1540 699 1207,
1556 664 1702 695 novembri&
1718 669 1755 697 14.
1773 669 1856 695 Sutrii.

355 739 592 772 Innocentius
627 739 823 785 episcopus
858 751 987 773 servus
1024 751 1214 773 servorum
1245 739 1312 773 Dei
1340 738 1541 773 venerabili
1571 739 1671 772 fratri
1692 765 1712 771 ..
1737 739 1910 784 episcopo
1946 739 2143 772 parisiensi

265 804 417 839 salutem
444 812 480 839 et
503 805 739 851 apostolicam
766 805 1073 840 benedictionem.
1107 806 1208 840 Sicut
1234 807 1406 852 expedire
1437 806 1622 839 credimus
1652 812 1691 839 ut
1719 806 1815 851 apud
1841 806 2021 840 civitatem
2047 806 2144 839 Pari-

265 871 437 920 siensem‚
459 872 504 905 ad
529 884 635 918 quam
661 884 727 918 pro
753 885 855 906 sacre
880 873 1012 919 pagine
1034 873 1227 919 disciplina
1253 872 1411 906 celebris
1433 885 1605 906 recursus
1632 872 1785 906 habetur
1806 872 2075 918 theologorum,
2099 873 2146 906 sit

265 938 369 985 copia
394 939 664 984 magistrorum,
692 940 754 985 qui
780 939 940 986 parvulis
966 939 1175 985 petentibus
1201 952 1330 986 panem
1350 940 1520 986 frangant
1538 946 1574 973 et
1594 940 1799 973 esurientes
1813 940 1957 984 vanimas
1983 939 2146 973 reficiant

265 1004 398 1051 pabulo
418 1005 522 1039 verbi
542 1006 634 1039 Dei:
653 1006 706 1039 sic
735 1006 841 1040 etiam
872 1006 1007 1040 decens
1037 1013 1105 1048 est,
1137 1013 1176 1040 ut
1200 1007 1363 1052 ipsorum
1389 1007 1632 1040 numerositas
1658 1006 1900 1047 refrenetur⁴,
1927 1019 1972 1039 ne
1994 1007 2145 1040 forsitan

265 1078 415 1118 propter
443 1071 664 1106 honerosum
693 1072 977 1115 multitudinem,
1007 1085 1077 1119 que
1104 1073 1215 1106 nichil
1241 1073 1350 1106 habet
1374 1073 1532 1115 honesti,
1556 1073 1614 1107 vel
1638 1073 1790 1107 vilescat
1818 1085 1943 1107 eorum
1971 1073 2143 1115 officium,

264 1138 323 1172 vel
350 1139 472 1172 minus
495 1139 698 1185 composite
719 1139 924 1185 impleatur,
950 1152 1031 1173 cum
1059 1141 1157 1173 Deus
1183 1141 1302 1173 omnia
1323 1140 1451 1173 fecerit
1471 1140 1507 1173 in
1528 1152 1695 1179 numero,
1718 1140 1880 1186 pondere
1900 1153 1939 1173 ac
1961 1152 2143 1173 mensura.

267 1206 339 1238 Hac
364 1205 494 1251 igitur’
519 1206 813 1240 consideratione
844 1207 1044 1252 prudenter
1073 1207 1212 1240 inducti
1242 1207 1454 1240 auctoritate
1485 1207 1709 1252 presentium
1741 1207 1892 1240 firmiter
1922 1206 2144 1248 inhibemus,

266 1278 306 1305 ut
330 1271 491 1306 Parisius
517 1273 774 1318 magistrorum
800 1273 986 1319 theologie
1013 1285 1187 1306 numerus
1212 1274 1439 1306 octonarium
1466 1286 1538 1307 non
1560 1274 1803 1315 transcendat,
1831 1274 1900 1307 nisi
1922 1274 2014 1306 sorte
2036 1273 2145 1307 multa

266 1338 466 1372 necessitas
495 1332 554 1372 vel
580 1339 737 1373 utilitas³
766 1339 834 1373 hoc
865 1346 1047 1385 exposcat.
1084 1339 1182 1373 Nulli
1212 1352 1300 1386 crgo
1329 1341 1478 1373 omnino
1508 1340 1694 1373 hominum
1724 1340 1829 1373 liceat
1858 1340 1948 1373 hanc
1979 1341 2143 1385 paginam

266 1411 390 1438 nostre
415 1404 646 1439 inhibitionis
671 1406 886 1452 infringere,
912 1406 971 1440 vel
996 1419 1086 1439 ausu
1109 1407 1301 1439 temerario
1322 1407 1516 1440 contraire.
1540 1407 1576 1440 Si
1598 1407 1680 1452 quis
1701 1414 1818 1440 autem
1846 1406 1914 1440 hoc
1935 1413 2146 1452 attemptare

265 1471 543 1517 presumpserit,
579 1472 868 1518 indignationem
904 1473 1166 1519 omnipotentis
1196 1473 1262 1506 Dei
1292 1480 1328 1506 et
1356 1473 1544 1506 beatorum
1575 1474 1670 1506 Petri
1702 1480 1737 1506 ct
1767 1473 1866 1506 Pauli
1897 1473 2144 1518 apostolorum

266 1536 346 1583 ejus
366 1550 406 1572 se
427 1539 571 1572 noverit
590 1539 836 1573 incursurum.
865 1540 942 1573 Dat.
967 1539 1078 1573 Sutrii
1099 1539 1182 1584 xviij
1206 1539 1276 1572 kal.
1305 1539 1532 1582 Decembris,
1555 1540 1786 1585 pontificatus
1807 1540 1921 1573 nostri
1943 1552 2038 1573 anno
2061 1552 2092 1572 x.

358 1636 423 1668 neg.
438 1636 496 1661 Vat.
513 1637 647 1661 Innocenti
662 1637 699 1661 111
714 1638 806 1666 1111.10,
823 1638 868 1662 fol.
885 1638 936 1662 ³1¹¹.
949 1638 1079 1663 Charcul.
1094 1639 1218 1670 episcopi
1232 1639 1259 1662 in
1274 1639 1343 1662 Bibl.
1355 1642 1409 1662 nat.
1419 1638 1503 1662 Paris.
1514 1647 1563 1662 ms.
1579 1639 1625 1662 lat.
1642 1639 1712 1666 5526,
1730 1638 1775 1662 sol.
1791 1638 1842 1663 [10¹³.
1859 1639 2000 1669 Maqnum
2015 1638 2147 1663 chartul.

262 1680 328 1705 eccl.
340 1681 437 1706 Paris.
453 1680 479 1704 in
494 1681 573 1706 Arch.
588 1684 643 1706 nat.
659 1681 745 1706 Paris.
760 1682 810 1707 LL.
826 1683 880 1711 183,
898 1683 943 1707 fol.
960 1683 1003 1706 181
1011 1683 1031 1708 ¹².
1046 1697 1078 1700 —
1093 1683 1217 1712 Bulaeus,
1235 1684 1280 1711 111,
1297 1684 1337 1707 36.

357 1752 382 1776 1.
398 1753 527 1785 Tempore
541 1753 686 1777 Innocentii
702 1753 739 1777 111
754 1761 893 1777 numerum
909 1754 1093 1786 theologorum
1108 1754 1218 1778 Parisiis
1239 1754 1321 1778 fuisso
1337 1763 1464 1786 magnum
1479 1754 1577 1778 scimus
1594 1754 1662 1778 inter
1677 1754 1729 1778 alia
1744 1763 1775 1778 01(
1790 1754 1844 1778 vita
1859 1754 1987 1778 Johunnis
2008 1754 2039 1777 (10
2062 1755 2147 1777 Mont-

264 1797 361 1826 mirail,
384 1797 430 1830 qui
452 1801 513 1822 ante
535 1806 578 1824 1111,
602 1797 663 1822 1184
687 1797 803 1822 Parisios
827 1798 894 1822 adiit
916 1799 950 1822 ad
974 1799 1162 1823 consultandos
1187 1799 1351 1823 Parisienses
1375 1799 1514 1831 theologos
1530 1807 1536 1822 :
1550 1807 1562 1822 «
1579 1799 1696 1831 Cumque
1725 1799 1902 1822 Pnrisicnsem
1931 1799 2024 1822 urbem
2054 1799 2147 1822 suisset

264 1842 411 1874 ingressus,
426 1842 574 1874 peritorum
594 1842 779 1875 theologorum
794 1846 923 1867 conventu
948 1843 1062 1867 maximo
1078 1844 1104 1867 in
1124 1852 1205 1867 unum
1228 1847 1390 1876 congreg-uto
1411 1844 1528 1875 primum
1548 1843 1655 1876 quidem
1670 1844 1703 1867 nd
1723 1852 1767 1867 cos
1788 1843 1955 1867 salutationis
1971 1843 2052 1867 verba
2068 1852 2146 1875 prae-

264 1885 337 1910 misit
352 1894 375 1910 ¹2.
393 1888 450 1912 AA.
463 1887 514 1911 SS.
530 1887 663 1919 Septemb.
678 1887 746 1915 vm,
763 1887 817 1916 221,
834 1891 864 1911 11ο
878 1888 917 1912 16.
934 1888 963 1912 ln
978 1888 1027 1911 hac
1047 1888 1198 1912 narratione
1213 1888 1281 1912 sicut
1296 1888 1323 1912 in
1338 1888 1392 1912 vita
1406 1888 1536 1912 Johannis
1557 1889 1567 1912 I
1582 1888 1687 1912 abbatis
1708 1889 1735 1912 S.
1752 1888 1845 1911 Albani
1865 1887 2018 1920 (1195-1214)
2038 1888 2147 1919 insuper

264 1930 340 1954 nobis
355 1933 396 1954 est
410 1934 566 1955 conservata
583 1931 671 1963 primu
686 1931 779 1955 notitia
798 1932 830 1956 de
849 1932 981 1956 consortio
1002 1932 1191 1964 magistrorum
1211 1933 1410 1956 Pnrisiensium.
1426 1933 1491 1956 Vide
1508 1932 1589 1958 Gesta
1600 1933 1735 1957 abbatum
1750 1932 1917 1957 monasterii
1933 1933 1961 1956 S.
1976 1932 2088 1961 Albani,
2105 1933 2145 1955 ed.

264 1974 347 2006 Ritey,
364 1975 383 2003 Ι,
399 1975 454 1999 217.
470 1989 502 1993 -
517 1976 542 2001 2.
560 1985 572 1999 α
588 1976 674 2008 igit-n·
689 1985 700 1999 11
717 1976 791 2000 deest
805 1976 831 2000 in
846 1976 966 2001 Chartul.
982 1977 1110 2009 episcopi.
1125 1991 1157 1995 —
1174 1979 1198 2002 3.
1216 1977 1255 2001 lb.
1273 1986 1284 2001 «
1301 1978 1382 2001 Multa
1398 1977 1499 2002 utilitas
1515 1981 1541 2001 et
1556 1977 1699 2000 necessitas
1716 1986 1738 2001 ».

264 2136 311 2174 Β.
333 2147 483 2173 Decretum
501 2146 608 2173 odonis
623 2147 752 2184 episcopi
766 2151 795 2174 et
808 2147 932 2184 capituli
946 2149 1124 2175 Parisiensis
1139 2150 1217 2175 circa
1232 2149 1420 2175 residentiam
1436 2148 1614 2175 cancellarii.

1608 2241 1685 2270 1207,
1701 2239 1829 2275 [Parisiis
1830 2239 1855 2274 J

355 2306 436 2341 Odo
467 2307 533 2341 Dei
561 2308 676 2354 gratia
706 2309 924 2343 Parisiensis
954 2310 1164 2356 episcopus,
1196 2312 1302 2356 Hugo
1331 2311 1490 2344 decanus
1518 2317 1554 2343 ct
1579 2310 1790 2343 universum
1822 2308 2018 2355 capitulum
2047 2308 2144 2341 Pari-

265 2372 388 2407 siensc
409 2373 580 2407 omnibus
601 2381 792 2420 presentes
811 2375 950 2410 litteras
971 2376 1192 2422 inspecturis
1214 2377 1250 2410 in
1272 2378 1428 2411 Domino
1449 2377 1614 2411 salutem.
1638 2378 1768 2409 Notum
1792 2375 1942 2408 facimus
1961 2375 2144 2408 universis

265 2440 364 2486 quod
394 2452 462 2474 nos
491 2440 724 2474 residentiam
759 2441 965 2476 cancellarii
997 2443 1216 2477 Parisiensis
1247 2443 1477 2477 attendentes
1507 2443 1748 2476 necessariam
1779 2454 1860 2475 esse
1892 2448 2016 2475 nostre
2046 2441 2144 2475 Pari-

264 2506 379 2540 siensi
400 2506 555 2540 ecclesie
583 2514 618 2541 et
644 2508 894 2542 cummunitati
920 2509 998 2553 (sic)
1023 2509 1231 2551 scolarium,
1255 2510 1300 2543 de
1325 2509 1505 2543 bonorum
1532 2509 1692 2543 virorum
1718 2508 1873 2542 consilio
1900 2514 1935 2542 et
1959 2508 2142 2541 cummuni

263 2585 419 2607 assensu
444 2574 637 2608 statuimus
663 2574 699 2607 in
725 2574 883 2620 capitulo
909 2576 1106 2609 Parisiensi
1129 2583 1168 2610 ut
1191 2576 1414 2622 quicumque
1442 2576 1487 2609 (10
1513 2582 1635 2610 cetcro
1661 2575 1900 2609 cancellarius
1926 2575 2143 2608 Parisiensis

264 2639 385 2682 suerit,
409 2646 574 2674 tencatur
594 2641 630 2674 in
651 2653 807 2687 persona
829 2642 975 2688 propria
1000 2642 1095 2676 bona
1117 2642 1187 2676 fide
1214 2643 1374 2676 Parisius
1395 2642 1571 2683 residere,
1595 2649 1631 2676 et
1651 2649 1733 2688 post
1753 2642 2017 2676 institutionem
2042 2654 2141 2675 suam

259 2713 430 2742 ‚teneatur
453 2708 699 2753 juramentum
722 2708 758 2741 in
779 2708 937 2754 capitulo
959 2708 1145 2751 exhibere,
1175 2722 1214 2743 sc
1242 2710 1418 2743 facturum
1449 2709 1682 2743 residentiam
1711 2708 1805 2742 hona
1831 2709 1902 2742 side
1928 2709 1964 2742 in
1990 2709 2143 2742 ecelesia

264 2773 475 2816 Parisiensi,
497 2774 668 2820 quamdiu
694 2775 945 2809 cancellariam
973 2776 1142 2817 tenuerit,
1165 2783 1201 2810 ct
1225 2777 1322 2822 quod
1344 2788 1409 2822 per
1429 2788 1469 2810 sc
1489 2775 1547 2810 vel
1569 2788 1633 2822 per
1653 2776 1760 2810 alium
1785 2775 1992 2809 nullatenus
2014 2787 2143 2821 procu-

263 2838 371 2882 rabit,
393 2840 491 2886 quod
513 2840 694 2875 relaxetur
713 2854 732 2876 a
752 2843 960 2887 juramento
982 2843 1159 2889 predicto.
1182 2843 1380 2877 Statuimus
1405 2843 1510 2877 etiam
1533 2843 1631 2889 quod
1659 2842 1770 2876 nichil
1791 2843 1836 2876 dc
1861 2842 2039 2876 fructibus
2060 2854 2142 2875 ran-

260 2905 411 2940 ·cellarie
435 2907 625 2954 percipere
651 2909 780 2954 possit,
807 2909 923 2943 donec
949 2916 1170 2956 pretaxatam
1197 2909 1403 2944 exhibuerit
1428 2910 1463 2943 in
1486 2910 1682 2943 Parisicnsi
1703 2909 1861 2956 capitulo
1881 2911 2139 2955 juramentum.

265 2972 458 3019 Postquam
488 2980 606 3008 autem
632 2975 806 3021 magister
826 2976 1096 3022 Propositinus¹
1120 2977 1234 3011 factus
1259 2984 1315 3011 est
1339 2976 1590 3018 cancellarius,
1614 2976 1822 3022 rogavimus
1844 2988 1924 3009 eum
1948 2982 1986 3008 111,
2006 2975 2139 3008 dictum

391 3030 487 3056 Chart-
509 3031 585 3057 Unio.
605 3032 701 3058 Paris.
720 3033 740 3057 1.
2002 3034 2017 3056 9
