2618 3640
681 426 729 448 ΑΒ
763 426 1008 450 ALEXANDRO
1043 426 1092 448 111
1128 426 1260 455 USQUE
1295 427 1344 448 AD
1378 427 1518 449 ANNUM
1553 428 1643 452 MCC.
2059 421 2102 454 35

218 551 298 590 29.
319 561 423 587 Petrus
440 559 587 586 Blesensis
607 560 700 586 amico
715 559 792 586 duas
807 560 992 596 quaestiones
1013 560 1187 596 proponenti
1202 560 1351 597 respondit
1370 570 1434 587 eum
1451 560 1586 588 debuisse
1602 562 1780 597 interrogare
1798 563 1939 597 Parisios,
1956 563 2006 590 ubi
2019 563 2101 599 diffi-

306 608 404 636 cilium
419 609 620 645 quaestionum
635 608 705 635 nodi
719 609 934 636 intricatissimi
947 609 1134 636 resolvuntur.

1535 674 1600 700 Post
1614 682 1653 700 am.
1669 675 1743 700 1175.

307 761 437 795 Petrus
464 759 653 794 Blesensis
679 759 938 793 Bathoniensis
963 759 1243 794 archidiaconus
1268 760 1402 794 dilecto
1424 761 1525 795 socio
1547 768 1583 795 et
1606 762 1721 795 amico
1747 763 1788 795 R.
1816 763 1981 805 salutem,
2009 770 2045 796 et
2071 763 2102 797 si

217 827 306 873 quid
335 826 467 860 melius
497 833 554 861 est
582 827 710 861 salute.
743 827 867 872 Nuper
896 827 934 860 in
958 827 1131 861 conflictu
1162 827 1355 862 scolastico
1386 828 1539 874 quedam
1566 829 1793 874 questiones,
1824 830 1920 863 sicut
1951 830 2100 872 asseris,

218 893 374 928 deducte
401 893 439 927 in
459 894 619 927 medium
646 900 747 927 tuum
773 889 933 927 animum
958 894 996 927 in
1021 894 1133 928 dubio
1160 895 1445 941 suspenderunt.
1473 897 1542 929 Eas
1563 895 1673 929 michi
1699 897 1877 942 proponis
1904 909 2100 943 earumque

216 959 438 995 solutionem
466 972 547 994 cum
569 961 746 994 instancia
774 961 880 1006 petis.
903 962 1189 1007 Verumptamen
1214 974 1295 995 cunl
1322 962 1374 996 sis
1399 962 1436 995 in
1462 962 1587 1004 scolis,
1610 975 1679 1009 ego
1700 970 1818 997 autem
1840 964 1877 997 in
1902 964 2043 1006 castris,
2067 971 2103 998 et

216 1039 299 1061 cum
319 1028 395 1072 jam
421 1027 613 1061 biennium
639 1027 676 1060 in
702 1026 849 1073 legibus
875 1034 911 1061 et
937 1028 1095 1062 decretis
1121 1029 1353 1074 expenderis,
1378 1041 1510 1062 vereor
1535 1041 1580 1063 ne
1601 1030 1809 1076 temptative
1837 1030 1906 1064 hoc
1933 1031 2042 1064 facias
2063 1038 2103 1065 ut

217 1093 270 1128 sic
291 1105 348 1127 me
373 1094 412 1127 in
436 1094 667 1140 simplicitate
694 1106 772 1128 mea
797 1094 928 1128 callide
953 1094 1256 1140 comprehendas.
1283 1097 1448 1129 Poteram
1476 1096 1540 1129 tibi
1566 1097 1701 1139 dicere,
1729 1098 1827 1143 quod
1853 1098 2016 1143 prudens
2040 1098 2102 1131 illa

217 1160 348 1194 mulier
377 1161 468 1195 Joab
499 1161 668 1206 querenti
697 1168 805 1207 caput
830 1161 915 1195 Sibe
943 1161 1078 1207 legitur
1106 1163 1344 1208 respondisse
1370 1174 1378 1196 ε
1406 1177 1423 1195 ι(
1445 1163 1683 1197 Proverbiuin
1710 1171 1778 1206 est,
1811 1164 1942 1210 inquit,
1973 1171 2013 1198 ut
2039 1165 2101 1210 qui

217 1227 446 1274 interrogant
472 1228 702 1274 interrogent
729 1229 766 1261 in
792 1228 920 1262 Abela.
951 1243 967 1260 »
996 1229 1067 1272 Qui
1093 1229 1322 1275 interrogant
1347 1230 1577 1276 interrogent
1605 1231 1778 1273 Parisius‚
1809 1231 1871 1264 ubi
1899 1231 2100 1265 difficilium

217 1294 451 1340 questionum
479 1294 568 1328 nodi
593 1295 857 1328 intricatissimi
882 1295 1130 1329 resolvuntur.
1157 1297 1413 1340 Questionum,
1435 1309 1525 1342 quas
1546 1298 1734 1343 proponis,
1758 1298 1979 1332 solutionem
2004 1300 2100 1345 apud

216 1372 282 1394 eos
314 1360 458 1394 facilius
490 1361 657 1395 invenire
694 1362 846 1407 poteris,
881 1362 943 1407 qui
977 1362 1015 1395 in
1048 1362 1182 1396 talibus
1217 1375 1256 1396 se
1290 1370 1473 1397 exercent.
1508 1365 1586 1409 Ego
1613 1371 1745 1406 tamen,
1772 1365 1870 1410 quod
1904 1366 1994 1402 scio,
2026 1378 2100 1399 non

215 1426 363 1461 invideo
390 1427 474 1469 tibi;
501 1428 638 1461 utinam
663 1428 867 1462 voluntaria
894 1429 969 1462 oris
995 1429 1065 1462 mei
1090 1429 1316 1475 beneplacita
1347 1430 1411 1463 tibi
1442 1431 1548 1464 saciat
1574 1432 1685 1471 Deus,
1718 1438 1756 1464 ut
1776 1432 1989 1476 questiones
2010 1445 2100 1478 quas

216 1494 407 1540 proponis,
435 1494 503 1528 etsi
530 1506 604 1528 non
629 1495 674 1528 ad
695 1495 911 1538 orationem,
934 1495 1060 1529 saltem
1083 1496 1127 1529 ad
1148 1496 1331 1530 hominem
1354 1497 1498 1542 possint
1523 1497 1628 1531 solvi.
1655 1497 1766 1531 Michi
1787 1505 1905 1531 autem
1931 1499 2100 1533 sufficere

215 1560 339 1602 credo,
375 1561 407 1595 si
440 1561 663 1595 solutionem
691 1574 798 1607 quam
823 1562 974 1596 daturus
1009 1575 1102 1604 sum,
1134 1563 1244 1597 unius
1271 1563 1366 1609 legis
1394 1571 1454 1597 aut
1478 1565 1629 1598 canonis
1656 1565 1868 1598 auctoritate
1894 1566 2098 1600 firmavero.

214 1627 348 1671 Queris
369 1627 414 1662 de
436 1627 588 1662 muliere
594 1655 660 1662 .....

307 1725 433 1750 Biblioth.
451 1729 504 1750 nat.
521 1726 605 1750 Paris.
623 1735 687 1751 mss.
705 1727 750 1751 tat.
769 1727 854 1757 14764,
871 1728 915 1752 fol.
933 1727 993 1757 19b;
1009 1729 1080 1757 2605,
1099 1729 1142 1752 rot.
1160 1728 1210 1752 17¹².
1227 1743 1258 1747 --
1273 1728 1368 1761 Migne‚
1385 1729 1496 1754 Patrol.
1513 1730 1573 1758 lat„
1590 1733 1652 1754 tom.
1670 1730 1767 1758 CCVII,
1783 1739 1824 1762 ep.
1842 1731 1880 1760 19,
1897 1740 1923 1763 p.
1940 1732 1979 1756 60.

214 1928 294 1967 30.
316 1939 420 1965 Petrus
438 1938 586 1965 Blesensis
607 1939 648 1966 ad
671 1939 805 1966 Thomam
830 1940 1005 1967 Glocestriae
1027 1941 1172 1968 abbatem.
1198 1941 1322 1968 Odonem
1342 1941 1378 1968 de
1399 1942 1479 1978 Sully
1497 1943 1526 1969 in
1542 1943 1706 1980 episcopum
1721 1944 1915 1970 Parisiensem
1932 1953 1968 1970 ex
1983 1948 2099 1970 cantore

301 1987 477 2014 Bituricensi
491 1987 620 2024 electum,
639 1989 690 2025 qui
703 1989 830 2015 Parisiis
845 1989 961 2016 scholas
975 1990 1192 2026 frequentabat,
1210 1991 1348 2018 laudibus
1364 1991 1485 2018 extollit.

1522 2082 1594 2108 Circa
1608 2090 1647 2108 an.
1664 2083 1738 2109 1196.

300 2165 518 2200 >Reverendo
539 2167 632 2212 patri
653 2173 689 2201 et
709 2167 857 2202 domino
874 2167 961 2202 Th.¹
979 2168 1047 2202 Dei
1067 2169 1182 2214 gratia
1201 2169 1454 2203 Glocestrensi
1475 2169 1610 2213 abbati,
1631 2171 1760 2204 Petrus
1781 2170 1971 2204 Blesensis
1992 2171 2094 2205 Bath.

212 2230 504 2275 archidiaconus,
532 2233 687 2268 salutem
714 2234 751 2268 in
778 2246 822 2268 eo
852 2235 932 2268 sine
959 2247 1032 2281 quo
1059 2247 1134 2269 non
1164 2243 1220 2270 est
1246 2236 1358 2270 salus.
1385 2237 1562 2280 Queritis,
1584 2244 1703 2271 utrum
1725 2250 1858 2271 novum
1880 2238 1976 2271 hunc
1997 2238 2096 2271 Pari-

213 2297 373 2339 siensem
400 2298 614 2345 episcopum
639 2301 819 2343 noverim,
846 2308 881 2335 et
901 2302 988 2347 quid
1018 2302 1063 2335 de
1083 2302 1154 2336 vita
1183 2309 1219 2336 et
1238 2303 1403 2336 moribus
1424 2305 1503 2349 ejus
1525 2304 1691 2342 sentiam,
1718 2311 1778 2337 aut
1798 2305 1885 2349 quid
1911 2305 1956 2337 ‹le
1978 2305 2094 2350 ipsius

214 2363 393 2398 electione
424 2365 616 2408 audierim,
642 2366 749 2401 vobis
777 2368 914 2414 scripto
940 2369 1064 2414 petitis
1084 2369 1231 2415 aperiri.
1259 2370 1406 2404 Curiosi
1432 2369 1591 2403 hominis
1617 2377 1673 2404 est
1697 2371 1764 2404 ista
1788 2371 1996 2416 inquirere;
2028 2371 2092 2404 sed

213 2430 290 2464 scio
311 2431 410 2476 quod
429 2432 543 2466 vestri
570 2432 709 2467 domini
736 2434 896 2476 Henrici,
919 2434 1023 2469 beate
1050 2437 1238 2478 memorie,
1266 2449 1383 2482 nuper
1402 2437 1680 2482 VVigorniensis
1708 2437 1906 2483 episcopi&
1932 2449 2032 2471 amor
2059 2445 2094 2471 et

212 2497 358 2532 devotio
379 2498 446 2532 ista
474 2498 660 2545 inquirere
687 2512 753 2534 vos
779 2501 1016 2547 compellunt.
1039 2503 1147 2536 Scitis
1174 2503 1283 2545 enim,
1307 2515 1410 2548 quain
1440 2503 1593 2548 placide,
1618 2515 1723 2549 quam
1744 2504 1874 2538 devote
1900 2511 1997 2538 totus
2018 2505 2092 2550 spi-

211 2564 304 2598 ritus
325 2565 405 2610 ejus
427 2566 682 2611 requiescebat
701 2579 813 2613 super
833 2567 1020 2602 Odonem'⁴
1041 2575 1224 2602 cantorem
1247 2569 1489 2603 Bituricensis
1515 2570 1683 2612 ecclesie,
1706 2577 1854 2617 eratque
1880 2571 1917 2604 in
1937 2572 2032 2606 votis
2058 2579 2093 2605 et

211 2630 356 2665 deliciis
375 2633 455 2677 ejus
476 2633 595 2678 ipsum
617 2646 699 2667 cum
719 2634 827 2668 fratre
849 2647 916 2668 suo
943 2635 1164 2669 Bituricensi
1189 2635 1480 2682 archiepiscopO,
1501 2637 1671 2682 quotiens
1698 2649 1738 2671 se
1763 2638 1939 2672 offerebat
1963 2651 2091 2685 oppor-

210 2697 360 2740 tunitas,
379 2698 572 2745 multiplici
595 2701 769 2746 preconio
790 2713 998 2736 recensere.
1021 2703 1074 2735 De
1093 2703 1163 2736 vita
1189 2703 1305 2749 ipsius
1327 2703 1425 2749 quod
1446 2703 1545 2747 novi,
1566 2704 1612 2737 de
1632 2704 1750 2750 ipsius
1772 2712 1890 2739 autem
1912 2705 2091 2740 electione

210 2764 364 2798 reseram
385 2766 483 2811 quod
502 2766 639 2801 audivi.
661 2768 837 2807 Mauricio
855 2768 866 2786 ⁶
892 2770 950 2815 pie
976 2770 1242 2804 recordationis
1268 2777 1435 2816 exempto
1457 2771 1502 2804 de
1524 2783 1679 2817 corpore
1701 2772 1827 2806 mortis
1853 2772 1975 2818 hujus,
1998 2773 2092 2806 Pari-

211 2829 334 2864 siense
353 2832 551 2878 capitulum
572 2833 618 2867 de
638 2834 789 2869 alterius
810 2835 1072 2870 substitutione
1094 2836 1278 2871 tractabat.
1301 2838 1411 2871 Erant
1431 2837 1576 2883 quidam
1603 2838 1669 2872 filii
1690 2845 1725 2872 et
1745 2838 1900 2873 heredes
1922 2841 2090 2886 Symonis

210 2897 328 2943 Magi,
358 2898 420 2944 qui
454 2898 540 2934 licet
572 2900 765 2948 religionis
799 2903 1052 2949 professores,
1082 2904 1354 2950 multorumque
1386 2904 1576 2939 inveterati
1611 2905 1776 2948 dierum,
1807 2918 1887 2939 cum
1924 2907 2090 2952 pecuniis

210 2968 343 3007 tamen,
364 2976 454 3010 quas
473 2975 789 3013 congregaverant
804 2976 954 3016 propter
973 2969 1041 3004 hoc
1063 2983 1081 3004 a
1102 2970 1233 3004 diebus
1254 2971 1427 3017 antiquis-i,
1449 2983 1489 3005 se
1509 2971 1553 3006 ad
1574 2972 1756 3006 nundinas
1778 2972 1877 3006 illius
1898 2973 2089 3006 electionis
