2580 3528
459 370 523 401 242
824 381 854 385 ·*
1000 379 1003 382 >
1033 372 1351 397 CHARTULAMUM
1384 369 1572 391 UMVERS.
1611 368 1739 390 rmus.
1959 370 1985 375 -·
2228 358 2330 400 [1253

459 453 549 485 adeo
578 463 651 485 non
675 450 784 484 suerit
808 449 929 495 gravis
955 455 990 481 01
1014 446 1175 479 00000118
1203 456 1389 484 excessus,
1419 449 1567 488 propter
1594 441 1691 486 quod
1718 441 1846 474 merito
1871 441 1914 474 ad
1942 441 2067 475 sedem
2093 441 2335 487 apostolicam}

459 519 532 551 sint
556 517 734 557 mittendi,
758 517 859 561 juxta
885 515 1034 547 formam
1057 512 1211 545 ecclesie
1238 511 1359 555 possis
1385 508 1629 542 absolutionis
1653 507 1872 540 beneficium
1898 508 2158 553 impertiriJac
2179 507 2335 553 dispas-.-

460 597 539 618 sare
565 596 644 617 eum
671 583 744 616 illis
768 593 812 615 ex
837 582 927 626 ipsis
955 579 1171 619 scolaribus,
1198 577 1258 621 qni
1284 576 1407 608 elerici
1436 575 1582 615 suerint,
1610 586 1721 619 super
1746 574 2025 619 irregularitate,
2042 574 2086 612 ,81
2105 576 2176 619 'qua
2198 574 2329 607 exinde

460 651 579 691 suerit,
602 649 879 694 injungendum.
903 648 980 679 Dat.
1004 645 1143 678 l'erusii
1166 644 1215 687 iiij
1239 643 1287 675 id.
1310 642 1440 679 Martii,
1464 653 1557 674 anno
1579 652 1611 673 x.

554 735 615 765 Reg.
637 735 689 757 Vat.
707 732 849 756 innocentii
870 732 902 754 lv
918 739 958 753 an,
982 731 1019 757 10,
1041 738 1080 760 ep.
1103 729 1156 755 551,
1174 728 1217 750 sol.
1236 728 1288 750 253.
1309 740 1340 743 —
1355 725 1429 757 Apud
1445 725 1582 753 Jom-dain,
1599 729 1628 748 11⁰
1647 726 1686 752 90,
1702 725 1751 748 hae
1771 725 1874 749 litterae
1893 733 1923 748 ex
1937 724 2093 757 apographo
2105 725 2234 757 quodLu
2254 711 2331 749 Forte

460 780 494 802 du
509 778 582 802 Theil
598 777 787 801 conficiendum
802 778 938 798 curaverat
954 781 1091 805 perperam
1109 781 1119 795 (t
1137 780 1204 794 anno
1219 771 1243 793 ix
1260 779 1271 793 »
1289 770 1465 793 ascribuntur.
1483 770 1552 792 idem
1565 777 1639 792 error
1653 769 1724 801 apud
1740 769 1868 798 Potthust,
1885 774 1914 792 11ο
1929 770 2014 793 14530.

556 850 576 871 1.
597 849 702 872 (30110οο
718 847 840 878 episcopo
858 853 944 868 mense
961 843 1107 875 Septembri
1124 851 1164 865 an.
1184 843 1244 864 1249
1259 844 1361 864 mortuo
1376 841 1444 870 (vide
1455 849 1537 871 supra
1552 844 1581 863 0ο
1596 840 1650 870 174)
1666 840 1741 863 sedes
1752 840 1912 872 episcopalis
1928 840 2040 864 vacabat
2052 849 2101 872 per
2113 841 2203 872 plures
2217 849 2327 864 menses.

461 893 558 916 Gutteri
585 900 728 918 successor,
756 890 882 921 magister
907 888 1066 919 Reginuldus
1091 888 1121 909 de
1147 885 1277 913 Cnrbolio,
1295 885 1339 916 qui
1363 884 1565 908 archidiaconus
1591 884 1674 916 major
1698 885 1760 908 0001,
1787 885 1932 913 Remensis,
1953 885 2047 908 saltem
2068 884 2124 916 jam
2143 885 2173 908 30
2197 885 2259 908 Maii
2285 893 2327 908 nn.

459 938 519 960 1250
546 945 593 967 per
618 943 716 967 papam
737 935 761 957 in
790 934 943 964 episcopum
968 932 1050 955 Puris.
1080 934 1136 953 erat
1164 930 1318 961 designatus
1345 931 1378 959 (v.
1403 928 1496 956 Varin,
1524 929 1611 952 Arch.
1634 929 1796 953 administr.
1817 930 1851 953 de
1870 929 1975 956 Reims,
1997 930 2016 957 l,
2038 929 2060 958 2,
2078 937 2105 961 p.
2129 930 2193 959 716),
2215 929 2246 952 10
2265 929 2330 953 Julii

459 981 574 1012 ejusdem
597 980 656 1002 anni
679 979 814 1001 ecclesiam
841 986 915 1000 sunm
941 975 1092 999 solemniter
1112 975 1248 1007 ingressus
1269 977 1315 997 est.
1339 974 1467 1001 Guernrd,
1491 974 1568 997 Cart.
1588 974 1621 997 de
1640 973 1744 1004 l’eylt'se
1764 973 1959 1001 Notre-Dame,
1980 974 2000 1002 1,
2022 973 2075 997 163.
2099 973 2172 998 Obiit
2185 974 2330 1018 *mh-⁴1²⁶&

458 1027 472 1047 (ἱ
487 1025 566 1047 Junii.

459 1124 569 1159 219.
598 1131 771 1157 Universitas
788 1130 988 1164 magistrorum
1009 1132 1035 1154 et
1050 1128 1224 1154 scholarium
1240 1127 1334 1152 Paris.
1353 1128 1458 1152 statuit
1473 1130 1503 1152 ut
1519 1126 1615 1153 nullus
1631 1127 1660 1152 ἱιι
1676 1135 1847 1162 quacunque
1865 1127 2009 1161 facultate
2031 1127 2169 1162 magister
2183 1127 2224 1153 ad
2243 1127 2330 1154 colle-

544 1181 621 1215 gium
637 1180 837 1214 magistrorum
853 1178 1034 1211 admittatur,
1048 1178 1106 1203 nisi
1114 1177 1257 1212 juraverit
1271 1179 1384 1202 statuta
1401 1176 1600 1202 Universitatis
1615 1184 1646 1202 se
1659 1175 1788 1210 fideliter
1801 1176 2031 1211 observaturum,-
2047 1176 2144 1203 nullus
2155 1176 2330 1212 principium

546 1229 669 1264 alicujus
686 1227 852 1254 baccalarei
872 1230 976 1261 teneat,
994 1226 1052 1251 nisi
1067 1226 1151 1262 prius
1171 1226 1198 1251 ei
1217 1225 1386 1258 constiterit,
1405 1224 1482 1260 quod
1501 1225 1576 1251 idem
1597 1224 1704 1251 eisdem
1719 1225 1895 1260 juramentis
1915 1225 2024 1260 ligatus
2038 1226 2093 1260 εὴ,-
2109 1225 2132 1251 ii
2145 1225 2197 1261 qui
2212 1228 2331 1266 vacante

545 1278 640 1303 studio
656 1277 750 1303 Paris.
770 1276 905 1302 lectiones
921 1284 1063 1301 resumere
1074 1275 1334 1311 praesumpserint,
1352 1283 1370 1299 α
1387 1274 1528 1300 consortio
1544 1274 1746 1309 magistrorum
1761 1273 1957 1300 secludantur.
2275 1272 2278 1277 “
2292 1273 2295 1277 ’

1415 1360 1494 1389 1253,
1510 1367 1599 1385 mense
1612 1359 1694 1392 Aprili,
1712 1359 1871 1391 septembris
1884 1360 1911 1389 2,
1927 1359 1946 1393 [
1947 1359 2054 1386 Parisiis
2054 1359 2079 1394 J.

546 1438 650 1470 Anno
686 1436 830 1469 Domini
866 1436 992 1468 MCCL
1029 1434 1167 1467 tertio¹.
1207 1435 1281 1467 Nos
1312 1434 1531 1467 universitas
1570 1434 1828 1479 magistrorum
1866 1446 1904 1466 ac
1940 1433 2134 1480 scolarium
2169 1431 2334 1467 Parisiu's‘

458 1504 678 1537 studentium
717 1509 863 1548 propter
896 1501 983 1534 illud
1022 1513 1152 1534 novum
1184 1507 1219 1533 et
1248 1512 1396 1533 enorme
1428 1500 1603 1546 flagitium
1637 1501 1675 1533 in
1714 1507 1868 1545 quatuor
1906 1500 2067 1534 scolares
2105 1500 2263 1534 cle'ricos
2295 1507 2332 1534 et

459 1583 569 1604 unum
591 1582 715 1603 corum
737 1569 953 1602 servientem
976 1568 1104 1601 laicum
1127 1568 1343 1600 innocentes
1362 1580 1380 1600 a
1401 1567 1577 1612 vigilibus
1597 1567 1753 1600 civitatis
1779 1567 1997 1614 Parisiensis
2018 1574 2144 1601 nostre
2163 1567 2331 1613 custodie

460 1637 639 1682 deputans
659 1642 782 1682 contra
804 1635 992 1680 privilegia
1015 1634 1121 1667 nobis
1142 1646 1159 1666 a
1182 1634 1333 1679 regibus
1355 1635 1574 1667 Francorum
1596 1633 1735 1667 indulta
1755 1633 1799 1667 de
1827 1640 1933 1667 nocte
1954 1633 2180 1678 nequissime
2201 1645 2332 1679 perpe-

460 1710 601 1743 tratum,
633 1714 785 1748 quorum
816 1702 1007 1735 scolarium
1046 1712 1139 1733 unus
1175 1701 1375 1734 trucidatus
1410 1701 1560 1741 interiit,
1597 1700 1729 1745 reliqui
1758 1712 1846 1734 vero
1880 1700 2048 1746 plurimis
2083 1707 2119 1734 et
2146 1699 2331 1734 atrocibus

459 1770 575 1815 plagis
606 1769 786 1815 impositis
818 1769 853 1801 in
885 1779 1065 1801 carcerem
1097 1768 1176 1800 sino
1206 1767 1311 1813 culpa
1341 1768 1494 1809 detrusi7
1525 1780 1668 1800 necnon
1698 1774 1734 1800 et
1765 1768 1802 1800 in
1832 1767 1913 1813 ipso
1943 1772 2091 1802 carcere
2122 1767 2268 1813 spoliati
2293 1774 2334 1801 et

459 1837 587 1870 iteruin
618 1836 809 1877 vulnerati,
844 1842 880 1868 et
908 1847 1023 1880 nsque
1053 1835 1095 1867 ad
1127 1834 1371 1867 membrorum
1409 1835 1708 1868 deformationem
1739 1847 1778 1867 ac
1814 1834 2115 1867 debilitationem'
2136 1834 2332 1879 inhumane

462 1904 610 1944 tractati7
639 1903 780 1936 tandem
810 1915 827 1935 a
859 1902 965 1935 nobis
996 1903 1031 1934 in
1061 1902 1257 1935 erastinum
1284 1902 1465 1946 requisiti.v
1497 1902 1640 1947 dimissi
1669 1908 1755 1934 sunt
1784 1901 1950 1935 semivivi
1962 1902 1987 1942 ⁹„
2015 1922 2059 1925 —
2088 1913 2156 1943 1108
2185 1902 2332 1946 inquam

461 1970 507 2002 01)
536 1970 626 2002 hanc
653 1981 794 2002 causam
824 1969 933 2001 corde
961 1968 1196 2001 vehementer
1223 1968 1346 2001 afflicti
1374 1980 1453 2014 eum
1478 1969 1551 2013 jam
1584 1979 1648 2013 per
1675 1980 1837 2001 mensem
1865 1975 1901 2001 et
1929 1968 2084 2013 amplius
2109 1967 2333 2001 lectionibus

463 2036 508 2068 ob
530 2036 692 2068 timorem
717 2035 878 2068 dimissis
905 2041 1199 2079 expectassemus
1220 2034 1411 2079 justitiam⁷
1440 2041 1473 2067 et
1496 2035 1656 2067 nondum
1679 2041 1778 2067 esset
1802 2033 1996 2075 exhibita³‚
2022 2034 2181 2078 inffta'n'to
2199 2034 2333 2068 'discri4

464 2103 556 2134 mine
590 2102 777 2135 constituti
811 2101 1102 2134 ordinationibus
1137 2108 1170 2134 et
1204 2101 1445 2146 indulgentiis
1480 2114 1497 2134 a
1533 2101 1621 2134 sede
1651 2101 1849 2146 apostolica
1882 2108 1917 2134 et
1946 2102 2026 2146 ejus
2060 2101 2190 2146 legatis
2225 2101 2332 2134 nobis

462 2168 612 2201 indultis
638 2168 834 2213 diligenter
858 2168 1046 2212 inspeetis⁷
1076 2167 1277 2200 deliberato
1303 2167 1459 2200 consilio
1485 2168 1696 2201 auctoritate
1722 2167 1863 2200 illarum
1891 2153 2152 2214 obligationem
2179 2154 2332 2201 fecimus

456 2235 672 2279 juramentis
702 2234 864 2267 vallatam
896 2234 941 2267 de
971 2234 1175 2278 supradicta
1202 2234 1332 2279 injuria
1360 2235 1560 2267 seeundum
1588 2235 1702 2267 Deum
1734 2241 1767 2267 et
1798 2234 1990 2279 justitiam„
2021 2241 2193 2279 quantum
2225 2234 2332 2268 nobis

463 2301 596 2333 licitum
625 2307 690 2342 est,
721 2300 985 2345 prosequenda,
1017 2300 1133 2333 tribus
1163 2301 1345 2346 magistris
1374 2300 1620 2346 regularibus,
1647 2301 1819 2334 videlicet
1844 2300 1989 2334 duobus
2014 2300 2333 2350 Predicatoribuszf

464 2374 495 2399 et
519 2380 589 2399 uno
612 2368 718 2400 fratre
744 2367 884 2399 Minore
895 2368 920 2408 ³³,
948 2367 1119 2400 duntaxat
1143 2368 1317 2412 exceptis,
1345 2368 1405 2412 qui
1433 2380 1497 2412 pro
1524 2380 1589 2401 sue
1613 2367 1810 2401 voluntatis
1835 2367 1986 2401 arbitrio
2006 2353 2336 2407 S11i1m{renuerunt

464 2440 623 2478 prestare
646 2433 1108 2478 consensumdiligencius
1134 2434 1314 2478 requisiti,
1341 2447 1413 2467 000
1440 2435 1520 2467 8100
1546 2441 1755 2479 contemptu
1781 2441 1816 2467 et
1842 2434 2136 2479 transgressione
2157 2434 2332 2467 dictarum

465 2500 769 2544 indulgentiarum
797 2511 861 2532 seu
892 2500 1174 2541 ordinationum,
1204 2512 1353 2545 quarum
1384 2513 1453 2534 una
1482 2513 1570 2534 suos
1591 2502 1896 2546 'transgressores
1924 2500 2333 2543 excommunicationis·

466 2565 630 2609 percellit
650 2566 842 2606 sententia,
864 2566 932 2598 nisi
956 2566 1047 2598 infra
1069 2567 1274 2610 quindecim
1298 2567 1378 2600 dies
1399 2580 1498 2600 suam
1526 2568 1838 2613 presumptionem
1859 2567 1978 2601 0003111
2000 2565 2114 2600 nobis'
2128 2566 2336 2601 curaverint

467 2631 692 2663 emendare⁷.
720 2632 870 2676 Propter
890 2633 986 2675 quod
1009 2633 1200 2677 negocium
1223 2640 1386 2666 nostrum
1409 2634 1656 2679 supradictum
1677 2634 1814 2667 diutius
1835 2634 1952 2667 extitit
1969 2632 2198 2679 protelatum.
2221 2634 2334 2666 Porro

465 2693 694 2729 venerandus
721 2698 862 2733 tandem
889 2710 927 2730 ac
954 2699 1168 2743 magnificus
1189 2711 1312 2733 001008
1334 2701 1617 2734 Pictavensisac
1637 2700 2039 2743 Το10830118Α1Γο118ι18Ι
2059 2699 2214 2740 illustris
2234 2699 2335 2745 regis

467 2759 685 2801 Francorum
707 2763 876 2795 Ludoviei
902 2770 984 2795 tunc
1006 2765 1147 2808 agentis
1169 2765 1205 2797 in
1227 2766 1390 2810 pat-tibus
1414 2767 1901 2812 transmarinisgermanus,
1928 2766 2116 2807 memorati
2136 2764 2257 2799 fratris
2277 2764 2335 2799 sui

467 2829 663 2861 absentiam
695 2826 867 2873 'supplere
897 2835 1065 2874 satagens
1091 2830 1127 2862 in
1154 2830 1219 2863 hac
1248 2832 1361 2876 pai-teg*
1392 2833 1503 2867 totius
1527 2834 1619 2867 cleri
1644 2834 1682 2867 30
1711 2833 1928 2867 universalis
1956 2832 2111 2874 ecclesie
2135 2831 2334 2866 dilectione

468 2897 609 2927 nec-non
634 2898 667 2927 'et
682 2893 839 2939 ¹justitie*
859 2894 936 2927 zelo
965 2895 1124 2928 adinstar
1154 2898 1292 2940 patrum
1322 2910 1469 2942 suornm
1501 2900 1627 2946 regum
1660 2900 1809 2933 Francie
1839 2899 2225 2933 christianissimorum
2253 2910 2335 2932 suc-

591 2949 628 2975 31.
1923 2957 1926 2960 “
1984 2957 1986 2960 “
2125 2959 2129 2965 “
2179 2956 2182 2962 ’

2571 1863 2580 1973 namma<
2572 1786 2580 1849 .„‚:›..,
2576 1758 2580 1777 Η,
2572 1711 2580 1741 ,ηπ
2577 1685 2579 1688 .

2571 1976 2580 2030 ξ

2570 2030 2580 2181 ἒ

2574 2285 2580 2332 3

2574 2331 2580 2372 ξ

2572 2373 2580 2395 i
