2580 3528
499 395 565 428 450
1084 403 1404 427 CHARTULARIUM
1439 402 1629 425 umvnas.
1666 402 1796 424 rmus.
2278 390 2378 432 [1266

500 479 712 525 magistrum
743 480 888 511 Petrum
919 478 1068 523 Majoris
1098 478 1213 512 Caleti
1248 478 1285 510 in
1320 476 1606 522 Rothomagensi
1639 476 1817 509 ecclesia’
1855 482 1891 509 et
1917 475 2118 509 Johannem
2149 473 2376 508 Meldensem

498 546 775 580 archidiaconos
800 546 932 578 fuisset
955 545 999 578 ab
1024 545 1185 591 ipsarum
1212 545 1363 578 duarum
1389 544 1595 584 nacionum,
1622 543 1856 576 Picardorum
1881 542 2054 577 videlicet
2077 548 2114 575 et
2137 541 2375 584 Gallicorum,

499 612 798 658 procuratoribus
828 612 1131 657 compromissum
1144 612 1168 652 ³,
1201 611 1336 644 hiidem
1366 610 1612 643 archidiaconi
1636 610 1786 643 formam
1811 610 1849 642 in
1874 609 2139 655 compromisso
2165 608 2377 654 hujusmodi

499 680 552 713 eis
584 680 747 713 traditam
776 678 1018 712 excedentes⁴
1044 679 1088 711 de
1116 679 1208 711 facto
1235 677 1397 711 arbitrati
1420 678 1580 718 fuerunt,
1608 676 1707 721 quod
1731 675 1887 709 illustris
1913 688 1976 710 rex
2000 676 2150 710 Francie
2176 675 2374 717 ordinaret,

498 747 603 792 cujus
634 746 797 779 nacionis
827 746 922 778 idem
953 746 1127 790 magister
1150 744 1335 778 Johannes
1361 750 1396 776 et
1425 743 1485 776 alii
1511 743 1555 776 de
1580 742 1666 776 villa
1690 743 1768 788 ipsa
1794 743 1839 776 de
1862 742 2002 777 Vlliaco
2029 743 2090 788 qui
2115 755 2181 788 pro
2212 749 2376 788 tempore

498 814 659 846 Parisius
685 814 721 845 in
747 812 886 845 artibus
911 812 1085 856 incipient
1112 811 1185 844 sint
1210 810 1398 851 censendi,
1425 810 1463 842 in
1488 821 1614 842 eorum
1640 809 1886 854 exprimentes
1911 809 2074 851 arbitrio,
2102 821 2227 855 regem
2254 810 2374 855 ipsum

498 880 688 912 ordinasse
720 879 817 924 quod
847 879 942 911 idem
973 878 1147 923 magister
1176 876 1360 910 Johannes
1391 876 1435 909 de
1466 876 1618 909 nacione
1649 868 1872 909 Gallicorum
1902 882 2098 917 remaneat,
2129 882 2165 909 et
2193 876 2292 921 quod
2320 875 2375 909 illi

498 947 541 979 de
571 946 655 979 villa
682 946 759 990 ipsa
786 945 847 990 qui
873 945 1042 977 decetero
1069 945 1106 976 in
1131 943 1270 977 artibus
1295 943 1472 988 incipient
1497 943 1541 975 de
1567 943 1720 975 nacione
1745 942 1980 975 Picardorum
2010 942 2177 984 existant,
2210 942 2375 988 quamvis

495 1013 573 1057 ipsa
604 1011 827 1045 Gallicorum
858 1011 961 1044 nacio
992 1022 1103 1056 super
1132 1009 1215 1052 hoc,
1245 1016 1286 1042 ut
1314 1009 1458 1051 asserit,
1488 1009 1700 1054 hujusmodi
1737 1021 1810 1042 non
1845 1009 2029 1042 concessit
2061 1015 2277 1054 potestatem
2306 1020 2374 1042 nec

495 1079 732 1119 concesserit,
765 1078 863 1123 quod
892 1078 970 1123 ipsa
1001 1077 1080 1122 regi
1111 1077 1257 1110 daretur
1288 1077 1430 1117 eidem,
1468 1088 1535 1109 nec
1570 1076 1842 1109 ordinacionem
1878 1077 1958 1121 ejus
1989 1087 2099 1121 super
2128 1075 2197 1109 hoc
2227 1088 2299 1121 quo
2328 1075 2374 1110 ad

494 1145 578 1178 illos
609 1146 670 1190 qui
700 1145 905 1190 inciperent
925 1145 962 1176 in
991 1144 1166 1185 futurum,
1198 1155 1242 1176 ex
1272 1144 1449 1189 postfacto
1481 1143 1587 1176 etiam
1617 1143 1842 1189 approbavit.

582 1211 739 1246 Secundo
784 1217 1057 1256 proposuerunt
1091 1210 1189 1256 quod
1224 1210 1311 1244 dicti
1350 1210 1596 1243 archidiaconi
1631 1210 1759 1256 prefati
1794 1210 2049 1255 compromissi
2083 1210 2198 1243 forma
2232 1215 2372 1244 servata

492 1280 587 1312 inter
616 1279 683 1312 alia
714 1278 1001 1324 pronunciarunt
1032 1278 1130 1323 quod
1160 1278 1325 1324 magistri
1354 1277 1539 1311 Johannes
1570 1277 1690 1310 Fretel
1720 1284 1755 1310 et
1779 1276 1964 1310 Johannes
1990 1276 2034 1310 de
2065 1277 2147 1322 Huy
2175 1276 2220 1310 de
2245 1276 2371 1311 eadem

492 1347 643 1379 nacione
674 1345 921 1385 Picardorum,
953 1345 1015 1390 qui
1044 1345 1193 1378 fuerunt
1220 1345 1258 1377 in
1287 1345 1454 1390 captione
1485 1345 1571 1377 dicti
1601 1345 1765 1390 magistri
1796 1344 1840 1376 de
1870 1343 2009 1378 Vlliaco
2040 1343 2273 1389 principales,
2300 1343 2372 1389 ipsi

491 1413 666 1458 magistro
691 1412 846 1445 Johanni
872 1418 907 1444 et
932 1411 1156 1445 Gallicorum
1182 1411 1327 1444 nacioni
1351 1410 1563 1456 hujusmodi
1590 1411 1759 1456 injuriam
1786 1410 2035 1452 emendarent,
2062 1416 2098 1443 et
2121 1410 2213 1443 infra
2238 1410 2370 1443 festum

491 1479 671 1524 paschatis
702 1486 787 1512 tunc
817 1479 982 1524 proximo
1012 1479 1173 1511 futurum
1203 1479 1272 1511 iter
1297 1478 1501 1523 arriperent
1525 1484 1674 1523 propter
1698 1477 1767 1510 hoc
1793 1484 2001 1510 sanctorum
2028 1477 2159 1522 Egydii
2186 1483 2222 1510 et
2243 1475 2369 1510 Jacobi

489 1546 613 1579 limina
643 1546 828 1588 visitandi,
860 1546 958 1591 quod
988 1545 1062 1578 ibi‘
1092 1546 1251 1578 fuissent
1280 1544 1544 1578 testimoniales
1573 1544 1713 1578 litteras
1743 1545 1964 1578 auctenticas
1989 1543 2144 1585 allaturi,
2177 1550 2212 1577 et
2236 1544 2370 1578 rectori

490 1625 529 1646 ac
559 1613 786 1658 procuratori
815 1612 909 1645 dicte
940 1612 1104 1645 nacionis
1135 1611 1360 1646 Gallicorum
1391 1612 1497 1645 etiam
1528 1611 1726 1644 ostensuri.

585 1680 712 1714 Tercio
743 1686 1015 1725 proposuerunt
1044 1679 1142 1724 quod
1172 1691 1253 1712 cum
1284 1678 1466 1712 Robertus
1497 1678 1541 1711 de
1571 1678 1758 1712 Novavilla
1784 1685 1820 1711 et
1849 1678 2023 1723 magister
2054 1679 2219 1711 Renerus
2245 1677 2370 1711 socius

490 1747 653 1791 ejusdem
685 1747 729 1779 de
759 1747 894 1792 prefata
925 1747 1078 1779 nacione
1108 1746 1355 1786 Picardorum,
1383 1745 1627 1779 Guillermum
1653 1745 1868 1778 canonicum
1894 1744 2105 1778 Tullensem
2131 1751 2167 1778 et
2191 1744 2368 1790 quosdam

489 1814 691 1847 servientes
728 1820 899 1858 nepotum
939 1812 1161 1846 venerabilis
1195 1813 1232 1845 in
1268 1812 1415 1846 Christo
1452 1812 1565 1858 patris
1601 1811 1867 1858 archiepiscopi
1901 1811 2098 1853 Bisuntini,
2136 1811 2181 1844 de
2215 1811 2368 1848 nacione

488 1880 723 1922 Gallicorum,
756 1893 799 1913 ex
829 1892 979 1913 rancore
1010 1880 1143 1925 prioris
1174 1880 1358 1913 discordie
1385 1879 1565 1926 sacrilego
1590 1891 1681 1912 ausu
1707 1879 1904 1924 cepissent,
1936 1878 2090 1924 predicti
2120 1877 2367 1915 archidiaconi

488 1947 525 1979 in
564 1959 656 1992 quos
692 1960 803 1992 super
837 1947 905 1980 hoc
940 1947 1046 1980 etiam
1077 1947 1380 1992 compromissum
1413 1947 1583 1988 extiterit,
1608 1946 1943 1992 pronunciaverunt
1971 1945 2070 1991 quod
2099 1951 2266 1990 captores
2295 1945 2367 1990 ipsi

488 2014 606 2046 eidem
632 2014 835 2048 Guillermo
861 2015 898 2047 in
924 2014 1075 2047 nacione
1102 2014 1326 2048 Gallicorum
1352 2013 1564 2058 hujusmodi
1589 2013 1758 2058 injuriam
1784 2012 2032 2054 emendarent,
2065 2018 2100 2045 et
2124 2018 2273 2057 propter
2297 2011 2366 2045 hoc

488 2093 568 2113 cum
595 2082 675 2126 ipso
701 2093 816 2126 usque
843 2082 886 2114 ad
913 2082 1059 2114 domum
1086 2082 1166 2126 ejus
1192 2088 1228 2114 et
1251 2080 1295 2114 ab
1321 2093 1362 2114 ea
1392 2092 1509 2125 usque
1534 2080 1578 2113 ad
1604 2080 1751 2113 domum
1778 2080 1864 2113 dicti
1889 2079 2134 2112 archidiaconi
2164 2078 2366 2112 Meldensis

487 2148 702 2181 accederent
731 2155 766 2181 et
794 2148 928 2181 ibidem
961 2160 1078 2193 usque
1108 2148 1152 2181 ad
1183 2148 1347 2193 ejusdem
1378 2147 1624 2181 archidiaconi
1654 2146 1922 2192 beneplacitum
1954 2158 1993 2179 se
2023 2146 2160 2179 carceri
2189 2145 2366 2191 mancipa-

489 2222 580 2256 rent,
599 2216 770 2260 quodque
792 2216 966 2261 magister
989 2216 1171 2261 Sygerus‘
1193 2215 1237 2248 de
1259 2215 1411 2248 nacione
1433 2214 1680 2255 Picardorum,
1704 2214 1812 2259 [quia]
1835 2225 1947 2259 super
1966 2212 2178 2258 hujusmodi
2199 2212 2364 2258 ejusdem

489 2282 681 2314 Guillermi
707 2282 872 2327 raptione
898 2282 1018 2327 ipsum
1045 2289 1255 2327 suspectum
1282 2281 1462 2322 dicebant,
1490 2281 1534 2314 ad
1559 2281 1722 2326 ipsorum
1749 2280 2087 2314 archidiaconorum
2110 2279 2299 2312 arbitrium
2325 2290 2365 2312 se

488 2356 670 2393 purgaret.
710 2349 814 2382 Unde
852 2356 1109 2394 procuratores
1146 2349 1369 2382 Gallicorum
1407 2348 1561 2393 predicti
1592 2347 1762 2381 (licebant
1795 2360 1869 2381 non
1904 2359 1987 2380 esse
2023 2347 2179 2392 peritum
2214 2345 2364 2379 arbitrio

488 2416 695 2460 supradicto
726 2416 762 2448 in
792 2416 956 2460 ejusdem
989 2416 1153 2449 nacionis
1184 2415 1370 2449 Gallicane
1401 2403 1642 2461 prejudicium
1674 2421 1710 2448 et
1738 2426 1945 2460 gravamen.

577 2483 717 2527 Quarto
752 2489 1023 2527 proposuerunt
1059 2482 1157 2527 quod
1193 2482 1379 2516 Guillotus
1414 2481 1583 2515 bedellus
1618 2481 1878 2515 Picardorum⁷
1913 2492 1954 2514 ea
1989 2480 2047 2514 die
2078 2492 2147 2525 qua
2177 2479 2364 2525 predictus

487 2548 659 2592 magister
688 2548 871 2581 Johannes
902 2549 1049 2594 incepit,
1082 2550 1255 2594 quasdam
1286 2549 1425 2582 litteras
1454 2548 1563 2582 falsas
1594 2547 1663 2581 sub
1693 2548 1840 2581 nomine
1866 2547 2067 2593 cujusdam,
2099 2558 2207 2591 quem
2233 2545 2363 2579 subde-

486 2613 643 2658 legatum
666 2622 961 2648 conservatorum
984 2616 1260 2662 privilegiorum
1284 2616 1539 2649 Universitatis
1561 2615 1779 2648 Parisiensis
1805 2627 1887 2648 esse
1909 2613 2063 2655 dicebat,
2087 2612 2362 2659 presumptione

486 2680 706 2728 dampnabili
736 2681 938 2723 fabricatas,
970 2682 1064 2715 iuter
1093 2683 1160 2716 alia
1191 2683 1420 2716 continentes
1451 2682 1549 2727 quod
1580 2681 1842 2727 subdelegatus
1872 2682 1951 2726 ipse
1981 2680 2117 2713 dictum
2146 2679 2361 2724 magistrum

486 2747 529 2779 de
559 2747 697 2780 Vlliaco
729 2754 764 2779 ct
797 2760 878 2780 eum
913 2748 981 2780 sul)
1018 2761 1088 2794 quo
1123 2750 1320 2795 incipiebat
1354 2749 1518 2794 aliosque
1554 2761 1681 2782 omnes
1717 2749 1778 2794 qui
1813 2749 1892 2793 ejus
1927 2747 2107 2793 principio
2137 2746 2363 2779 interessent

485 2814 868 2846 excommunicationis
901 2815 1046 2847 vinculo
1078 2816 1276 2858 innodavit,
1309 2828 1374 2862 per
1404 2815 1569 2861 singulas
1605 2815 1724 2848 scolas
1760 2815 2018 2860 magistrorum
2048 2813 2177 2847 artium
2207 2812 2299 2858 legit
2326 2818 2362 2845 et

483 2892 573 2913 ausu
596 2879 770 2924 nephario
793 2879 992 2924 divulgavit
1016 2882 1053 2913 in
1074 2883 1236 2926 ejusdem
1265 2883 1429 2916 nacionis
1455 2882 1641 2916 Gallicane
1666 2881 1846 2915 infamiam
1870 2887 1906 2914 et
1929 2880 2097 2926 injuriam
2119 2879 2358 2920 manifestam,

483 2954 631 2992 propter
661 2946 758 2991 quod
788 2946 971 2990 petierunt
1000 2947 1118 2992 ipsum
1150 2948 1333 2982 bcdellum
1365 2949 1408 2982 ab
1439 2949 1557 2982 officio
1588 2948 1785 2982 bedallarie
1816 2947 1962 2993 penitus
1992 2947 2164 2980 amoveri.

606 3006 644 3028 57.
