2580 3528
438 384 501 418 188
797 395 800 398 ⁴
1020 395 1342 419 CHARTULARHJM
1377 396 1569 419 umvsns.
1605 397 1736 420 Pinus.
2216 385 2316 428 [1246

439 498 547 536 152.
570 507 713 543 Epistola,
739 516 797 544 qua
813 508 994 534 Innocentius
1017 509 1061 535 IV
1074 509 1310 535 Constitutionem
1326 509 1464 537 Romana
1485 508 1613 536 ecclesia
1635 509 1671 536 de
1690 518 1781 536 causa
1804 510 1878 536 inter
1899 508 2042 536 labellum
2066 509 2317 546 archiepiscopum

524 557 689 583 Remensem
706 560 734 583 et
748 557 809 592 ejus
821 558 1025 592 suffraganeos
1042 561 1213 584 tractantem
1234 558 1420 584 Universitati
1434 557 1597 584 Parisiensi
1613 558 1791 585 transmittit.

1678 656 1757 685 1243,
1772 655 1846 688 xpm.
1860 656 1900 686 21.
1915 656 2031 689 iuquam.

526 729 763 762 Innocentius
792 729 988 774 episcopus
1016 741 1144 762 servus
1173 741 1361 762 servorum
1390 729 1456 762 Dei
1478 729 1622 763 dilectis
1649 729 1735 762 filiis
1755 730 1984 763 universitati
2005 730 2260 776 magistrorum
2283 736 2319 764 et

436 794 630 827 scolarium
667 795 927 828 Parisiensium
963 795 1115 828 salutem
1145 802 1180 828 et
1213 795 1448 841 apostolicam
1479 795 1803 828 benedictionem’.
1840 796 1931 830 Cum
1961 796 2057 830 inter
2085 796 2316 831 venerabiles

435 862 565 894 fratres
606 861 773 895 nostros²
809 863 1025 894 Remensem
1067 861 1383 907 archiepiscopum
1424 873 1468 894 ex
1507 873 1578 895 una
1618 868 1719 907 parte
1759 868 1795 895 et
1835 862 1953 908 ipsius
1993 863 2244 909 suffraganeos
2283 870 2319 897 et

437 927 590 961 dilectos
620 928 716 961 filios
751 935 820 961 tam
849 927 1108 961 cathedralium
1140 940 1245 973 quam
1281 928 1430 961 aliarum
1466 928 1703 962 ecclesiarum
1736 928 1891 974 capitula
1923 941 2067 962 necnon
2101 929 2249 964 abbates
2283 936 2319 965 et

435 1001 638 1027 conventus
666 994 970 1027 monasteriorum
999 994 1186 1040 provincie
1215 995 1407 1028 Remensis
1429 1007 1472 1028 ex
1491 994 1603 1028 altera
1624 1007 1735 1040 super
1757 995 1914 1029 diversis
1934 995 2098 1029 articulis
2125 988 2318 1041 questione

434 1060 616 1105 pendente
644 1072 712 1093 nos
741 1072 852 1106 super
881 1060 953 1094 hiis
984 1061 1209 1095 diffinitivam
1241 1061 1454 1095 duxerimus
1484 1061 1700 1095 sententiam
1741 1061 2031 1107 proferendam',
2064 1068 2100 1095 et
2128 1061 2316 1105 nonnulla,

435 1139 505 1172 que
536 1127 773 1161 determinata
803 1139 868 1172 per
898 1128 1114 1161 sententiam
1149 1127 1361 1173 hujusmodi
1392 1128 1589 1169 extiterint,
1621 1128 1817 1162 fecerimus
1847 1128 2079 1174 postmodum
2112 1126 2320 1175 specialiter

435 1193 531 1234 elici,
559 1193 726 1227 volentes
753 1206 793 1227 ea
822 1194 996 1239 deinceps
1023 1206 1042 1227 a
1069 1195 1202 1228 ceteris
1229 1194 1417 1228 observari
1437 1206 1443 1228 :
1463 1195 1692 1228 universitati
1719 1202 1840 1228 vestre
1867 1207 1933 1240 per
1959 1195 2159 1241 apostolica
2185 1195 2319 1241 scripta

434 1260 660 1303 mandamus,
690 1261 861 1306 quatinus
891 1261 965 1294 illis
995 1261 1032 1294 in
1056 1261 1197 1306 judicio
1229 1261 1379 1295 utamini
1409 1268 1445 1295 et
1473 1262 1511 1295 in
1541 1261 1665 1304 scolis,
1693 1273 1734 1295 ea
1759 1261 1828 1295 sub
1856 1262 1965 1295 certis
1990 1262 2118 1304 titulis,
2147 1267 2256 1308 prout
2281 1262 2320 1295 in

435 1327 565 1372 pagina
583 1328 745 1372 presenti
765 1327 1040 1373 distinguimus,
1059 1328 1171 1361 inseri
1188 1328 1393 1362 facientes⁴.
1412 1330 1490 1362 Dat.
1509 1328 1682 1374 Lugduni
1697 1329 1730 1373 xj
1749 1328 1818 1361 kal.
1837 1329 1934 1370 Maii,
1953 1328 2186 1374 pontificatus
2202 1317 2319 1362 nostri

435 1406 529 1427 anno
550 1394 668 1427 tertio.

529 1493 597 1517 Bibl.
615 1496 668 1516 nat.
685 1493 781 1521 Paris„
798 1501 847 1517 ms.
863 1493 909 1516 lut.
925 1494 995 1516 4295.
1014 1493 1058 1516 sol.
1076 1494 1129 1516 206.
1153 1493 1273 1525 Epistola
1289 1497 1329 1517 est
1349 1493 1468 1525 praefixa
1487 1493 1675 1517 Constitutioni
1690 1493 1823 1518 Romana
1845 1493 1959 1518 ecclesia
1975 1493 2002 1517 in
2017 1493 2048 1516 10
2062 1493 2150 1525 capita
2165 1493 2276 1522 divisae,
2291 1493 2320 1517 in

434 1537 509 1569 cujus
525 1538 576 1561 fine
592 1538 636 1560 fol.
654 1538 699 1560 208
714 1537 812 1569 legitur
831 1537 959 1569 temporis
974 1540 1036 1560 nota
1051 1545 1133 1569 supra
1148 1538 1239 1561 relata,
1257 1538 1361 1562 Titulus
1378 1546 1383 1561 ¹.
1402 1546 1414 1561 «
1430 1537 1637 1562 Constitutiones
1652 1541 1678 1561 et
1693 1538 1798 1561 decreta
1818 1537 1962 1562 Innocentii
1981 1538 2015 1561 lv
2034 1546 2115 1570 super
2133 1546 2215 1562 causa
2229 1545 2319 1562 coram

435 1580 494 1613 ipso
510 1582 611 1613 agitatu
626 1581 695 1605 inter
710 1581 941 1613 archiepiscopum
955 1582 1110 1605 Remensem
1129 1585 1155 1605 et
1174 1582 1230 1614 ejus
1253 1582 1436 1614 suffraganeos
1458 1582 1527 1606 edite
1543 1590 1564 1606 n.
1585 1596 1617 1600 ·—-
1637 1582 1699 1606 cod.
1717 1582 1774 1606 vat.
1796 1582 1852 1606 Pal.
1868 1583 1914 1605 629
1934 1581 2011 1614 (suec.
2029 1582 2159 1614 xxxi-xxv).
2176 1581 2245 1606 Bibl.
2261 1590 2317 1614 reg.

435 1626 549 1649 Berolin.
568 1635 616 1649 ms.
634 1626 680 1649 lut.
698 1626 752 1649 Fot.
770 1630 799 1649 n0
814 1627 840 1654 7;
857 1626 925 1649 Bibl.
948 1626 1200 1658 Cluustroneoburg.
1218 1626 1291 1658 (Can.
1308 1627 1392 1658 Reg.),
1409 1635 1458 1650 ms.
1475 1628 1506 1650 96
1522 1629 1600 1657 (saec.
1616 1626 1684 1659 xxv);
1700 1627 1844 1658 Erlangen,
1860 1635 1910 1650 ms.
1925 1627 1972 1650 464
1988 1628 2066 1656 (saec.
2083 1625 2192 1658 ejusd.);
2207 1625 2319 1651 Montis—

434 1671 534 1702 pessul.
551 1671 620 1694 Bibl.
638 1671 669 1694 de
684 1671 774 1694 l'ecole
789 1671 821 1694 de
836 1671 945 1699 medea,
962 1679 1010 1694 ms.
1028 1672 1042 1694 9
1058 1671 1135 1702 (saec.
1152 1671 1364 1701 x111-x1v);Bib1.
1382 1671 1541 1695 Mellicensis
1557 1670 1622 1703 (ord.
1640 1672 1665 1695 S.
1682 1671 1766 1701 Bm),
1783 1679 1832 1695 ωε.
1847 1671 1874 1695 C.
1892 1672 1921 1695 27
1937 1670 2015 1702 (saec.
2033 1671 2100 1703 xxv);
2117 1670 2232 1703 Lipsiae,
2248 1670 2318 1695 Bibl.

435 1715 568 1743 Univers.,
585 1724 633 1739 ms.
653 1717 699 1739 973
715 1717 792 1745 (saec.
814 1717 878 1746 xxv).
900 1716 929 1739 In
944 1715 986 1739 his
1007 1724 1070 1739 mss.
1095 1715 1209 1747 epistola
1229 1724 1311 1748 supra
1326 1716 1397 1739 edita
1415 1716 1534 1748 praefixa
1549 1719 1589 1739 est
1602 1716 1690 1748 primo
1706 1715 1787 1747 capiti
1802 1716 1891 1740 Const.
1909 1715 2042 1740 Romana
2061 1715 2183 1744 ecclesia,
2203 1723 2271 1747 quae
2291 1715 2319 1739 in

437 1760 696 1785 Constitutionibus
708 1759 786 1784 novis
802 1760 946 1783 Innocentii
967 1761 1008 1789 lv,
1026 1760 1082 1784 sine
1101 1760 1228 1792 temporis
1248 1764 1318 1789 nota,
1340 1761 1429 1784 decem
1448 1761 1538 1792 capita
1556 1760 1741 1792 complectitur
1760 1760 1916 1792 (generatim
1935 1768 2013 1792 capp.
2030 1761 2054 1788 6,
2071 1761 2094 1788 8,
2110 1760 2149 1789 11,
2166 1760 2205 1789 13,
2224 1760 2263 1789 19,
2278 1760 2318 1789 27,

435 1805 474 1833 31,
491 1806 529 1833 34,
544 1806 583 1833 35,
599 1805 647 1836 110).
665 1804 824 1828 constitutio
839 1804 943 1836 integra
958 1808 1045 1828 tamen
1061 1813 1090 1828 ac
1106 1805 1221 1828 indivisa
1236 1805 1369 1829 invenitur
1384 1805 1410 1828 in
1426 1806 1489 1837 Reg.
1506 1806 1563 1829 Vat.
1581 1805 1726 1829 Innocentii
1742 1805 1775 1829 IV
1786 1813 1828 1828 an.
1841 1806 1863 1834 3,
1880 1813 1921 1837 ep.
1938 1805 1993 1833 491,
2010 1805 2054 1828 sol.
2072 1805 2189 1833 276-280,
2205 1804 2320 1838 dataque

435 1852 476 1872 est
490 1849 613 1881 Lugduni
628 1849 670 1880 xvj
686 1849 738 1872 kal.
756 1849 838 1881 April.
856 1857 898 1873 an.
916 1850 930 1872 3
945 1849 1025 1881 (1246,
1042 1849 1129 1873 Mai-tii
1145 1850 1193 1879 17).
1210 1850 1298 1873 Mense
1319 1850 1411 1881 elapso
1431 1849 1652 1874 Constitutionem
1672 1858 1748 1873 suam
1763 1849 1902 1878 contruxit,
1918 1849 1945 1872 in
1960 1849 2050 1872 decem
2069 1847 2158 1880 capita
2173 1848 2273 1878 divisit,
2289 1856 2319 1872 ac

436 1893 610 1917 Universitati
626 1893 709 1917 Paris.
727 1893 883 1925 assignavit.
901 1894 1011 1917 Diversa
1022 1894 1150 1925 temporis
1167 1897 1228 1917 notu
1243 1894 1270 1917 in
1285 1903 1333 1918 ms.
1351 1894 1435 1918 Puris.
1452 1903 1482 1918 ac
1498 1894 1524 1918 in
1544 1895 1607 1926 Reg.
1629 1894 1686 1918 Vat.
1704 1894 1742 1917 sic
1761 1894 1888 1926 explicari
1908 1893 1993 1917 debet.
2011 1894 2040 1917 In
2059 1892 2130 1916 Bibl.
2146 1900 2205 1924 cap.
2222 1893 2317 1917 Poson.

437 1947 485 1961 ms.
503 1938 532 1961 13
547 1938 625 1969 (saec.
642 1938 701 1969 x111)
716 1938 805 1962 Const.
821 1939 942 1969 praefata
957 1947 1034 1970 capp.
1052 1939 1128 1962 23-32
1143 1939 1213 1962 infra
1227 1939 1433 1962 Constitutiones
1449 1939 1594 1963 Innocentii
1609 1938 1817 1970 comprehendit,
1828 1942 1855 1962 et
1868 1946 1917 1970 per
1929 1946 2046 1961 errorem
2061 1937 2142 1969 capiti
2158 1938 2188 1960 23
2201 1937 2320 1969 praefixa

436 1986 476 2007 est
491 1982 604 2014 epistola
619 1982 773 2011 Innocentii,
790 1991 842 2014 qua
858 1991 919 2006 suas
935 1983 962 2006 in
977 1983 1094 2006 Concilio
1110 1983 1280 2015 Lugdunensi
1295 1984 1480 2015 promulgatus
1495 1983 1702 2007 Constitutiones
1714 1982 1887 2007 Universitati
1902 1982 2061 2006 Bononiensi
2076 1981 2235 2005 transmittit
2250 1981 2319 2012 (vide

436 2027 506 2050 intra
521 2027 676 2056 n0153).—
696 2027 833 2056 Boehmer,
856 2028 935 2058 Corp.
951 2029 1015 2058 jur.
1038 2034 1112 2056 cam,
1134 2028 1166 2056 u,
1188 2029 1265 2059 ΑΝ»,
1285 2037 1311 2060 p.
1333 2029 1388 2056 352,
1409 2036 1440 2051 ex
1458 2028 1515 2052 cod.
1539 2028 1625 2051 Berol.
1646 2028 1736 2056 allnt0,
1757 2027 1803 2050 ubi
1818 2030 1906 2051 tamen
1920 2026 2083 2058 principium
2105 2026 2204 2054 Const.,
2225 2025 2252 2049 id
2269 2029 2318 2055 est,

436 2080 494 2103 cap.
511 2073 534 2100 6,
551 2072 632 2095 deest.
650 2072 725 2103 Apud
745 2071 839 2100 Mansi,
858 2072 924 2096 Colli
941 2079 1028 2100 conc.¹
1049 2073 1139 2095 XXIII.
1156 2072 1210 2101 651,
1228 2072 1297 2096 sicut
1314 2072 1339 2095 in
1356 2072 1447 2096 multis
1462 2073 1549 2101 codd.,
1565 2072 1611 2104 qui
1626 2071 1833 2096 Constitutiones
1852 2080 1934 2095 novas
1956 2070 2101 2095 Innocentii
2121 2070 2155 2094 lv
2174 2070 2318 2100 continent,

437 2116 551 2148 epistola
562 2124 643 2147 supra
659 2116 796 2147 publicata
811 2124 862 2140 non
878 2116 1020 2140 invenitur.

532 2200 553 2223 1.
571 2201 600 2223 In
616 2200 679 2223 Cod.
696 2200 780 2224 Paris.
798 2201 872 2224 deest
888 2209 899 2223 «
911 2200 1052 2232 episcopus
1105 2201 1312 2224 benedictionem
1328 2209 1350 2224 n.
1365 2215 1397 2219 —
1412 2202 1434 2224 2.
1453 2200 1539 2233 Aliqui
1555 2201 1631 2224 codd.
1647 2209 1699 2225 om.
1717 2209 1729 2224 «
1745 2204 1850 2224 nostros
1863 2208 1885 2224 )).
1897 2213 1928 2218 —
1939 2201 1961 2223 3.
1978 2200 2016 2223 Al.
2036 2207 2048 2223 (ι
2062 2199 2286 2231 promulgandam
2295 2206 2318 2223 n.

436 2259 468 2262 —
482 2246 504 2268 4.
523 2245 646 2277 Sequitur
662 2253 667 2268 z
686 2253 697 2268 α
719 2245 876 2277 Hujusmodi
897 2253 958 2269 vero
980 2245 1094 2269 diffinita
1113 2245 1274 2277 (constituta)
1295 2249 1357 2269 sunt
1375 2246 1448 2269 haec.
1470 2245 1513 2269 De
1533 2245 1778 2276 appellationibus.
1801 2246 1918 2269 Romana
1938 2244 2057 2273 ecclesia,
2078 2247 2104 2269 et
2124 2244 2205 2275 infra
2223 2251 2234 2269 :
2253 2243 2319 2268 Cum

438 2289 669 2321 suffraganeorum
686 2298 707 2317 i),
725 2294 775 2314 etc.

444 2421 551 2458 153.
575 2429 719 2466 Epistola,
737 2439 796 2466 qua
812 2431 994 2456 Innocentius
1010 2431 1055 2457 IV
1067 2439 1138 2456 suas
1159 2430 1188 2456 in
1206 2430 1331 2457 Concilio
1351 2431 1536 2465 Lugdunensi
1551 2430 1754 2467 promulgatas
1778 2429 1999 2456 Constitutiones
2027 2428 2212 2456 Universitati
2232 2420 2319 2455 Par-i->

528 2479 617 2504 siensi
632 2479 727 2505 mittit.

1562 2530 1627 2555 Post
1643 2529 1718 2559 1246,
1733 2528 1808 2561 April.
1822 2527 1862 2557 21,
1877 2526 1896 2562 [
1897 2527 2009 2559 Lugduni
2006 2526 2032 2562 J.

531 2602 766 2635 Innocentius
796 2602 991 2647 episcopus
1020 2615 1148 2636 servus
1176 2615 1364 2637 servorum
1394 2604 1459 2637 Dei
1481 2603 1624 2637 dilectis
1645 2603 1731 2636 filiis
1752 2601 1979 2636 universitati
2006 2601 2264 2646 magistrorum
2285 2605 2320 2634 et

441 2668 636 2701 scolarium
659 2669 836 2701 Parisien.
859 2669 1011 2702 salutem
1034 2676 1069 2702 et
1087 2670 1323 2715 apostolicam
1344 2670 1653 2703 benedictionem.
1676 2670 1767 2703 Cum
1788 2681 1906 2714 nuper
1926 2669 1963 2701 in
1982 2667 2149 2701 Concilio
2171 2666 2320 2712 Lugdu-‘-

441 2735 562 2768 nensi¹
593 2735 765 2779 quasdam
794 2735 1091 2768 Constituciones
1117 2748 1227 2781 super
1248 2736 1357 2770 certis
1385 2736 1547 2770 articulis
1573 2736 1804 2769 duxerimus²
1825 2733 2144 2780 promulgandas³,
2173 2733 2320 2766 univer—

441 2802 536 2835 sitati
557 2808 677 2835 vestre
705 2813 769 2846 per
796 2801 994 2846 apostolica
1020 2802 1153 2847 scripta
1181 2802 1405 2844 mandamus,
1435 2803 1606 2848 quatinus
1634 2802 1702 2844 eis,
1730 2813 1820 2847 quas
1846 2800 1914 2834 sub
1941 2800 2040 2833 bulla
2067 2806 2192 2833 nostra
2212 2799 2319 2833 vobi's

442 2868 731 2909 transmittimus,
764 2868 814 2900 uti
849 2867 970 2901 velitis
1000 2868 1129 2901 amodo
1164 2875 1233 2902 tam
1263 2869 1300 2901 in
1325 2869 1476 2913 judiciis
1507 2881 1612 2914 quam
1643 2868 1680 2901 in
1712 2868 1835 2910 scolis,
1867 2868 1965 2913 ipsas
1996 2865 2065 2910 sub
2095 2866 2173 2900 suis
2197 2866 2319 2908 ‚titulis

443 2942 550 2980 prout
570 2946 681 2980 super
702 2933 863 2979 qualibet
883 2946 1005 2967 earum
1027 2934 1254 2980 exprimitur,
1276 2935 1389 2968 inseri
1415 2935 1601 2968 facientes.
