2618 3640
709 458 757 480 AB
791 457 1036 480 Ansxnmao
1071 457 1121 478 111
1156 455 1290 485 USQUE
1326 456 1375 478 An
1409 457 1550 478 Annum
1584 457 1675 479 mcc.
2094 447 2138 481 45

249 540 383 575 vestra,
411 539 448 566 et
473 532 653 566 illustrem
678 531 792 566 vestri
819 531 1012 577 sanguinis
1037 530 1295 564 celsitudinem
1322 530 1374 563 sic
1402 530 1567 564 exaltetis
1597 531 1635 563 in
1662 531 1758 576 ipso7
1786 537 1826 564 ut
1852 537 1888 564 et
1913 530 2031 564 honor
2056 532 2136 577 ejus

249 594 348 634 tanto
369 598 591 645 respondeat
612 598 754 645 generi,
782 605 818 632 et
841 610 960 644 genus
986 604 1124 631 tantum
1150 604 1438 631 consentaneum
1464 597 1511 630 sit
1535 596 1679 630 honori.
1708 597 1765 630 Sic
1787 597 1966 643 glorietur
1986 605 2136 643 patruus

249 666 288 700 in
308 673 455 712 nepote,
476 673 516 700 ut
535 678 652 712 nepos
672 678 716 699 ex
735 672 864 711 patruo
886 664 1116 699 sublimetur.

343 764 470 789 Biblioth.
486 767 540 789 nat.
557 764 641 789 Paris.
657 773 707 788 ms.
723 765 770 788 lat.
787 765 857 793 2923,
873 764 918 788 fol.
937 763 1003 788 137³.
1019 777 1051 782 ——
1065 763 1161 795 Migne,
1178 763 1289 788 Patrol.
1303 763 1363 793 lat„
1379 766 1442 786 tom.
1460 763 1545 792 CCXI,
1561 771 1602 795 ep.
1620 763 1674 792 150,
1690 771 1717 795 p.
1734 763 1788 786 436.

248 959 330 998 45.
354 968 518 1006 Stephanus
540 969 729 996 Tornacensis
754 968 935 994 commendat
956 967 1105 994 Guillclmo
1121 968 1255 994 Remensi
1280 967 1498 1003 archiepiscopo
1523 975 1643 993 causam
1665 967 1798 1002 magistri
1827 967 1960 1002 Simonis,
1983 968 2035 993 viri
2063 968 2137 994 inter

339 1017 488 1044 scholares
503 1017 661 1044 cathedras
677 1018 792 1052 egregii.

1303 1066 1458 1096 1176-1192,
1474 1065 1519 1101 [ln
1533 1068 1620 1092 monte
1635 1065 1658 1092 S.
1675 1066 1820 1093 Generosos
1820 1065 1846 1101 J.

341 1143 383 1175 In
408 1141 525 1176 oculis
549 1141 695 1183 vestris,
722 1148 836 1187 pater,
863 1153 930 1174 nec
955 1141 1128 1174 honestas
1153 1141 1336 1174 mendicat
1359 1141 1527 1187 gloriam7
1553 1153 1620 1174 nec
1645 1141 1779 1175 veritas
1799 1141 2056 1174 interventum.
2081 1141 2135 1174 Ibi

250 1207 366 1244 virtus
387 1215 443 1243 est
466 1209 629 1254 precium
654 1208 733 1250 sui;
763 1215 798 1242 et
823 1208 885 1253 qui
911 1207 981 1241 sibi
1008 1208 1136 1242 merito
1163 1207 1296 1242 sufficit
1320 1220 1400 1250 suo,
1424 1208 1599 1253 suffragio
1625 1220 1699 1241 non
1720 1207 1862 1254 indiget
1881 1207 2014 1241 alieno.
2044 1208 2134 1241 Inde

250 1282 307 1310 est
335 1275 434 1322 quod
463 1275 638 1321 magistro
667 1274 843 1317 Shnoni',
874 1275 952 1308 viro
980 1275 1076 1308 inter
1102 1274 1264 1308 scolares
1290 1273 1480 1307 cathedras
1508 1274 1674 1320 egregio,
1705 1287 1779 1307 non
1808 1287 1960 1308 necesse
1990 1282 2046 1308 est
2075 1281 2136 1308 aut

249 1342 425 1377 verbosas
450 1337 680 1375 emendicare
704 1353 846 1387 preces,
874 1347 935 1374 aut
958 1341 1107 1374 laudum
1130 1340 1314 1375 venalium
1339 1353 1461 1374 coram
1485 1340 1591 1375 vobis
1618 1341 1790 1387 preconia
1810 1353 2019 1387 corrogare.
2043 1342 2135 1376 Gra-

249 1409 390 1444 ciosum
419 1415 456 1443 et
483 1407 810 1442 commendabilem
839 1408 976 1441 faciunt
1004 1420 1086 1441 eum
1116 1408 1200 1441 hinc
1231 1408 1426 1441 auctoritas
1457 1420 1612 1449 morum,
1642 1407 1726 1441 hinc
1755 1408 1890 1453 pericia
1917 1408 2132 1442 litterarum.

248 1475 356 1511 Tales
382 1475 574 1510 consuevit
599 1474 754 1508 illustris
781 1474 973 1508 clementia
998 1481 1119 1509 vestra
1145 1486 1289 1516 vocare,
1318 1474 1486 1520 diligere,
1516 1486 1745 1520 promovere.
1773 1474 1913 1508 Clamat
1936 1474 2004 1508 hoc
2031 1476 2135 1520 quasi

249 1542 294 1577 ab
323 1549 405 1577 ortu
434 1554 551 1588 usque
581 1541 626 1575 ad
653 1553 822 1575 occasum
850 1548 948 1575 totus
976 1541 1090 1584 orbis,
1118 1554 1199 1575 cum
1228 1543 1403 1574 Etruscos
1431 1547 1467 1574 et
1493 1541 1648 1587 Ligures
1676 1553 1764 1574 suos
1790 1541 1921 1583 Ytalia‚
1950 1538 2135 1576 Britannia

250 1610 364 1656 major
394 1608 586 1655 Anglicos‚
617 1615 769 1654 utraque
804 1608 921 1642 Gallia
956 1608 1088 1654 Belgas
1116 1615 1152 1642 et
1180 1608 1341 1642 Celticos
1371 1609 1408 1641 in
1438 1608 1538 1641 curia
1566 1615 1687 1642 vestra
1720 1607 1868 1642 videant
1901 1615 1962 1642 aut
1990 1609 2135 1642 onerari

250 1675 400 1719 divitiis,
430 1683 492 1710 aut
518 1675 758 1722 dignitatibus
782 1675 968 1709 honorari.
998 1675 1200 1721 Implentur
1230 1675 1275 1708 ad
1300 1675 1485 1708 cumulum
1512 1674 1630 1721 glorie
1656 1682 1792 1717 vestre,
1821 1675 1883 1721 qui
1910 1675 2064 1709 veniunt
2091 1676 2135 1709 ab

249 1743 391 1778 oriente
419 1749 455 1777 et
477 1742 681 1785 occidente,
707 1749 743 1776 et
767 1742 985 1776 recumbunt
1011 1742 1048 1776 in
1074 1742 1195 1776 sinum
1220 1749 1395 1776 vestrum.
1422 1742 1559 1776 Vident
1583 1749 1620 1775 et
1643 1742 1821 1785 invident,
1850 1742 1984 1787 quibus
2003 1742 2136 1776 libera-

248 1809 331 1845 litas
352 1809 534 1856 displicet‚
562 1809 696 1856 quibus
721 1809 807 1843 odio
832 1809 942 1843 simul
965 1816 1001 1843 et
1026 1809 1124 1843 tedio
1149 1809 1265 1843 virtus
1292 1816 1360 1851 est,
1386 1809 1521 1855 quibus
1548 1815 1584 1842 et
1607 1809 1754 1843 honesti
1780 1809 1978 1843 cachinnos
2004 1822 2136 1855 provo-

249 1882 332 1911 cant
374 1883 410 1911 et
453 1888 625 1911 nauseam
658 1876 818 1910 litterati.
859 1876 930 1910 Sed
965 1889 1010 1910 ne
1045 1877 1247 1922 peccatoris
1282 1876 1364 1910 oleo
1395 1882 1503 1922 caput
1534 1882 1698 1910 vestrum
1732 1876 1857 1910 videar
1891 1876 2135 1922 impinguare,

249 1950 453 1990 prostratus
487 1943 532 1977 ad
566 1944 680 1990 pedes
708 1950 866 1986 vestros,
901 1955 983 1977 cum
1014 1943 1082 1977 sim
1113 1942 1233 1990 pulvis
1263 1949 1299 1976 et
1327 1943 1433 1985 cinis⁷
1467 1943 1599 1989 loquor
1624 1943 1669 1976 ad
1699 1943 1886 1976 dominum
1918 1955 2038 1977 meum
2068 1956 2135 1990 pro

249 2010 424 2057 magistro
452 2010 600 2045 Simone
626 2022 755 2056 preces
782 2011 941 2044 fundens
969 2017 1006 2044 et
1031 2010 1256 2057 supplicans,
1284 2017 1324 2044 ut
1350 2011 1388 2043 in
1413 2011 1563 2056 negotio
1592 2010 1691 2056 quod
1717 2010 1827 2044 habet
1852 2023 1933 2044 cum
1961 2010 2135 2057 episcopo

249 2089 317 2112 suo
343 2085 380 2112 et
405 2077 591 2112 canonicis
619 2077 697 2111 suis
725 2084 796 2111 tam
825 2077 996 2112 benivole
1023 2077 1233 2123 suscipiatis
1261 2089 1358 2119 eum,
1389 2089 1496 2123 quam
1525 2076 1690 2110 benefice
1721 2078 1948 2111 sustentetis.
1981 2078 2135 2112 Causam

248 2157 355 2191 quam
379 2145 574 2191 promovit,
600 2145 648 2178 ita
673 2145 932 2191 promoveatis,
954 2143 985 2178 si
1006 2144 1136 2191 placet,
1158 2151 1198 2178 ut
1219 2145 1251 2178 si
1277 2145 1360 2190 quis
1386 2151 1576 2190 promotus
1602 2151 1658 2178 est
1682 2145 1720 2177 in
1748 2144 1917 2190 injuriam
1939 2157 2134 2187 canonum,

249 2211 423 2246 canonice
452 2211 562 2246 simul
589 2218 799 2246 amoveatur
827 2218 862 2245 et
886 2213 983 2257 jure.
1015 2212 1187 2246 Ceterum
1213 2211 1302 2257 quid
1328 2211 1372 2244 de
1400 2211 1565 2257 predicto
1592 2211 1671 2245 viro
1700 2211 1748 2245 sit
1773 2211 1969 2257 agendum,
1998 2212 2134 2246 nobilis

249 2279 392 2313 animus
411 2284 534 2313 vester
554 2278 686 2312 melius
702 2285 738 2312 et
755 2278 901 2324 plenius
922 2278 1142 2325 providebit.
1164 2278 1303 2313 Valeat.

343 2376 470 2401 Biblioth.
486 2379 540 2400 nat.
556 2376 640 2400 Paris.
657 2384 706 2400 ms.
722 2377 769 2401 lat.
786 2377 856 2406 292³,
873 2377 918 2401 t'ol.
935 2376 1003 2401 111⁶.
1017 2390 1050 2396 —·
1064 2377 1161 2409 Migne,
1177 2377 1287 2402 Patrol.
1301 2377 1360 2407 lat„
1375 2380 1439 2401 tom.
1457 2376 1542 2405 CCXI,
1559 2385 1600 2408 ep.
1617 2377 1656 2405 60,
1672 2384 1698 2408 p.
1716 2377 1770 2400 353.

344 2461 367 2486 1
383 2461 440 2485 Non
459 2464 531 2485 caret
549 2460 747 2493 probabilitate,
768 2461 838 2485 hunc
858 2469 916 2485 esse
936 2461 1067 2485 celebrem
1087 2462 1247 2494 magistrum
1267 2461 1401 2485 Simonem
1416 2462 1619 2489 Tornacenscm
1640 2462 1775 2484 auctorem
1796 2460 1933 2485 Summae
1952 2468 1999 2484 seu
2014 2461 2134 2486 Senten-

249 2505 368 2535 tiorum,
389 2513 503 2538 quarum
522 2505 649 2530 initium:
667 2514 679 2530 ι(
699 2505 774 2530 Sicut
791 2505 819 2529 in
838 2506 1031 2538 orthographia
1050 2506 1149 2538 leg-itur
1168 2514 1180 2530 n
1201 2506 1279 2538 (Bibl.
1301 2509 1354 2530 nat.
1377 2506 1460 2530 Puris.
1483 2514 1531 2529 ms.
1549 2505 1595 2528 lut
1613 2505 1701 2534 3114·;
1723 2505 1898 2534 14886;Bih1.
1920 2506 2011 2529 Arsen.
2028 2506 2132 2535 n0519;

248 2549 338 2583 Bul-go
353 2550 385 2574 de
399 2550 490 2580 Onma,
506 2550 575 2574 Bibl.
593 2550 694 2582 Cnpitq
710 2549 834 2579 Oxonine,
851 2550 916 2574 Coll.
938 2551 1048 2579 Mcrton,
1065 2554 1094 2574 η·ι
1109 2550 1172 2583 132),
1189 2554 1215 2575 et
1228 2549 1465 2582 Disputationum
1478 2550 1512 2582 (v.
1534 2558 1560 2581 g
1577 2549 1995 2582 Bihl.Trecens.n.1178).1sto
2015 2553 2134 2582 tempore

245 2594 302 2628 Jam
317 2595 434 2620 tenuisse
447 2595 601 2619 cathedram
615 2594 725 2619 Parisiis
741 2595 871 2627 probatur
885 2603 917 2619 ex
931 2595 1090 2619 documento
1105 2595 1171 2627 (sine
1186 2598 1248 2619 notu
1262 2595 1400 2627 temporis)
1414 2594 1442 2618 in
1459 2594 1567 2620 Cartul.
1580 2594 1608 2619 S.
1622 2593 1774 2625 Genovesae
1789 2594 1883 2620 Paris.
1900 2593 1978 2627 (Bibl.
1994 2595 2020 2619 S.
2033 2594 2132 2620 Genov.

248 2640 278 2665 Ε.
297 2640 316 2664 l.
337 2640 368 2664 25
386 2640 453 2669 Fol..
473 2648 500 2672 p.
527 2640 591 2672 221),
616 2639 661 2663 ubi
686 2639 755 2664 inter
773 2642 853 2664 testes
874 2639 1039 2672 subscriptos
1061 2639 1214 2664 nominatur
1229 2649 1241 2663 ι(
1258 2639 1386 2672 magister
1401 2639 1499 2672 Symon
1515 2639 1547 2663 de
1566 2639 1686 2663 ‘rm-nucu
1702 2646 1724 2668 »,
1741 2647 1859 2663 unacum
1875 2639 2004 2671 magistro
2019 2639 2132 2664 Girardo

248 2684 364 2714 Paeona,
380 2684 426 2717 qui
440 2692 508 2709 anno
524 2685 585 2709 1184
600 2684 627 2708 in
641 2685 704 2709 aeds
717 2684 863 2717 episcopali
879 2684 1061 2709 Covsntrienni
1076 2685 1216 2709 defunctus
1231 2687 1279 2709 ent.
