2580 3528
439 372 499 403 120
1018 381 1339 403 CHARTULAMUM
1376 381 1567 403 UN1vi2as.
1604 381 1733 403 rmus.
2218 371 2318 411 [1229

434 455 529 488 sicut
549 467 589 488 ea
610 455 730 488 omnia
750 456 850 500 juste
876 467 915 488 ac
937 455 1086 500 pacifice
1108 455 1320 500 possidetis,
1344 455 1449 488 vobis
1471 462 1507 488 et
1533 467 1597 500 per
1617 467 1684 488 vos
1712 455 1831 488 eidem
1858 455 2079 488 monasterio
2105 454 2318 487 auctoritate

434 522 633 568 apostolica
667 522 926 555 confirmamus
961 529 994 555 ct
1035 523 1219 567 presentis
1256 522 1382 567 scripti
1422 522 1624 567 patrocinio
1665 523 1946 555 communimus.
1986 521 2083 555 Nulli
2119 533 2222 567 ergO,
2252 527 2316 555 etc.

438 596 561 622 nostre
588 589 827 634 protectionis
848 596 882 622 et
899 589 1200 630 confirmationis,
1222 594 1286 622 etc.
1311 589 1347 622 Si
1369 589 1451 633 quis
1477 595 1610 630 autem,
1627 594 1691 622 etc.
1715 590 1794 621 Dat.
1813 589 1955 622 Perusii
1976 589 2036 633 viij
2056 588 2124 621 kal.
2146 587 2317 633 Augusti,

438 656 668 702 pontificatus
690 656 806 689 nostri
828 668 922 689 anno
940 656 1066 689 tercio.

532 755 644 778 Litterae
665 755 779 778 insertae
795 754 901 777 chartae
917 754 1039 777 officialis
1054 754 1143 777 curiae
1158 754 1280 777 Trecens.
1298 754 1359 777 anni
1376 753 1478 776 1280111
1499 753 1575 776 Arch.
1597 757 1651 777 nat.
1673 753 1757 777 Puris.
1775 754 1800 777 S.
1819 753 1906 781 101312,
1930 757 1958 776 n⁰
1978 755 2001 777 6.
2022 753 2087 777 lbid.
2109 758 2139 776 n⁰
2159 754 2188 777 10
2207 753 2322 777 occurrit

437 799 549 831 epistola
571 799 689 831 ejusdem
710 808 795 830 papae
815 799 848 822 ad
871 799 1043 823 Guillelmum
1063 798 1217 830 episcopum
1240 798 1417 822 Parisicnsem
1434 798 1462 821 17
1485 798 1597 829 Augusti
1614 798 1683 826 1229,
1701 798 1727 821 in
1750 806 1803 829 qua
1821 798 1845 821 ei
1865 798 1980 829 injungit
1999 801 2028 821 ut
2047 798 2174 821 fratribus
2197 798 2322 822 concedat

437 844 583 868 oratorium
604 844 630 867 111
652 844 772 875 ipsorum
793 844 870 866 domo
890 843 1042 867 Parisiensi.
1064 843 1162 870 Valois,
1186 843 1352 867 Guillaume
1371 843 1560 873 d’Auveryne,
1580 851 1607 874 p.
1630 843 1685 870 338,
1706 847 1736 865 11⁰
1756 843 1793 866 114.
1810 856 1841 860 —
1861 843 1966 866 Fratres
1981 842 2063 865 Vallis
2084 842 2250 866 Scholarium
2270 851 2322 866 non

438 889 471 912 ad
487 889 702 912 Cistercieusium
719 888 797 918 (sicut
811 888 940 911 Jourdain
956 892 984 910 11ο
1000 889 1029 910 22
1045 887 1146 917 scribit)
1163 888 1208 911 sed
1225 888 1257 911 ad
1274 888 1299 911 S.
1318 887 1458 918 Augustini
1474 887 1600 911 Ordinem
1615 887 1791 919 pertinebant.
1804 901 1835 904 —
1849 887 1954 910 Primus
1970 887 2097 918 magister
2112 890 2171 910 actu
2186 895 2280 918 regens
2296 887 2322 910 in

439 934 560 958 Univers.
578 934 662 957 Paris.
680 933 832 956 nominatur
847 933 872 956 in
888 933 983 955 litteris
1000 932 1139 956 Alexandri
1156 933 1190 955 lv
1204 932 1266 955 anni
1282 933 1351 959 1259,
1367 932 1440 956 Junii
1457 933 1495 959 24,
1512 935 1537 955 et
1554 932 1602 955 tuit
1618 932 1761 955 Evrurdus.
1779 931 1842 955 Vide
1858 932 1928 955 intra
1941 932 1975 955 ad
1988 936 2027 954 n⁰¹
2040 933 2077 959 77,
2094 933 2148 955 340.

441 1128 520 1165 66.
546 1136 703 1162 ιιιάῡνίειιε
720 1137 762 1161 IX
774 1145 826 1162 rex
841 1137 1012 1162 Francorurn
1026 1135 1209 1172 privilegium
1225 1144 1243 1161 α
1264 1144 1329 1170 rege
1349 1134 1485 1171 Philippo
1501 1135 1630 1170 Augusto
1647 1143 1698 1161 ανο
1718 1143 1770 1160 suo
1790 1134 1972 1160 scholaribus
1987 1135 2206 1161 Parisiensibus
2225 1134 2325 1161 datum

538 1188 697 1221 confirmat.

1412 1241 1490 1270 1229,
1505 1248 1595 1266 mense
1610 1240 1730 1273 Augusto,
1743 1241 1813 1272 apud
1824 1241 1930 1266 Fontem
1945 1241 2038 1267 Blandi.

534 1325 574 1356 In
596 1323 743 1356 nomine
765 1330 888 1356 sancte
909 1329 944 1356 et
964 1322 1153 1356 individue
1174 1322 1376 1363 Trinitatis,
1398 1333 1515 1355 amen.
1539 1321 1747 1355 Ludovicus
1773 1322 1840 1354 Dei
1867 1322 1982 1367 gratia
2008 1323 2228 1355 Francorum
2251 1334 2326 1356 rex.

444 1391 620 1425 Noverint
645 1390 808 1423 universi
836 1396 1028 1435 presentes
1049 1389 1185 1434 pariter
1206 1395 1241 1422 et
1261 1389 1385 1430 futuri,
1416 1400 1483 1421 nos
1504 1395 1636 1422 cartam
1658 1388 1782 1421 inclite
1803 1388 2069 1422 recordationis
2094 1388 2252 1434 Philippi
2272 1389 2328 1423 avi

445 1458 574 1499 nostri,
598 1457 778 1503 quondam
802 1458 1022 1490 Francorum
1044 1456 1144 1501 regis
1170 1455 1338 1496 illustris,
1366 1455 1573 1500 inspexisse
1595 1455 1631 1488 in
1653 1455 1720 1488 hec
1739 1454 1868 1488 verba⁴
1885 1467 1891 1488 :
1911 1456 1952 1488 In
1977 1456 2125 1488 nomine
2151 1463 2274 1489 sancte
2295 1462 2328 1489 et

446 1525 634 1559 individue
660 1524 861 1565 Trinitatis,
889 1535 1006 1556 amen.
1036 1522 1227 1568 Philippus
1258 1522 1324 1555 Dei
1355 1522 1469 1567 gratia
1497 1523 1719 1555 Francorum
1744 1534 1819 1555 rex.
1851 1523 2028 1555 Noverint
2057 1523 2221 1556 universi
2248 1534 2330 1568 pre-

446 1599 570 1626 sentes
592 1592 726 1637 pariter
746 1598 779 1624 et
801 1591 926 1631 futuri,
951 1590 1048 1635 quod
1078 1596 1226 1635 propter
1252 1589 1344 1622 illud
1370 1601 1519 1622 enorme
1542 1589 1740 1634 flagicium,
1768 1601 1840 1634 quo
1861 1589 2022 1622 Parisius
2048 1589 2172 1622 clerici
2193 1596 2229 1623 et
2249 1589 2330 1623 laici

446 1659 608 1705 quinque
639 1670 791 1691 numero
822 1671 840 1691 a
871 1657 1090 1702 quibusdam
1122 1656 1295 1689 maleficis
1330 1656 1512 1689 interfecti
1541 1663 1638 1697 sunt,
1670 1656 1778 1689 talem
1803 1656 1988 1701 justiciam
2014 1656 2188 1690 faciemus
2207 1668 2214 1689 :
2233 1656 2331 1702 quod

444 1726 510 1760 Th.
534 1726 637 1759 illum
660 1733 743 1759 tune
766 1725 1006 1771 prepositum,
1026 1724 1070 1757 de
1092 1736 1164 1769 quo
1192 1735 1305 1769 super
1331 1723 1423 1756 alios
1449 1723 1575 1756 clerici
1601 1730 1688 1756 sunt
1716 1723 1923 1768 conquesti,
1946 1724 2029 1768 quia
2056 1724 2189 1757 factum
2210 1729 2331 1769 negat,

446 1794 483 1826 in
504 1793 691 1838 perpetuis
712 1791 960 1825 detinebimus
980 1790 1152 1832 vinculis,
1174 1790 1211 1823 in
1233 1797 1328 1823 arcta
1349 1790 1515 1823 custodia
1537 1796 1573 1823 et
1592 1802 1752 1835 paupere
1777 1790 1887 1832 victu,
1910 1790 2071 1835 quandiu
2096 1790 2239 1832 vixerit,
2262 1790 2332 1823 nisi

446 1862 539 1894 sorte
562 1861 640 1905 ipse
663 1859 818 1904 elegerit
845 1858 970 1891 subire
993 1858 1174 1903 judicium
1201 1869 1293 1902 aque
1319 1857 1481 1891 Parisius
1505 1856 1670 1902 publice3
1701 1857 1737 1889 in
1759 1869 1831 1902 quo
1853 1857 1884 1890 si
1909 1857 2095 1899 ceciderit,
2119 1857 2334 1902 dampnatus

447 1928 532 1967 erit,
563 1927 592 1959 si
620 1926 796 1959 liberatus
822 1926 943 1962 suerit,
973 1937 1156 1970 nunquam
1188 1924 1349 1957 Parisius
1376 1924 1551 1970 deinceps
1577 1924 1635 1958 vel
1660 1923 1747 1957 alibi
1768 1924 1805 1956 in
1831 1930 1926 1957 terra
1953 1930 2076 1957 nostra
2099 1924 2246 1970 propria
2266 1924 2333 1957 erit

447 1994 655 2040 prepositus
691 1999 815 2026 noster
849 1993 906 2026 vel
942 1992 1098 2025 ballivus
1134 1998 1277 2033 noster,
1314 2004 1380 2024 nec
1417 1991 1523 2024 etiam
1557 1991 1661 2032 alibi,
1697 1991 1782 2024 dum
1821 1991 1858 2024 id
1892 1998 2013 2024 vetare
2049 1991 2235 2036 possimus
2270 2003 2336 2036 per

450 2062 639 2102 rationem,
671 2072 736 2093 nec
766 2060 927 2092 Parisius
958 2058 1106 2092 intrabit
1135 2059 1180 2091 de
1210 2065 1345 2091 cetero.
1379 2060 1422 2091 Et
1451 2058 1481 2091 si
1508 2070 1572 2103 per
1601 2057 1733 2091 bonam
1759 2065 1795 2091 et
1819 2058 2017 2103 legitimam
2044 2058 2334 2103 inquisitionem,

450 2141 555 2173 quam
586 2127 837 2160 commisimus
873 2125 1018 2159 duobus
1048 2125 1221 2158 fidelibus
1253 2125 1403 2166 nostris,
1434 2125 1478 2158 G.
1506 2125 1705 2158 camerario
1736 2131 1771 2158 et
1801 2124 1864 2158 Ph.
1894 2125 1938 2158 de
1967 2125 2103 2166 Leuiis,
2132 2125 2211 2158 sine
2238 2125 2336 2158 omni

452 2206 688 2241 personarum
711 2193 922 2238 acceptione
950 2192 1113 2225 facienda
1139 2191 1208 2224 sub
1229 2192 1456 2236 adjuratione
1478 2191 1576 2230 fidei,
1600 2204 1668 2236 qua
1693 2191 1881 2224 christiani
1908 2199 2006 2233 sunt,
2028 2204 2208 2237 quamque
2230 2191 2337 2225 nobis

452 2262 587 2295 debent
617 2261 766 2294 domino
794 2272 860 2293 suo
888 2260 991 2305 ligio,
1021 2266 1056 2292 et
1084 2271 1148 2304 per
1170 2260 1417 2303 juramentum
1446 2259 1544 2303 quod
1572 2258 1680 2292 nobis
1705 2259 1872 2291 fecerunt
1897 2259 1941 2291 de
1966 2258 2105 2292 honore
2127 2266 2163 2292 et
2181 2257 2337 2292 consilio

453 2336 591 2370 nostro,
615 2328 823 2373 intelligere
851 2327 1065 2372 poterimus,
1089 2326 1188 2371 quod
1211 2325 1368 2371 amplius
1389 2326 1474 2358 inde
1496 2326 1614 2358 facere
1636 2325 1823 2371 possimus
1845 2332 1905 2359 aut
1926 2325 2138 2367 debeamus,
2161 2326 2241 2358 sine
2262 2325 2338 2359 ullo

451 2402 713 2429 arrestamcnto
754 2395 941 2435 faciemus,
983 2393 1083 2427 salvo
1120 2393 1260 2426 honore
1287 2393 1352 2425 Dei
1387 2399 1423 2426 ct
1453 2399 1591 2426 nostro.
1629 2394 1682 2426 De
1716 2392 1797 2426 aliis
1836 2399 1968 2434 autem,
2005 2393 2067 2438 qui
2101 2393 2138 2425 in
2172 2393 2339 2438 captione

453 2470 537 2496 sunt
560 2475 624 2508 pro
646 2462 774 2494 codem
801 2461 1000 2502 forisfacto,
1023 2460 1091 2493 hoc
1114 2460 1301 2501 faciemus,
1324 2460 1423 2504 quod
1449 2460 1486 2492 111
1507 2460 1674 2505 captione
1700 2466 1875 2505 perpetua
1896 2471 1960 2492 eos
1985 2459 2246 2501 detinebimus,
2268 2459 2339 2492 nisi

449 2530 590 2574 judicio
612 2541 703 2573 aquo
726 2528 970 2560 innocentiam
993 2539 1092 2560 suam
1116 2527 1365 2572 purgaverint,
1389 2528 1465 2559 Deo
1489 2533 1599 2567 teste,
1622 2527 1659 2559 in
1680 2539 1753 2571 quo
1774 2527 1805 2559 si
1827 2526 1888 2571 qui
1910 2526 2123 2568 ceciderint,
2145 2537 2209 2559 eos
2230 2525 2341 2559 habe-

456 2597 576 2629 bimus
607 2608 671 2640 pro
699 2595 913 2639 dampnatis,
943 2594 1014 2627 nisi
1044 2595 1136 2627 sorte
1165 2594 1276 2639 aliqui
1305 2606 1347 2626 cx
1373 2594 1426 2626 cis
1456 2606 1520 2638 per
1547 2593 1679 2626 bonam
1705 2593 1980 2639 inquisitionem
2003 2592 2197 2626 scolarium
2219 2605 2237 2625 a
2258 2604 2340 2638 cap-

458 2664 555 2697 tione
584 2674 648 2707 per
675 2674 741 2694 nos
769 2662 903 2694 suerint
932 2661 1088 2693 liberati.
1120 2662 1192 2693 Eos
1217 2667 1335 2693 autem
1363 2661 1424 2705 qui
1446 2661 1631 2705 sugerunt,
1661 2672 1704 2693 eo
1726 2660 1807 2705 ipso
1834 2672 1899 2705 pro
1921 2660 2123 2705 dampnatis
2144 2658 2339 2699 habemus;

457 2737 493 2763 et
522 2741 649 2762 omnes
681 2728 888 2773 prepositos
920 2735 1014 2760 terre
1046 2734 1169 2760 nostre
1195 2728 1320 2772 jurare
1348 2727 1535 2768 faciemus,
1567 2727 1665 2772 quod
1696 2726 1895 2772 diligenter
1924 2726 2111 2771 inquirent
2139 2738 2217 2764 eos,
2246 2733 2282 2759 et
2311 2726 2342 2759 si

458 2809 565 2842 quem
588 2808 631 2829 ex
652 2796 705 2828 eis
726 2807 855 2840 capere
877 2794 1074 2839 potuerint,
1092 2794 1236 2839 capient
1256 2800 1291 2827 et
1312 2793 1419 2826 nobis
1440 2794 1581 2826 mittent
1603 2793 1777 2826 Parisius.
1801 2794 1853 2826 De
1875 2793 2068 2826 securitate
2089 2799 2208 2826 autem
2227 2793 2343 2826 scola-

461 2864 553 2897 rium
570 2863 786 2896 clericorum
810 2861 1070 2894 Parisicnsium
1092 2861 1128 2892 in
1151 2867 1338 2905 posterum
1360 2860 1516 2893 consilio
1544 2860 1731 2893 hominum
1758 2867 1968 2893 nostrorum
1990 2859 2058 2893 hoc
2080 2860 2342 2901 ordinavimus,

461 2930 558 2976 quod
587 2941 714 2963 omncs
742 2929 840 2962 cives
870 2928 1098 2960 Parisienses
1127 2928 1252 2972 jurare
1282 2927 1468 2968 faciemus.v
1502 2927 1599 2972 quod
1628 2927 1658 2960 si
1686 2926 1818 2972 aliquis
1848 2926 1956 2960 alicui
1986 2926 2118 2960 scolari
2148 2926 2192 2959 ab
2222 2926 2343 2972 aliquo
