<?xml version="1.0" encoding="UTF-8"?>
<!DOCTYPE html PUBLIC "-//W3C//DTD XHTML 1.0 Transitional//EN"
    "http://www.w3.org/TR/xhtml1/DTD/xhtml1-transitional.dtd">
<html xmlns="http://www.w3.org/1999/xhtml" xml:lang="en" lang="en">
 <head>
  <title>
</title>
<meta http-equiv="Content-Type" content="text/html;charset=utf-8" />
  <meta name='ocr-system' content='tesseract 3.04.00' />
  <meta name='ocr-capabilities' content='ocr_page ocr_carea ocr_par ocr_line ocrx_word'/>
</head>
<body>
  <div class='ocr_page' id='page_1' title='image "./chartulariumuniv01univuoft_0109.png"; bbox 0 0 2618 3640; ppageno 0'>
   <div class='ocr_carea' id='block_1_1' title="bbox 0 0 172 3640">
    <p class='ocr_par' dir='ltr' id='par_1_1' title="bbox 0 0 172 3640">
     <span class='ocr_line' id='line_1_1' title="bbox 0 0 172 3640; baseline 0 0"><span class='ocrx_word' id='word_1_1' title='bbox 0 0 172 3640; x_wconf 95' lang='lat' dir='ltr'> </span> 
     </span>
    </p>
   </div>
   <div class='ocr_carea' id='block_1_2' title="bbox 251 432 2125 473">
    <p class='ocr_par' dir='ltr' id='par_1_2' title="bbox 251 432 2125 473">
     <span class='ocr_line' id='line_1_2' title="bbox 251 432 2125 473; baseline 0 -8"><span class='ocrx_word' id='word_1_2' title='bbox 251 432 347 473; x_wconf 89' lang='grc'><strong>1209]</strong></span> <span class='ocrx_word' id='word_1_3' title='bbox 585 441 633 464; x_wconf 67' lang='grc' dir='ltr'>ΑΒ</span> <span class='ocrx_word' id='word_1_4' title='bbox 669 441 777 463; x_wconf 66' lang='lat' dir='ltr'>Anno</span> <span class='ocrx_word' id='word_1_5' title='bbox 811 440 890 463; x_wconf 69' lang='lat' dir='ltr'>mcc</span> <span class='ocrx_word' id='word_1_6' title='bbox 925 440 1057 469; x_wconf 68' lang='lat' dir='ltr'>usque</span> <span class='ocrx_word' id='word_1_7' title='bbox 1092 441 1140 462; x_wconf 74' lang='grc' dir='ltr'>Λυ</span> <span class='ocrx_word' id='word_1_8' title='bbox 1176 441 1408 463; x_wconf 81' lang='lat' dir='ltr'>t’lttLtPPUM</span> <span class='ocrx_word' id='word_1_9' title='bbox 1444 442 1484 463; x_wconf 78' lang='lat' dir='ltr'>iv</span> <span class='ocrx_word' id='word_1_10' title='bbox 1519 442 1606 464; x_wconf 73' lang='lat' dir='ltr'>nse.</span> <span class='ocrx_word' id='word_1_11' title='bbox 1645 443 1781 466; x_wconf 59' lang='lat' dir='ltr'>rimae.</span> <span class='ocrx_word' id='word_1_12' title='bbox 2083 435 2125 469; x_wconf 89' lang='grc'>67</span> 
     </span>
    </p>
   </div>
   <div class='ocr_carea' id='block_1_3' title="bbox 248 576 2125 669">
    <p class='ocr_par' dir='ltr' id='par_1_3' title="bbox 248 576 2125 669">
     <span class='ocr_line' id='line_1_3' title="bbox 248 576 2125 622; baseline 0 -9"><span class='ocrx_word' id='word_1_13' title='bbox 248 576 294 615; x_wconf 80' lang='grc'>8.</span> <span class='ocrx_word' id='word_1_14' title='bbox 318 585 500 612; x_wconf 78' lang='lat' dir='ltr'><em>Innocentius</em></span> <span class='ocrx_word' id='word_1_15' title='bbox 510 586 558 611; x_wconf 89' lang='grc'>111</span> <span class='ocrx_word' id='word_1_16' title='bbox 563 584 605 611; x_wconf 84' lang='lat' dir='ltr'>ad</span> <span class='ocrx_word' id='word_1_17' title='bbox 613 584 744 611; x_wconf 77' lang='lat' dir='ltr'>doctores</span> <span class='ocrx_word' id='word_1_18' title='bbox 754 593 859 610; x_wconf 83' lang='lat' dir='ltr'>sacrae</span> <span class='ocrx_word' id='word_1_19' title='bbox 868 585 1007 621; x_wconf 76' lang='lat' dir='ltr'><strong><em>paginae,</em></strong></span> <span class='ocrx_word' id='word_1_20' title='bbox 1021 583 1198 610; x_wconf 71' lang='lat' dir='ltr'>decretorum</span> <span class='ocrx_word' id='word_1_21' title='bbox 1210 584 1432 620; x_wconf 76' lang='lat' dir='ltr'>liberaliumque</span> <span class='ocrx_word' id='word_1_22' title='bbox 1443 586 1549 611; x_wconf 80' lang='lat' dir='ltr'>artium</span> <span class='ocrx_word' id='word_1_23' title='bbox 1569 586 1695 611; x_wconf 83' lang='lat' dir='ltr'>Parisiis</span> <span class='ocrx_word' id='word_1_24' title='bbox 1714 589 1920 612; x_wconf 81' lang='lat' dir='ltr'><strong><em>commorantes</em></strong></span> <span class='ocrx_word' id='word_1_25' title='bbox 1936 586 1972 612; x_wconf 81' lang='lat' dir='ltr'>de</span> <span class='ocrx_word' id='word_1_26' title='bbox 1988 588 2125 622; x_wconf 74' lang='lat' dir='ltr'>magistro</span> 
     </span>
     <span class='ocr_line' id='line_1_4' title="bbox 340 633 993 669; baseline -0.003 -8"><span class='ocrx_word' id='word_1_27' title='bbox 340 635 369 661; x_wconf 90' lang='lat' dir='ltr'>G.</span> <span class='ocrx_word' id='word_1_28' title='bbox 387 634 577 660; x_wconf 83' lang='lat' dir='ltr'>communioni</span> <span class='ocrx_word' id='word_1_29' title='bbox 591 634 793 669; x_wconf 78' lang='lat' dir='ltr'>magistrorum</span> <span class='ocrx_word' id='word_1_30' title='bbox 807 633 993 660; x_wconf 76' lang='lat' dir='ltr'>restituendo.</span> 
     </span>
    </p>
   </div>
   <div class='ocr_carea' id='block_1_4' title="bbox 1674 698 1840 724">
    <p class='ocr_par' dir='ltr' id='par_1_4' title="bbox 1674 698 1840 724">
     <span class='ocr_line' id='line_1_5' title="bbox 1674 698 1840 724; baseline 0 0"><span class='ocrx_word' id='word_1_31' title='bbox 1674 698 1840 724; x_wconf 79' lang='lat'><strong><em>7208-1209.</em></strong></span> 
     </span>
    </p>
   </div>
   <div class='ocr_carea' id='block_1_5' title="bbox 250 783 2146 2966">
    <p class='ocr_par' dir='ltr' id='par_1_5' title="bbox 250 783 2146 2966">
     <span class='ocr_line' id='line_1_6' title="bbox 339 783 2129 833; baseline 0.001 -15"><span class='ocrx_word' id='word_1_32' title='bbox 339 785 531 819; x_wconf 88' lang='lat' dir='ltr'>Universis</span> <span class='ocrx_word' id='word_1_33' title='bbox 556 783 769 818; x_wconf 87' lang='lat' dir='ltr'>doctoribus</span> <span class='ocrx_word' id='word_1_34' title='bbox 794 796 896 818; x_wconf 81' lang='lat' dir='ltr'><strong>sacre</strong></span> <span class='ocrx_word' id='word_1_35' title='bbox 921 784 1065 830; x_wconf 80' lang='lat' dir='ltr'>pagine,</span> <span class='ocrx_word' id='word_1_36' title='bbox 1093 784 1323 818; x_wconf 81' lang='lat' dir='ltr'>decretorum</span> <span class='ocrx_word' id='word_1_37' title='bbox 1347 791 1383 818; x_wconf 86' lang='lat' dir='ltr'>et</span> <span class='ocrx_word' id='word_1_38' title='bbox 1406 784 1612 818; x_wconf 89' lang='lat' dir='ltr'>liberalium</span> <span class='ocrx_word' id='word_1_39' title='bbox 1637 786 1766 819; x_wconf 88' lang='lat' dir='ltr'>artium</span> <span class='ocrx_word' id='word_1_40' title='bbox 1787 786 1948 833; x_wconf 86' lang='lat' dir='ltr'>Parisius</span> <span class='ocrx_word' id='word_1_41' title='bbox 1969 798 2129 819; x_wconf 87' lang='lat' dir='ltr'>commo-</span> 
     </span>
     <span class='ocr_line' id='line_1_7' title="bbox 251 851 2128 897; baseline 0 -11"><span class='ocrx_word' id='word_1_42' title='bbox 251 851 428 886; x_wconf 76' lang='lat' dir='ltr'>rantibus.</span> <span class='ocrx_word' id='word_1_43' title='bbox 459 853 512 885; x_wconf 89' lang='lat' dir='ltr'>Ex</span> <span class='ocrx_word' id='word_1_44' title='bbox 537 851 670 885; x_wconf 87' lang='lat' dir='ltr'>litteris</span> <span class='ocrx_word' id='word_1_45' title='bbox 702 857 823 885; x_wconf 77' lang='lat' dir='ltr'><strong>vestre</strong></span> <span class='ocrx_word' id='word_1_46' title='bbox 858 851 1066 884; x_wconf 89' lang='lat' dir='ltr'>devotionis</span> <span class='ocrx_word' id='word_1_47' title='bbox 1094 851 1315 897; x_wconf 88' lang='lat' dir='ltr'>accepimus,</span> <span class='ocrx_word' id='word_1_48' title='bbox 1347 852 1445 897; x_wconf 91' lang='lat' dir='ltr'>quod</span> <span class='ocrx_word' id='word_1_49' title='bbox 1474 864 1556 885; x_wconf 89' lang='lat' dir='ltr'>cum</span> <span class='ocrx_word' id='word_1_50' title='bbox 1586 852 1731 897; x_wconf 87' lang='lat' dir='ltr'>quidam</span> <span class='ocrx_word' id='word_1_51' title='bbox 1763 853 1930 886; x_wconf 89' lang='lat' dir='ltr'>moderni</span> <span class='ocrx_word' id='word_1_52' title='bbox 1958 853 2128 887; x_wconf 89' lang='lat' dir='ltr'>doctores</span> 
     </span>
     <span class='ocr_line' id='line_1_8' title="bbox 250 918 2128 964; baseline 0.001 -12"><span class='ocrx_word' id='word_1_53' title='bbox 250 918 455 953; x_wconf 82' lang='lat' dir='ltr'>liberalium</span> <span class='ocrx_word' id='word_1_54' title='bbox 487 918 618 952; x_wconf 89' lang='lat' dir='ltr'>artium</span> <span class='ocrx_word' id='word_1_55' title='bbox 647 930 666 952; x_wconf 93' lang='lat' dir='ltr'>a</span> <span class='ocrx_word' id='word_1_56' title='bbox 694 919 869 963; x_wconf 87' lang='lat' dir='ltr'>majorum</span> <span class='ocrx_word' id='word_1_57' title='bbox 904 930 1054 951; x_wconf 91' lang='lat' dir='ltr'>suorum</span> <span class='ocrx_word' id='word_1_58' title='bbox 1088 918 1255 964; x_wconf 84' lang='lat' dir='ltr'>vestigiis</span> <span class='ocrx_word' id='word_1_59' title='bbox 1290 918 1327 951; x_wconf 91' lang='lat' dir='ltr'>in</span> <span class='ocrx_word' id='word_1_60' title='bbox 1362 918 1479 952; x_wconf 89' lang='lat' dir='ltr'>tribus</span> <span class='ocrx_word' id='word_1_61' title='bbox 1513 919 1705 964; x_wconf 80' lang='lat' dir='ltr'>presertim</span> <span class='ocrx_word' id='word_1_62' title='bbox 1739 919 1902 953; x_wconf 78' lang='lat' dir='ltr'>articulis</span> <span class='ocrx_word' id='word_1_63' title='bbox 1929 920 2128 961; x_wconf 70' lang='lat' dir='ltr'>deviarent,</span> 
     </span>
     <span class='ocr_line' id='line_1_9' title="bbox 250 984 2129 1032; baseline 0.001 -13"><span class='ocrx_word' id='word_1_64' title='bbox 250 985 375 1019; x_wconf 88' lang='lat' dir='ltr'>habitu</span> <span class='ocrx_word' id='word_1_65' title='bbox 399 985 572 1020; x_wconf 89' lang='lat' dir='ltr'>videlicet</span> <span class='ocrx_word' id='word_1_66' title='bbox 595 984 804 1026; x_wconf 87' lang='lat' dir='ltr'>inhonesto,</span> <span class='ocrx_word' id='word_1_67' title='bbox 830 985 868 1018; x_wconf 90' lang='lat' dir='ltr'>in</span> <span class='ocrx_word' id='word_1_68' title='bbox 890 985 1087 1018; x_wconf 88' lang='lat' dir='ltr'>lectionum</span> <span class='ocrx_word' id='word_1_69' title='bbox 1114 991 1150 1018; x_wconf 90' lang='lat' dir='ltr'>et</span> <span class='ocrx_word' id='word_1_70' title='bbox 1169 985 1455 1031; x_wconf 68' lang='lat' dir='ltr'>disputationum</span> <span class='ocrx_word' id='word_1_71' title='bbox 1482 986 1610 1019; x_wconf 90' lang='lat' dir='ltr'>ordine</span> <span class='ocrx_word' id='word_1_72' title='bbox 1637 999 1710 1019; x_wconf 89' lang='lat' dir='ltr'>non</span> <span class='ocrx_word' id='word_1_73' title='bbox 1735 993 1892 1028; x_wconf 87' lang='lat' dir='ltr'>servato,</span> <span class='ocrx_word' id='word_1_74' title='bbox 1914 993 1950 1020; x_wconf 87' lang='lat' dir='ltr'>et</span> <span class='ocrx_word' id='word_1_75' title='bbox 1975 987 2034 1032; x_wconf 87' lang='lat' dir='ltr'>pio</span> <span class='ocrx_word' id='word_1_76' title='bbox 2062 999 2129 1020; x_wconf 88' lang='lat' dir='ltr'>usu</span> 
     </span>
     <span class='ocr_line' id='line_1_10' title="bbox 251 1051 2131 1099; baseline 0.001 -13"><span class='ocrx_word' id='word_1_77' title='bbox 251 1053 288 1086; x_wconf 92' lang='lat' dir='ltr'>in</span> <span class='ocrx_word' id='word_1_78' title='bbox 308 1052 540 1086; x_wconf 84' lang='lat' dir='ltr'>celebrandis</span> <span class='ocrx_word' id='word_1_79' title='bbox 559 1052 725 1097; x_wconf 88' lang='lat' dir='ltr'>exequiis</span> <span class='ocrx_word' id='word_1_80' title='bbox 745 1051 1000 1085; x_wconf 85' lang='lat' dir='ltr'>decedentium</span> <span class='ocrx_word' id='word_1_81' title='bbox 1022 1052 1238 1085; x_wconf 89' lang='lat' dir='ltr'>clericorum</span> <span class='ocrx_word' id='word_1_82' title='bbox 1255 1053 1329 1097; x_wconf 88' lang='lat' dir='ltr'>jam</span> <span class='ocrx_word' id='word_1_83' title='bbox 1349 1052 1452 1098; x_wconf 91' lang='lat' dir='ltr'>quasi</span> <span class='ocrx_word' id='word_1_84' title='bbox 1474 1053 1619 1098; x_wconf 84' lang='lat' dir='ltr'>penitus</span> <span class='ocrx_word' id='word_1_85' title='bbox 1640 1053 1873 1099; x_wconf 86' lang='lat' dir='ltr'>negligenter</span> <span class='ocrx_word' id='word_1_86' title='bbox 1894 1054 2044 1095; x_wconf 87' lang='lat' dir='ltr'>omisso,</span> <span class='ocrx_word' id='word_1_87' title='bbox 2066 1066 2131 1087; x_wconf 88' lang='lat' dir='ltr'>vos</span> 
     </span>
     <span class='ocr_line' id='line_1_11' title="bbox 251 1118 2134 1166; baseline 0.001 -13"><span class='ocrx_word' id='word_1_88' title='bbox 251 1120 442 1166; x_wconf 88' lang='lat' dir='ltr'>cupientes</span> <span class='ocrx_word' id='word_1_89' title='bbox 465 1125 587 1153; x_wconf 89' lang='lat' dir='ltr'>vestre</span> <span class='ocrx_word' id='word_1_90' title='bbox 611 1118 806 1152; x_wconf 88' lang='lat' dir='ltr'>consulere</span> <span class='ocrx_word' id='word_1_91' title='bbox 831 1118 1012 1152; x_wconf 87' lang='lat' dir='ltr'>honestati</span> <span class='ocrx_word' id='word_1_92' title='bbox 1038 1125 1119 1152; x_wconf 85' lang='lat' dir='ltr'>octo</span> <span class='ocrx_word' id='word_1_93' title='bbox 1141 1131 1184 1152; x_wconf 88' lang='lat' dir='ltr'>ex</span> <span class='ocrx_word' id='word_1_94' title='bbox 1207 1118 1313 1152; x_wconf 86' lang='lat' dir='ltr'>vobis</span> <span class='ocrx_word' id='word_1_95' title='bbox 1333 1120 1476 1164; x_wconf 89' lang='lat' dir='ltr'>juratos</span> <span class='ocrx_word' id='word_1_96' title='bbox 1497 1120 1540 1153; x_wconf 88' lang='lat' dir='ltr'>ad</span> <span class='ocrx_word' id='word_1_97' title='bbox 1563 1119 1631 1153; x_wconf 90' lang='lat' dir='ltr'>hoc</span> <span class='ocrx_word' id='word_1_98' title='bbox 1654 1120 1872 1153; x_wconf 86' lang='lat' dir='ltr'>unanimiter</span> <span class='ocrx_word' id='word_1_99' title='bbox 1892 1120 2070 1166; x_wconf 86' lang='lat' dir='ltr'>elegistis,</span> <span class='ocrx_word' id='word_1_100' title='bbox 2094 1127 2134 1154; x_wconf 85' lang='lat' dir='ltr'>ut</span> 
     </span>
     <span class='ocr_line' id='line_1_12' title="bbox 252 1185 2134 1232; baseline 0 -12"><span class='ocrx_word' id='word_1_101' title='bbox 252 1198 365 1232; x_wconf 89' lang='lat' dir='ltr'>super</span> <span class='ocrx_word' id='word_1_102' title='bbox 394 1186 501 1220; x_wconf 87' lang='lat' dir='ltr'>dictis</span> <span class='ocrx_word' id='word_1_103' title='bbox 534 1185 698 1219; x_wconf 77' lang='lat' dir='ltr'>articulis</span> <span class='ocrx_word' id='word_1_104' title='bbox 727 1185 773 1218; x_wconf 90' lang='lat' dir='ltr'>de</span> <span class='ocrx_word' id='word_1_105' title='bbox 802 1185 1021 1231; x_wconf 79' lang='lat' dir='ltr'>prudentum</span> <span class='ocrx_word' id='word_1_106' title='bbox 1052 1185 1213 1219; x_wconf 90' lang='lat' dir='ltr'>virorum</span> <span class='ocrx_word' id='word_1_107' title='bbox 1243 1185 1399 1219; x_wconf 90' lang='lat' dir='ltr'>consilio</span> <span class='ocrx_word' id='word_1_108' title='bbox 1434 1185 1527 1219; x_wconf 90' lang='lat' dir='ltr'>bona</span> <span class='ocrx_word' id='word_1_109' title='bbox 1562 1186 1632 1220; x_wconf 85' lang='lat' dir='ltr'>fide</span> <span class='ocrx_word' id='word_1_110' title='bbox 1667 1194 1880 1226; x_wconf 79' lang='lat' dir='ltr'>statuerent,</span> <span class='ocrx_word' id='word_1_111' title='bbox 1912 1188 2009 1232; x_wconf 90' lang='lat' dir='ltr'>quod</span> <span class='ocrx_word' id='word_1_112' title='bbox 2040 1188 2134 1220; x_wconf 88' lang='lat' dir='ltr'>soret</span> 
     </span>
     <span class='ocr_line' id='line_1_13' title="bbox 253 1251 2132 1300; baseline 0 -14"><span class='ocrx_word' id='word_1_113' title='bbox 253 1253 453 1299; x_wconf 87' lang='lat' dir='ltr'>expediens</span> <span class='ocrx_word' id='word_1_114' title='bbox 486 1259 524 1286; x_wconf 87' lang='lat' dir='ltr'>et</span> <span class='ocrx_word' id='word_1_115' title='bbox 556 1252 749 1286; x_wconf 90' lang='lat' dir='ltr'>honestum</span> <span class='ocrx_word' id='word_1_116' title='bbox 785 1252 831 1286; x_wconf 89' lang='lat' dir='ltr'>ad</span> <span class='ocrx_word' id='word_1_117' title='bbox 864 1251 955 1285; x_wconf 91' lang='lat' dir='ltr'>illud</span> <span class='ocrx_word' id='word_1_118' title='bbox 989 1252 1225 1298; x_wconf 82' lang='lat' dir='ltr'>imposterum</span> <span class='ocrx_word' id='word_1_119' title='bbox 1262 1252 1531 1286; x_wconf 83' lang='lat' dir='ltr'>observandum</span> <span class='ocrx_word' id='word_1_120' title='bbox 1570 1266 1635 1286; x_wconf 78' lang='lat' dir='ltr'>vos</span> <span class='ocrx_word' id='word_1_121' title='bbox 1668 1254 1876 1299; x_wconf 90' lang='lat' dir='ltr'>juramento</span> <span class='ocrx_word' id='word_1_122' title='bbox 1916 1254 2132 1300; x_wconf 89' lang='lat' dir='ltr'>interposito</span> 
     </span>
     <span class='ocr_line' id='line_1_14' title="bbox 253 1318 2134 1365; baseline 0.001 -12"><span class='ocrx_word' id='word_1_123' title='bbox 253 1319 496 1354; x_wconf 91' lang='lat' dir='ltr'>communiter</span> <span class='ocrx_word' id='word_1_124' title='bbox 514 1319 771 1364; x_wconf 86' lang='lat' dir='ltr'>astringendo,</span> <span class='ocrx_word' id='word_1_125' title='bbox 797 1325 948 1364; x_wconf 86' lang='lat' dir='ltr'>excepto</span> <span class='ocrx_word' id='word_1_126' title='bbox 975 1318 1158 1352; x_wconf 86' lang='lat' dir='ltr'>dumtaxat</span> <span class='ocrx_word' id='word_1_127' title='bbox 1182 1319 1356 1364; x_wconf 86' lang='lat' dir='ltr'>magistro</span> <span class='ocrx_word' id='word_1_128' title='bbox 1377 1320 1436 1360; x_wconf 59' lang='lat' dir='ltr'>G„</span> <span class='ocrx_word' id='word_1_129' title='bbox 1460 1320 1522 1365; x_wconf 91' lang='lat' dir='ltr'>qni</span> <span class='ocrx_word' id='word_1_130' title='bbox 1542 1321 1667 1364; x_wconf 86' lang='lat' dir='ltr'>jurare</span> <span class='ocrx_word' id='word_1_131' title='bbox 1694 1332 1853 1354; x_wconf 88' lang='lat' dir='ltr'>renuens</span> <span class='ocrx_word' id='word_1_132' title='bbox 1878 1327 1914 1354; x_wconf 83' lang='lat' dir='ltr'>et</span> <span class='ocrx_word' id='word_1_133' title='bbox 1933 1321 2134 1354; x_wconf 83' lang='lat' dir='ltr'>formidans</span> 
     </span>
     <span class='ocr_line' id='line_1_15' title="bbox 253 1385 2134 1432; baseline 0 -12"><span class='ocrx_word' id='word_1_134' title='bbox 253 1386 521 1432; x_wconf 84' lang='lat' dir='ltr'>fidejussoriam</span> <span class='ocrx_word' id='word_1_135' title='bbox 557 1397 623 1431; x_wconf 91' lang='lat' dir='ltr'>pro</span> <span class='ocrx_word' id='word_1_136' title='bbox 658 1397 697 1418; x_wconf 90' lang='lat' dir='ltr'>se</span> <span class='ocrx_word' id='word_1_137' title='bbox 732 1392 867 1418; x_wconf 89' lang='lat' dir='ltr'>tantum</span> <span class='ocrx_word' id='word_1_138' title='bbox 904 1385 1036 1430; x_wconf 83' lang='lat' dir='ltr'>optulit</span> <span class='ocrx_word' id='word_1_139' title='bbox 1059 1386 1277 1418; x_wconf 84' lang='lat' dir='ltr'>cautionem.</span> <span class='ocrx_word' id='word_1_140' title='bbox 1311 1386 1392 1419; x_wconf 85' lang='lat' dir='ltr'>Fuit</span> <span class='ocrx_word' id='word_1_141' title='bbox 1421 1387 1572 1431; x_wconf 85' lang='lat' dir='ltr'>insuper</span> <span class='ocrx_word' id='word_1_142' title='bbox 1605 1387 1649 1420; x_wconf 88' lang='lat' dir='ltr'>ad</span> <span class='ocrx_word' id='word_1_143' title='bbox 1683 1387 1857 1420; x_wconf 83' lang='lat' dir='ltr'>cautelam</span> <span class='ocrx_word' id='word_1_144' title='bbox 1884 1400 1903 1420; x_wconf 93' lang='lat' dir='ltr'>a</span> <span class='ocrx_word' id='word_1_145' title='bbox 1927 1387 2032 1421; x_wconf 82' lang='lat' dir='ltr'>vobis</span> <span class='ocrx_word' id='word_1_146' title='bbox 2063 1388 2134 1421; x_wconf 88' lang='lat' dir='ltr'>fide</span> 
     </span>
     <span class='ocr_line' id='line_1_16' title="bbox 254 1452 2135 1499; baseline 0 -12"><span class='ocrx_word' id='word_1_147' title='bbox 254 1453 403 1499; x_wconf 88' lang='lat' dir='ltr'>prestita</span> <span class='ocrx_word' id='word_1_148' title='bbox 430 1452 598 1499; x_wconf 90' lang='lat' dir='ltr'>protinus</span> <span class='ocrx_word' id='word_1_149' title='bbox 624 1452 874 1493; x_wconf 89' lang='lat' dir='ltr'>constitutum,</span> <span class='ocrx_word' id='word_1_150' title='bbox 898 1458 937 1485; x_wconf 88' lang='lat' dir='ltr'>ut</span> <span class='ocrx_word' id='word_1_151' title='bbox 963 1452 994 1485; x_wconf 87' lang='lat' dir='ltr'>si</span> <span class='ocrx_word' id='word_1_152' title='bbox 1021 1452 1212 1497; x_wconf 91' lang='lat' dir='ltr'>quisquam</span> <span class='ocrx_word' id='word_1_153' title='bbox 1242 1453 1497 1498; x_wconf 84' lang='lat' dir='ltr'>magistrorum</span> <span class='ocrx_word' id='word_1_154' title='bbox 1525 1453 1701 1487; x_wconf 87' lang='lat' dir='ltr'>adversus</span> <span class='ocrx_word' id='word_1_155' title='bbox 1728 1454 1819 1487; x_wconf 87' lang='lat' dir='ltr'>alios</span> <span class='ocrx_word' id='word_1_156' title='bbox 1847 1454 1997 1487; x_wconf 87' lang='lat' dir='ltr'>duceret</span> <span class='ocrx_word' id='word_1_157' title='bbox 2025 1455 2135 1487; x_wconf 89' lang='lat' dir='ltr'>resis-</span> 
     </span>
     <span class='ocr_line' id='line_1_17' title="bbox 254 1518 2136 1566; baseline 0.001 -13"><span class='ocrx_word' id='word_1_158' title='bbox 254 1520 403 1554; x_wconf 86' lang='lat' dir='ltr'>tendum</span> <span class='ocrx_word' id='word_1_159' title='bbox 434 1525 470 1553; x_wconf 88' lang='lat' dir='ltr'>et</span> <span class='ocrx_word' id='word_1_160' title='bbox 498 1519 629 1565; x_wconf 89' lang='lat' dir='ltr'>primo,</span> <span class='ocrx_word' id='word_1_161' title='bbox 665 1519 828 1552; x_wconf 87' lang='lat' dir='ltr'>secundo</span> <span class='ocrx_word' id='word_1_162' title='bbox 862 1518 1015 1552; x_wconf 90' lang='lat' dir='ltr'>tertiove</span> <span class='ocrx_word' id='word_1_163' title='bbox 1045 1519 1290 1552; x_wconf 88' lang='lat' dir='ltr'>commonitus</span> <span class='ocrx_word' id='word_1_164' title='bbox 1322 1518 1414 1552; x_wconf 86' lang='lat' dir='ltr'>infra</span> <span class='ocrx_word' id='word_1_165' title='bbox 1445 1519 1603 1552; x_wconf 90' lang='lat' dir='ltr'>triduum</span> <span class='ocrx_word' id='word_1_166' title='bbox 1634 1520 1862 1554; x_wconf 84' lang='lat' dir='ltr'>universitati</span> <span class='ocrx_word' id='word_1_167' title='bbox 1893 1533 2019 1566; x_wconf 90' lang='lat' dir='ltr'>parere</span> <span class='ocrx_word' id='word_1_168' title='bbox 2049 1528 2136 1554; x_wconf 85' lang='lat' dir='ltr'>con-</span> 
     </span>
     <span class='ocr_line' id='line_1_18' title="bbox 255 1584 2138 1632; baseline -0.001 -11"><span class='ocrx_word' id='word_1_169' title='bbox 255 1592 459 1632; x_wconf 84' lang='lat' dir='ltr'>tempneret</span> <span class='ocrx_word' id='word_1_170' title='bbox 482 1585 753 1632; x_wconf 87' lang='lat' dir='ltr'>magistrorum,</span> <span class='ocrx_word' id='word_1_171' title='bbox 780 1597 824 1618; x_wconf 87' lang='lat' dir='ltr'>ex</span> <span class='ocrx_word' id='word_1_172' title='bbox 851 1592 936 1618; x_wconf 87' lang='lat' dir='ltr'>tunc</span> <span class='ocrx_word' id='word_1_173' title='bbox 962 1584 1142 1619; x_wconf 82' lang='lat' dir='ltr'>beneficio</span> <span class='ocrx_word' id='word_1_174' title='bbox 1167 1586 1352 1619; x_wconf 88' lang='lat' dir='ltr'>societatis</span> <span class='ocrx_word' id='word_1_175' title='bbox 1379 1598 1505 1619; x_wconf 89' lang='lat' dir='ltr'>eorum</span> <span class='ocrx_word' id='word_1_176' title='bbox 1528 1587 1563 1619; x_wconf 93' lang='lat' dir='ltr'>in</span> <span class='ocrx_word' id='word_1_177' title='bbox 1586 1587 1857 1632; x_wconf 85' lang='lat' dir='ltr'>magistralibus</span> <span class='ocrx_word' id='word_1_178' title='bbox 1879 1588 2082 1632; x_wconf 84' lang='lat' dir='ltr'>privaretur</span> <span class='ocrx_word' id='word_1_179' title='bbox 2102 1595 2138 1621; x_wconf 90' lang='lat' dir='ltr'>et</span> 
     </span>
     <span class='ocr_line' id='line_1_19' title="bbox 255 1651 2137 1699; baseline 0.001 -13"><span class='ocrx_word' id='word_1_180' title='bbox 255 1653 403 1699; x_wconf 89' lang='lat' dir='ltr'>quidem</span> <span class='ocrx_word' id='word_1_181' title='bbox 433 1652 502 1686; x_wconf 88' lang='lat' dir='ltr'>hoc</span> <span class='ocrx_word' id='word_1_182' title='bbox 531 1652 698 1686; x_wconf 90' lang='lat' dir='ltr'>ultimum</span> <span class='ocrx_word' id='word_1_183' title='bbox 726 1652 871 1697; x_wconf 90' lang='lat' dir='ltr'>quidam</span> <span class='ocrx_word' id='word_1_184' title='bbox 903 1664 946 1685; x_wconf 90' lang='lat' dir='ltr'>ex</span> <span class='ocrx_word' id='word_1_185' title='bbox 972 1651 1078 1685; x_wconf 89' lang='lat' dir='ltr'>vobis</span> <span class='ocrx_word' id='word_1_186' title='bbox 1103 1652 1330 1698; x_wconf 88' lang='lat' dir='ltr'>simpliciter,</span> <span class='ocrx_word' id='word_1_187' title='bbox 1354 1652 1499 1698; x_wconf 90' lang='lat' dir='ltr'>quidam</span> <span class='ocrx_word' id='word_1_188' title='bbox 1526 1665 1612 1687; x_wconf 88' lang='lat' dir='ltr'>vero</span> <span class='ocrx_word' id='word_1_189' title='bbox 1639 1654 1710 1686; x_wconf 91' lang='lat' dir='ltr'>nisi</span> <span class='ocrx_word' id='word_1_190' title='bbox 1731 1654 1968 1695; x_wconf 76' lang='lat' dir='ltr'>satisfaceret,</span> <span class='ocrx_word' id='word_1_191' title='bbox 1991 1661 2027 1687; x_wconf 88' lang='lat' dir='ltr'>et</span> <span class='ocrx_word' id='word_1_192' title='bbox 2047 1666 2137 1687; x_wconf 86' lang='lat' dir='ltr'>non-</span> 
     </span>
     <span class='ocr_line' id='line_1_20' title="bbox 257 1718 2139 1767; baseline 0.001 -14"><span class='ocrx_word' id='word_1_193' title='bbox 257 1719 350 1754; x_wconf 90' lang='lat' dir='ltr'>nulli</span> <span class='ocrx_word' id='word_1_194' title='bbox 369 1719 440 1753; x_wconf 91' lang='lat' dir='ltr'>nisi</span> <span class='ocrx_word' id='word_1_195' title='bbox 467 1731 533 1766; x_wconf 88' lang='lat' dir='ltr'>per</span> <span class='ocrx_word' id='word_1_196' title='bbox 556 1731 624 1753; x_wconf 88' lang='lat' dir='ltr'>nos</span> <span class='ocrx_word' id='word_1_197' title='bbox 645 1731 684 1752; x_wconf 91' lang='lat' dir='ltr'>se</span> <span class='ocrx_word' id='word_1_198' title='bbox 705 1718 844 1752; x_wconf 90' lang='lat' dir='ltr'>admitti</span> <span class='ocrx_word' id='word_1_199' title='bbox 864 1718 909 1752; x_wconf 89' lang='lat' dir='ltr'>ab</span> <span class='ocrx_word' id='word_1_200' title='bbox 929 1718 1010 1752; x_wconf 90' lang='lat' dir='ltr'>aliis</span> <span class='ocrx_word' id='word_1_201' title='bbox 1035 1719 1218 1764; x_wconf 87' lang='lat' dir='ltr'>optineret</span> <span class='ocrx_word' id='word_1_202' title='bbox 1242 1731 1281 1753; x_wconf 89' lang='lat' dir='ltr'>se</span> <span class='ocrx_word' id='word_1_203' title='bbox 1306 1719 1532 1754; x_wconf 87' lang='lat' dir='ltr'>intellexisse</span> <span class='ocrx_word' id='word_1_204' title='bbox 1558 1721 1727 1754; x_wconf 84' lang='lat' dir='ltr'>fatentur.</span> <span class='ocrx_word' id='word_1_205' title='bbox 1754 1721 1845 1755; x_wconf 89' lang='lat' dir='ltr'>Cum</span> <span class='ocrx_word' id='word_1_206' title='bbox 1867 1727 1986 1754; x_wconf 89' lang='lat' dir='ltr'>autem</span> <span class='ocrx_word' id='word_1_207' title='bbox 2012 1733 2139 1767; x_wconf 89' lang='lat' dir='ltr'>snpra-</span> 
     </span>
     <span class='ocr_line' id='line_1_21' title="bbox 257 1785 2136 1832; baseline 0 -12"><span class='ocrx_word' id='word_1_208' title='bbox 257 1787 377 1820; x_wconf 88' lang='lat' dir='ltr'>dictus</span> <span class='ocrx_word' id='word_1_209' title='bbox 411 1786 585 1832; x_wconf 88' lang='lat' dir='ltr'>magister</span> <span class='ocrx_word' id='word_1_210' title='bbox 613 1786 658 1820; x_wconf 91' lang='lat' dir='ltr'>G.</span> <span class='ocrx_word' id='word_1_211' title='bbox 690 1786 782 1819; x_wconf 80' lang='lat' dir='ltr'>infra</span> <span class='ocrx_word' id='word_1_212' title='bbox 816 1785 975 1819; x_wconf 86' lang='lat' dir='ltr'>triduum</span> <span class='ocrx_word' id='word_1_213' title='bbox 1011 1786 1239 1819; x_wconf 88' lang='lat' dir='ltr'>universitati</span> <span class='ocrx_word' id='word_1_214' title='bbox 1269 1798 1342 1819; x_wconf 92' lang='grc' dir='ltr'>ηοη</span> <span class='ocrx_word' id='word_1_215' title='bbox 1370 1787 1542 1832; x_wconf 90' lang='lat' dir='ltr'>paruerit,</span> <span class='ocrx_word' id='word_1_216' title='bbox 1575 1787 1774 1832; x_wconf 89' lang='lat' dir='ltr'>requisitus</span> <span class='ocrx_word' id='word_1_217' title='bbox 1799 1788 1900 1832; x_wconf 87' lang='lat' dir='ltr'>juxta</span> <span class='ocrx_word' id='word_1_218' title='bbox 1930 1788 2136 1821; x_wconf 86' lang='lat' dir='ltr'>condictum</span> 
     </span>
     <span class='ocr_line' id='line_1_22' title="bbox 256 1852 2139 1900; baseline 0.001 -13"><span class='ocrx_word' id='word_1_219' title='bbox 256 1859 430 1895; x_wconf 89' lang='lat' dir='ltr'>vestrum,</span> <span class='ocrx_word' id='word_1_220' title='bbox 462 1864 506 1886; x_wconf 89' lang='lat' dir='ltr'>ex</span> <span class='ocrx_word' id='word_1_221' title='bbox 533 1859 617 1886; x_wconf 89' lang='lat' dir='ltr'>tunc</span> <span class='ocrx_word' id='word_1_222' title='bbox 641 1865 659 1886; x_wconf 92' lang='lat' dir='ltr'>a</span> <span class='ocrx_word' id='word_1_223' title='bbox 684 1852 790 1886; x_wconf 84' lang='lat' dir='ltr'>vobis</span> <span class='ocrx_word' id='word_1_224' title='bbox 818 1852 963 1886; x_wconf 90' lang='lat' dir='ltr'>habitus</span> <span class='ocrx_word' id='word_1_225' title='bbox 994 1859 1050 1886; x_wconf 88' lang='lat' dir='ltr'>est</span> <span class='ocrx_word' id='word_1_226' title='bbox 1076 1852 1260 1894; x_wconf 86' lang='lat' dir='ltr'>exclusus,</span> <span class='ocrx_word' id='word_1_227' title='bbox 1287 1854 1349 1898; x_wconf 92' lang='lat' dir='ltr'>qui</span> <span class='ocrx_word' id='word_1_228' title='bbox 1379 1865 1459 1886; x_wconf 89' lang='lat' dir='ltr'>eum</span> <span class='ocrx_word' id='word_1_229' title='bbox 1488 1853 1725 1887; x_wconf 80' lang='lat' dir='ltr'>satisfactioni</span> <span class='ocrx_word' id='word_1_230' title='bbox 1755 1854 1939 1900; x_wconf 84' lang='lat' dir='ltr'>condigne</span> <span class='ocrx_word' id='word_1_231' title='bbox 1970 1867 2008 1887; x_wconf 83' lang='lat' dir='ltr'>se</span> <span class='ocrx_word' id='word_1_232' title='bbox 2040 1861 2139 1900; x_wconf 89' lang='lat' dir='ltr'>post—</span> 
     </span>
     <span class='ocr_line' id='line_1_23' title="bbox 257 1918 2137 1966; baseline 0.001 -14"><span class='ocrx_word' id='word_1_233' title='bbox 257 1919 406 1953; x_wconf 90' lang='lat' dir='ltr'>modum</span> <span class='ocrx_word' id='word_1_234' title='bbox 430 1918 637 1965; x_wconf 76' lang='lat' dir='ltr'>optulisset,</span> <span class='ocrx_word' id='word_1_235' title='bbox 659 1919 696 1952; x_wconf 93' lang='lat' dir='ltr'>in</span> <span class='ocrx_word' id='word_1_236' title='bbox 722 1926 877 1964; x_wconf 86' lang='lat' dir='ltr'>quatuor</span> <span class='ocrx_word' id='word_1_237' title='bbox 897 1926 1056 1952; x_wconf 88' lang='lat' dir='ltr'>vestrum</span> <span class='ocrx_word' id='word_1_238' title='bbox 1074 1920 1282 1964; x_wconf 88' lang='lat' dir='ltr'>juramento</span> <span class='ocrx_word' id='word_1_239' title='bbox 1308 1920 1525 1966; x_wconf 85' lang='lat' dir='ltr'>interposito</span> <span class='ocrx_word' id='word_1_240' title='bbox 1554 1921 1806 1966; x_wconf 86' lang='lat' dir='ltr'>compromisit</span> <span class='ocrx_word' id='word_1_241' title='bbox 1831 1921 1976 1954; x_wconf 89' lang='lat' dir='ltr'>illorum</span> <span class='ocrx_word' id='word_1_242' title='bbox 2003 1922 2137 1955; x_wconf 89' lang='lat' dir='ltr'>dietum</span> 
     </span>
     <span class='ocr_line' id='line_1_24' title="bbox 258 1979 2137 2034; baseline 0.001 -14"><span class='ocrx_word' id='word_1_243' title='bbox 258 1979 324 2032; x_wconf 82' lang='lat' dir='ltr'>pro</span> <span class='ocrx_word' id='word_1_244' title='bbox 353 1985 451 2020; x_wconf 91' lang='lat' dir='ltr'>bono</span> <span class='ocrx_word' id='word_1_245' title='bbox 481 1986 580 2032; x_wconf 89' lang='lat' dir='ltr'>pacis</span> <span class='ocrx_word' id='word_1_246' title='bbox 609 1998 650 2020; x_wconf 87' lang='lat' dir='ltr'>se</span> <span class='ocrx_word' id='word_1_247' title='bbox 677 1993 818 2032; x_wconf 85' lang='lat' dir='ltr'>gratum</span> <span class='ocrx_word' id='word_1_248' title='bbox 849 1993 886 2019; x_wconf 89' lang='lat' dir='ltr'>et</span> <span class='ocrx_word' id='word_1_249' title='bbox 915 1993 1029 2019; x_wconf 89' lang='lat' dir='ltr'>ratum</span> <span class='ocrx_word' id='word_1_250' title='bbox 1060 1986 1195 2032; x_wconf 88' lang='lat' dir='ltr'>pariter</span> <span class='ocrx_word' id='word_1_251' title='bbox 1224 1986 1444 2020; x_wconf 87' lang='lat' dir='ltr'>habiturum.</span> <span class='ocrx_word' id='word_1_252' title='bbox 1474 1987 1531 2020; x_wconf 89' lang='lat' dir='ltr'>Illi</span> <span class='ocrx_word' id='word_1_253' title='bbox 1557 2000 1643 2021; x_wconf 87' lang='lat' dir='ltr'>vero</span> <span class='ocrx_word' id='word_1_254' title='bbox 1670 1988 1727 2021; x_wconf 91' lang='lat' dir='ltr'>usi</span> <span class='ocrx_word' id='word_1_255' title='bbox 1753 1988 1908 2021; x_wconf 87' lang='lat' dir='ltr'>consilio</span> <span class='ocrx_word' id='word_1_256' title='bbox 1935 1989 2137 2034; x_wconf 89' lang='lat' dir='ltr'>sapientum</span> 
     </span>
     <span class='ocr_line' id='line_1_25' title="bbox 258 2052 2139 2100; baseline 0.001 -14"><span class='ocrx_word' id='word_1_257' title='bbox 258 2052 394 2086; x_wconf 87' lang='lat' dir='ltr'>dictum</span> <span class='ocrx_word' id='word_1_258' title='bbox 419 2064 525 2086; x_wconf 83' lang='lat' dir='ltr'>suum</span> <span class='ocrx_word' id='word_1_259' title='bbox 551 2053 794 2086; x_wconf 82' lang='lat' dir='ltr'>communiter</span> <span class='ocrx_word' id='word_1_260' title='bbox 820 2053 1111 2098; x_wconf 80' lang='lat' dir='ltr'>promulgarunt,</span> <span class='ocrx_word' id='word_1_261' title='bbox 1138 2060 1337 2087; x_wconf 89' lang='lat' dir='ltr'>memorato</span> <span class='ocrx_word' id='word_1_262' title='bbox 1364 2054 1538 2100; x_wconf 85' lang='lat' dir='ltr'>magistro</span> <span class='ocrx_word' id='word_1_263' title='bbox 1565 2055 1600 2087; x_wconf 91' lang='lat' dir='ltr'>in</span> <span class='ocrx_word' id='word_1_264' title='bbox 1622 2054 1754 2088; x_wconf 84' lang='lat' dir='ltr'>virtute</span> <span class='ocrx_word' id='word_1_265' title='bbox 1776 2055 1974 2100; x_wconf 85' lang='lat' dir='ltr'>juramenti</span> <span class='ocrx_word' id='word_1_266' title='bbox 1998 2055 2139 2100; x_wconf 91' lang='lat' dir='ltr'>prestiti</span> 
     </span>
     <span class='ocr_line' id='line_1_26' title="bbox 258 2118 2140 2167; baseline 0.002 -15"><span class='ocrx_word' id='word_1_267' title='bbox 258 2118 511 2165; x_wconf 78' lang='lat' dir='ltr'>prohibentes,</span> <span class='ocrx_word' id='word_1_268' title='bbox 545 2131 591 2152; x_wconf 90' lang='lat' dir='ltr'>ne</span> <span class='ocrx_word' id='word_1_269' title='bbox 625 2119 800 2165; x_wconf 86' lang='lat' dir='ltr'>deinceps</span> <span class='ocrx_word' id='word_1_270' title='bbox 835 2119 871 2152; x_wconf 92' lang='lat' dir='ltr'>in</span> <span class='ocrx_word' id='word_1_271' title='bbox 906 2119 1015 2152; x_wconf 88' lang='lat' dir='ltr'>licitis</span> <span class='ocrx_word' id='word_1_272' title='bbox 1050 2119 1277 2153; x_wconf 86' lang='lat' dir='ltr'>universitati</span> <span class='ocrx_word' id='word_1_273' title='bbox 1318 2121 1507 2154; x_wconf 81' lang='lat' dir='ltr'>resisteret</span> <span class='ocrx_word' id='word_1_274' title='bbox 1544 2121 1800 2167; x_wconf 88' lang='lat' dir='ltr'>magistrorum</span> <span class='ocrx_word' id='word_1_275' title='bbox 1836 2129 1872 2155; x_wconf 91' lang='lat' dir='ltr'>et</span> <span class='ocrx_word' id='word_1_276' title='bbox 1906 2122 2140 2167; x_wconf 85' lang='lat' dir='ltr'>injungentes</span> 
     </span>
     <span class='ocr_line' id='line_1_27' title="bbox 259 2185 2139 2234; baseline 0.002 -16"><span class='ocrx_word' id='word_1_277' title='bbox 259 2185 391 2228; x_wconf 84' lang='lat' dir='ltr'>eidem,</span> <span class='ocrx_word' id='word_1_278' title='bbox 418 2191 458 2219; x_wconf 88' lang='lat' dir='ltr'>ut</span> <span class='ocrx_word' id='word_1_279' title='bbox 487 2185 611 2219; x_wconf 88' lang='lat' dir='ltr'>tandiu</span> <span class='ocrx_word' id='word_1_280' title='bbox 637 2186 675 2219; x_wconf 90' lang='lat' dir='ltr'>in</span> <span class='ocrx_word' id='word_1_281' title='bbox 702 2197 746 2219; x_wconf 89' lang='lat' dir='ltr'>eo</span> <span class='ocrx_word' id='word_1_282' title='bbox 775 2192 870 2219; x_wconf 84' lang='lat' dir='ltr'>statu</span> <span class='ocrx_word' id='word_1_283' title='bbox 900 2186 1126 2231; x_wconf 84' lang='lat' dir='ltr'>persisteret,</span> <span class='ocrx_word' id='word_1_284' title='bbox 1155 2198 1228 2232; x_wconf 92' lang='lat' dir='ltr'>quo</span> <span class='ocrx_word' id='word_1_285' title='bbox 1258 2193 1343 2220; x_wconf 88' lang='lat' dir='ltr'>tunc</span> <span class='ocrx_word' id='word_1_286' title='bbox 1371 2194 1459 2229; x_wconf 67' lang='lat' dir='ltr'>erat,</span> <span class='ocrx_word' id='word_1_287' title='bbox 1488 2188 1604 2221; x_wconf 90' lang='lat' dir='ltr'>donec</span> <span class='ocrx_word' id='word_1_288' title='bbox 1636 2200 1700 2234; x_wconf 88' lang='lat' dir='ltr'>per</span> <span class='ocrx_word' id='word_1_289' title='bbox 1725 2201 1764 2221; x_wconf 88' lang='lat' dir='ltr'>se</span> <span class='ocrx_word' id='word_1_290' title='bbox 1784 2188 1842 2222; x_wconf 81' lang='lat' dir='ltr'>vel</span> <span class='ocrx_word' id='word_1_291' title='bbox 1868 2195 2139 2234; x_wconf 81' lang='lat' dir='ltr'>procuratorem</span> 
     </span>
     <span class='ocr_line' id='line_1_28' title="bbox 259 2251 2140 2300; baseline 0.001 -15"><span class='ocrx_word' id='word_1_292' title='bbox 259 2263 365 2285; x_wconf 85' lang='lat' dir='ltr'>suum</span> <span class='ocrx_word' id='word_1_293' title='bbox 400 2263 440 2286; x_wconf 87' lang='lat' dir='ltr'>se</span> <span class='ocrx_word' id='word_1_294' title='bbox 474 2263 584 2298; x_wconf 85' lang='lat' dir='ltr'>posse</span> <span class='ocrx_word' id='word_1_295' title='bbox 617 2251 662 2285; x_wconf 92' lang='lat' dir='ltr'>ab</span> <span class='ocrx_word' id='word_1_296' title='bbox 696 2252 996 2298; x_wconf 76' lang='lat' dir='ltr'>aliis&#39;magistris</span> <span class='ocrx_word' id='word_1_297' title='bbox 1030 2253 1170 2286; x_wconf 87' lang='lat' dir='ltr'>admitti</span> <span class='ocrx_word' id='word_1_298' title='bbox 1204 2266 1269 2299; x_wconf 89' lang='lat' dir='ltr'>per</span> <span class='ocrx_word' id='word_1_299' title='bbox 1303 2253 1428 2287; x_wconf 90' lang='lat' dir='ltr'>sedem</span> <span class='ocrx_word' id='word_1_300' title='bbox 1462 2254 1698 2300; x_wconf 86' lang='lat' dir='ltr'>apostolicam</span> <span class='ocrx_word' id='word_1_301' title='bbox 1737 2255 1937 2300; x_wconf 87' lang='lat' dir='ltr'>optineret,</span> <span class='ocrx_word' id='word_1_302' title='bbox 1973 2255 2070 2289; x_wconf 83' lang='lat' dir='ltr'>salva</span> <span class='ocrx_word' id='word_1_303' title='bbox 2104 2255 2140 2288; x_wconf 90' lang='lat' dir='ltr'>in</span> 
     </span>
     <span class='ocr_line' id='line_1_29' title="bbox 260 2317 2140 2367; baseline 0.002 -16"><span class='ocrx_word' id='word_1_304' title='bbox 260 2317 430 2352; x_wconf 87' lang='lat' dir='ltr'>omnibus</span> <span class='ocrx_word' id='word_1_305' title='bbox 450 2317 652 2352; x_wconf 85' lang='lat' dir='ltr'>honestate.</span> <span class='ocrx_word' id='word_1_306' title='bbox 676 2319 780 2352; x_wconf 89' lang='lat' dir='ltr'>Unde</span> <span class='ocrx_word' id='word_1_307' title='bbox 802 2319 910 2352; x_wconf 88' lang='lat' dir='ltr'>nobis</span> <span class='ocrx_word' id='word_1_308' title='bbox 930 2319 1116 2353; x_wconf 89' lang='lat' dir='ltr'>humiliter</span> <span class='ocrx_word' id='word_1_309' title='bbox 1136 2320 1383 2366; x_wconf 86' lang='lat' dir='ltr'>supplicastis,</span> <span class='ocrx_word' id='word_1_310' title='bbox 1407 2327 1445 2354; x_wconf 90' lang='lat' dir='ltr'>ut</span> <span class='ocrx_word' id='word_1_311' title='bbox 1464 2321 1620 2354; x_wconf 83' lang='lat' dir='ltr'>eundem</span> <span class='ocrx_word' id='word_1_312' title='bbox 1643 2322 1855 2366; x_wconf 85' lang='lat' dir='ltr'>magistrum</span> <span class='ocrx_word' id='word_1_313' title='bbox 1878 2322 1993 2355; x_wconf 83' lang='lat' dir='ltr'>virum</span> <span class='ocrx_word' id='word_1_314' title='bbox 2016 2322 2140 2367; x_wconf 86' lang='lat' dir='ltr'>utique</span> 
     </span>
     <span class='ocr_line' id='line_1_30' title="bbox 260 2384 2141 2433; baseline 0.002 -15"><span class='ocrx_word' id='word_1_315' title='bbox 260 2385 451 2431; x_wconf 87' lang='lat' dir='ltr'>providum</span> <span class='ocrx_word' id='word_1_316' title='bbox 473 2391 510 2418; x_wconf 90' lang='lat' dir='ltr'>et</span> <span class='ocrx_word' id='word_1_317' title='bbox 533 2384 740 2427; x_wconf 87' lang='lat' dir='ltr'>honestum,</span> <span class='ocrx_word' id='word_1_318' title='bbox 762 2386 825 2431; x_wconf 90' lang='lat' dir='ltr'>qui</span> <span class='ocrx_word' id='word_1_319' title='bbox 851 2392 1030 2432; x_wconf 86' lang='lat' dir='ltr'>tamquam</span> <span class='ocrx_word' id='word_1_320' title='bbox 1055 2386 1265 2420; x_wconf 88' lang='lat' dir='ltr'>obedientie</span> <span class='ocrx_word' id='word_1_321' title='bbox 1291 2387 1389 2421; x_wconf 81' lang='lat' dir='ltr'>fitius</span> <span class='ocrx_word' id='word_1_322' title='bbox 1410 2388 1508 2433; x_wconf 88' lang='lat' dir='ltr'>quod</span> <span class='ocrx_word' id='word_1_323' title='bbox 1533 2387 1603 2421; x_wconf 87' lang='lat' dir='ltr'>sibi</span> <span class='ocrx_word' id='word_1_324' title='bbox 1626 2389 1779 2433; x_wconf 87' lang='lat' dir='ltr'>predicti</span> <span class='ocrx_word' id='word_1_325' title='bbox 1800 2395 1955 2433; x_wconf 87' lang='lat' dir='ltr'>quatuor</span> <span class='ocrx_word' id='word_1_326' title='bbox 1975 2388 2141 2433; x_wconf 82' lang='lat' dir='ltr'>injunxe-</span> 
     </span>
     <span class='ocr_line' id='line_1_31' title="bbox 260 2451 2140 2500; baseline 0.002 -15"><span class='ocrx_word' id='word_1_327' title='bbox 260 2458 346 2486; x_wconf 88' lang='lat' dir='ltr'>runt</span> <span class='ocrx_word' id='word_1_328' title='bbox 364 2452 527 2497; x_wconf 87' lang='lat' dir='ltr'>suscepit</span> <span class='ocrx_word' id='word_1_329' title='bbox 549 2451 736 2486; x_wconf 89' lang='lat' dir='ltr'>humiliter</span> <span class='ocrx_word' id='word_1_330' title='bbox 755 2458 791 2486; x_wconf 82' lang='lat' dir='ltr'>et</span> <span class='ocrx_word' id='word_1_331' title='bbox 811 2453 990 2498; x_wconf 88' lang='lat' dir='ltr'>patienter</span> <span class='ocrx_word' id='word_1_332' title='bbox 1013 2452 1196 2495; x_wconf 86' lang='lat' dir='ltr'>observat,</span> <span class='ocrx_word' id='word_1_333' title='bbox 1219 2466 1262 2486; x_wconf 90' lang='lat' dir='ltr'>ex</span> <span class='ocrx_word' id='word_1_334' title='bbox 1283 2453 1507 2499; x_wconf 87' lang='lat' dir='ltr'>benignitate</span> <span class='ocrx_word' id='word_1_335' title='bbox 1529 2454 1726 2500; x_wconf 89' lang='lat' dir='ltr'>apostolica</span> <span class='ocrx_word' id='word_1_336' title='bbox 1752 2455 1954 2488; x_wconf 81' lang='lat' dir='ltr'>faceremus</span> <span class='ocrx_word' id='word_1_337' title='bbox 1978 2467 2140 2488; x_wconf 89' lang='lat' dir='ltr'>commu-</span> 
     </span>
     <span class='ocr_line' id='line_1_32' title="bbox 260 2518 2142 2567; baseline 0.002 -16"><span class='ocrx_word' id='word_1_338' title='bbox 260 2518 363 2552; x_wconf 89' lang='lat' dir='ltr'>nioni</span> <span class='ocrx_word' id='word_1_339' title='bbox 392 2518 535 2552; x_wconf 88' lang='lat' dir='ltr'>restitui</span> <span class='ocrx_word' id='word_1_340' title='bbox 565 2518 835 2565; x_wconf 85' lang='lat' dir='ltr'>magistrorum.</span> <span class='ocrx_word' id='word_1_341' title='bbox 868 2520 942 2552; x_wconf 87' lang='lat' dir='ltr'>Nos</span> <span class='ocrx_word' id='word_1_342' title='bbox 971 2519 1084 2565; x_wconf 86' lang='lat' dir='ltr'>igitur</span> <span class='ocrx_word' id='word_1_343' title='bbox 1111 2531 1155 2553; x_wconf 88' lang='lat' dir='ltr'>ex</span> <span class='ocrx_word' id='word_1_344' title='bbox 1183 2520 1372 2565; x_wconf 88' lang='lat' dir='ltr'>premissis</span> <span class='ocrx_word' id='word_1_345' title='bbox 1400 2520 1650 2566; x_wconf 80' lang='lat' dir='ltr'>intelligentes</span> <span class='ocrx_word' id='word_1_346' title='bbox 1685 2521 1803 2554; x_wconf 89' lang='lat' dir='ltr'>eidem</span> <span class='ocrx_word' id='word_1_347' title='bbox 1826 2522 2000 2567; x_wconf 86' lang='lat' dir='ltr'>magistro</span> <span class='ocrx_word' id='word_1_348' title='bbox 2028 2522 2142 2556; x_wconf 86' lang='lat' dir='ltr'>fuisse</span> 
     </span>
     <span class='ocr_line' id='line_1_33' title="bbox 261 2585 2143 2640; baseline 0.002 -22"><span class='ocrx_word' id='word_1_349' title='bbox 261 2585 482 2626; x_wconf 86' lang='lat' dir='ltr'>mandatum,</span> <span class='ocrx_word' id='word_1_350' title='bbox 514 2591 552 2619; x_wconf 90' lang='lat' dir='ltr'>ut</span> <span class='ocrx_word' id='word_1_351' title='bbox 581 2585 705 2619; x_wconf 89' lang='lat' dir='ltr'>tandiu</span> <span class='ocrx_word' id='word_1_352' title='bbox 733 2585 769 2618; x_wconf 89' lang='lat' dir='ltr'>in</span> <span class='ocrx_word' id='word_1_353' title='bbox 797 2598 841 2618; x_wconf 87' lang='lat' dir='ltr'>eo</span> <span class='ocrx_word' id='word_1_354' title='bbox 869 2592 962 2619; x_wconf 86' lang='lat' dir='ltr'>statu</span> <span class='ocrx_word' id='word_1_355' title='bbox 990 2585 1206 2640; x_wconf 64' lang='lat' dir='ltr'>persisteret</span> <span class='ocrx_word' id='word_1_356' title='bbox 1230 2598 1303 2632; x_wconf 88' lang='lat' dir='ltr'>quo</span> <span class='ocrx_word' id='word_1_357' title='bbox 1329 2593 1413 2620; x_wconf 89' lang='lat' dir='ltr'>tunc</span> <span class='ocrx_word' id='word_1_358' title='bbox 1438 2594 1526 2629; x_wconf 86' lang='lat' dir='ltr'>erat,</span> <span class='ocrx_word' id='word_1_359' title='bbox 1555 2587 1672 2621; x_wconf 90' lang='lat' dir='ltr'>donec</span> <span class='ocrx_word' id='word_1_360' title='bbox 1698 2588 1954 2633; x_wconf 83' lang='lat' dir='ltr'>magistrorum</span> <span class='ocrx_word' id='word_1_361' title='bbox 1981 2600 2143 2622; x_wconf 90' lang='lat' dir='ltr'>commu-</span> 
     </span>
     <span class='ocr_line' id='line_1_34' title="bbox 262 2651 2141 2700; baseline 0.002 -15"><span class='ocrx_word' id='word_1_362' title='bbox 262 2651 363 2686; x_wconf 88' lang='lat' dir='ltr'>nioni</span> <span class='ocrx_word' id='word_1_363' title='bbox 382 2652 427 2685; x_wconf 92' lang='lat' dir='ltr'>de</span> <span class='ocrx_word' id='word_1_364' title='bbox 448 2651 616 2686; x_wconf 90' lang='lat' dir='ltr'>mandato</span> <span class='ocrx_word' id='word_1_365' title='bbox 636 2652 736 2685; x_wconf 88' lang='lat' dir='ltr'>sedis</span> <span class='ocrx_word' id='word_1_366' title='bbox 756 2651 956 2697; x_wconf 89' lang='lat' dir='ltr'>apostolice</span> <span class='ocrx_word' id='word_1_367' title='bbox 978 2652 1206 2693; x_wconf 87' lang='lat' dir='ltr'>redderetur,</span> <span class='ocrx_word' id='word_1_368' title='bbox 1229 2659 1265 2686; x_wconf 90' lang='lat' dir='ltr'>et</span> <span class='ocrx_word' id='word_1_369' title='bbox 1285 2660 1429 2699; x_wconf 86' lang='lat' dir='ltr'>paratus</span> <span class='ocrx_word' id='word_1_370' title='bbox 1449 2654 1497 2687; x_wconf 87' lang='lat' dir='ltr'>sit</span> <span class='ocrx_word' id='word_1_371' title='bbox 1516 2666 1628 2700; x_wconf 88' lang='lat' dir='ltr'>super</span> <span class='ocrx_word' id='word_1_372' title='bbox 1649 2655 1839 2700; x_wconf 89' lang='lat' dir='ltr'>premissis</span> <span class='ocrx_word' id='word_1_373' title='bbox 1860 2655 2141 2689; x_wconf 80' lang='lat' dir='ltr'>satisfactionem</span> 
     </span>
     <span class='ocr_line' id='line_1_35' title="bbox 260 2718 2146 2766; baseline 0.002 -14"><span class='ocrx_word' id='word_1_374' title='bbox 260 2730 459 2764; x_wconf 86' lang='lat' dir='ltr'>congruam</span> <span class='ocrx_word' id='word_1_375' title='bbox 481 2718 668 2760; x_wconf 86' lang='lat' dir='ltr'>exhibere,</span> <span class='ocrx_word' id='word_1_376' title='bbox 690 2718 774 2752; x_wconf 89' lang='lat' dir='ltr'>licet</span> <span class='ocrx_word' id='word_1_377' title='bbox 794 2719 903 2752; x_wconf 86' lang='lat' dir='ltr'>suerit</span> <span class='ocrx_word' id='word_1_378' title='bbox 922 2719 1172 2761; x_wconf 87' lang='lat' dir='ltr'>constitutum,</span> <span class='ocrx_word' id='word_1_379' title='bbox 1195 2726 1234 2753; x_wconf 87' lang='lat' dir='ltr'>ut</span> <span class='ocrx_word' id='word_1_380' title='bbox 1254 2720 1284 2753; x_wconf 88' lang='lat' dir='ltr'>si</span> <span class='ocrx_word' id='word_1_381' title='bbox 1305 2720 1388 2765; x_wconf 83' lang='lat' dir='ltr'>quis</span> <span class='ocrx_word' id='word_1_382' title='bbox 1409 2721 1664 2766; x_wconf 83' lang='lat' dir='ltr'>magistrorum</span> <span class='ocrx_word' id='word_1_383' title='bbox 1687 2722 1864 2756; x_wconf 89' lang='lat' dir='ltr'>adversus</span> <span class='ocrx_word' id='word_1_384' title='bbox 1883 2722 1974 2756; x_wconf 86' lang='lat' dir='ltr'>alios</span> <span class='ocrx_word' id='word_1_385' title='bbox 1995 2723 2146 2756; x_wconf 86' lang='lat' dir='ltr'>duceret</span> 
     </span>
     <span class='ocr_line' id='line_1_36' title="bbox 262 2785 2144 2835; baseline 0.003 -17"><span class='ocrx_word' id='word_1_386' title='bbox 262 2785 507 2819; x_wconf 86' lang='lat' dir='ltr'>resistendum</span> <span class='ocrx_word' id='word_1_387' title='bbox 538 2791 575 2819; x_wconf 90' lang='lat' dir='ltr'>et</span> <span class='ocrx_word' id='word_1_388' title='bbox 602 2785 733 2832; x_wconf 88' lang='lat' dir='ltr'>primo,</span> <span class='ocrx_word' id='word_1_389' title='bbox 773 2786 937 2819; x_wconf 88' lang='lat' dir='ltr'>secundo</span> <span class='ocrx_word' id='word_1_390' title='bbox 974 2786 1125 2820; x_wconf 88' lang='lat' dir='ltr'>tertiove</span> <span class='ocrx_word' id='word_1_391' title='bbox 1161 2787 1405 2820; x_wconf 88' lang='lat' dir='ltr'>commonitus</span> <span class='ocrx_word' id='word_1_392' title='bbox 1440 2787 1531 2821; x_wconf 82' lang='lat' dir='ltr'>infra</span> <span class='ocrx_word' id='word_1_393' title='bbox 1565 2788 1723 2822; x_wconf 89' lang='lat' dir='ltr'>triduum</span> <span class='ocrx_word' id='word_1_394' title='bbox 1755 2788 1982 2823; x_wconf 88' lang='lat' dir='ltr'>universitati</span> <span class='ocrx_word' id='word_1_395' title='bbox 2018 2801 2144 2835; x_wconf 84' lang='lat' dir='ltr'>parere</span> 
     </span>
     <span class='ocr_line' id='line_1_37' title="bbox 261 2851 2143 2901; baseline 0.002 -16"><span class='ocrx_word' id='word_1_396' title='bbox 261 2857 539 2898; x_wconf 85' lang='lat' dir='ltr'>contempneret</span> <span class='ocrx_word' id='word_1_397' title='bbox 559 2851 828 2898; x_wconf 81' lang='lat' dir='ltr'>magistrorum,</span> <span class='ocrx_word' id='word_1_398' title='bbox 851 2864 894 2886; x_wconf 90' lang='lat' dir='ltr'>ex</span> <span class='ocrx_word' id='word_1_399' title='bbox 915 2859 1000 2886; x_wconf 90' lang='lat' dir='ltr'>tunc</span> <span class='ocrx_word' id='word_1_400' title='bbox 1021 2852 1202 2886; x_wconf 86' lang='lat' dir='ltr'>beneficio</span> <span class='ocrx_word' id='word_1_401' title='bbox 1223 2853 1408 2887; x_wconf 85' lang='lat' dir='ltr'>societatis</span> <span class='ocrx_word' id='word_1_402' title='bbox 1429 2866 1555 2887; x_wconf 88' lang='lat' dir='ltr'>eorum</span> <span class='ocrx_word' id='word_1_403' title='bbox 1577 2854 1614 2888; x_wconf 90' lang='lat' dir='ltr'>in</span> <span class='ocrx_word' id='word_1_404' title='bbox 1636 2855 1907 2901; x_wconf 86' lang='lat' dir='ltr'>magistralibus</span> <span class='ocrx_word' id='word_1_405' title='bbox 1929 2856 2143 2901; x_wconf 71' lang='lat' dir='ltr'>privaretur,</span> 
     </span>
     <span class='ocr_line' id='line_1_38' title="bbox 264 2917 2144 2966; baseline 0.001 -14"><span class='ocrx_word' id='word_1_406' title='bbox 264 2923 302 2952; x_wconf 83' lang='lat' dir='ltr'>et</span> <span class='ocrx_word' id='word_1_407' title='bbox 324 2917 372 2951; x_wconf 91' lang='lat' dir='ltr'>oh</span> <span class='ocrx_word' id='word_1_408' title='bbox 397 2917 467 2951; x_wconf 89' lang='lat' dir='ltr'>hoc</span> <span class='ocrx_word' id='word_1_409' title='bbox 494 2917 574 2964; x_wconf 86' lang='lat' dir='ltr'>ipse</span> <span class='ocrx_word' id='word_1_410' title='bbox 598 2918 666 2952; x_wconf 80' lang='lat' dir='ltr'>fuit</span> <span class='ocrx_word' id='word_1_411' title='bbox 690 2930 816 2952; x_wconf 87' lang='lat' dir='ltr'>eorum</span> <span class='ocrx_word' id='word_1_412' title='bbox 847 2919 1105 2953; x_wconf 85' lang='lat' dir='ltr'>communione</span> <span class='ocrx_word' id='word_1_413' title='bbox 1133 2919 1295 2965; x_wconf 85' lang='lat' dir='ltr'>privatus</span> <span class='ocrx_word' id='word_1_414' title='bbox 1320 2932 1327 2953; x_wconf 91' lang='lat'>:</span> <span class='ocrx_word' id='word_1_415' title='bbox 1351 2920 1434 2966; x_wconf 88' lang='lat' dir='ltr'>quia</span> <span class='ocrx_word' id='word_1_416' title='bbox 1461 2927 1579 2954; x_wconf 87' lang='lat' dir='ltr'>tamen</span> <span class='ocrx_word' id='word_1_417' title='bbox 1605 2921 1841 2955; x_wconf 86' lang='lat' dir='ltr'>constitutum</span> <span class='ocrx_word' id='word_1_418' title='bbox 1870 2934 1942 2956; x_wconf 93' lang='grc' dir='ltr'>ηοη</span> <span class='ocrx_word' id='word_1_419' title='bbox 1963 2922 2030 2955; x_wconf 88' lang='lat' dir='ltr'>suit</span> <span class='ocrx_word' id='word_1_420' title='bbox 2051 2922 2144 2955; x_wconf 89' lang='lat' dir='ltr'>utin</span> 
     </span>
    </p>
   </div>
   <div class='ocr_carea' id='block_1_6' title="bbox 260 2983 2144 3032">
    <p class='ocr_par' dir='ltr' id='par_1_6' title="bbox 260 2983 2144 3032">
     <span class='ocr_line' id='line_1_39' title="bbox 260 2983 2144 3032; baseline 0.002 -15"><span class='ocrx_word' id='word_1_421' title='bbox 260 2990 480 3030; x_wconf 24' lang='lat' dir='ltr'>,perpetuum</span> <span class='ocrx_word' id='word_1_422' title='bbox 502 2983 712 3030; x_wconf 80' lang='lat' dir='ltr'>hujusmodi</span> <span class='ocrx_word' id='word_1_423' title='bbox 734 2985 886 3030; x_wconf 88' lang='lat' dir='ltr'>privatio</span> <span class='ocrx_word' id='word_1_424' title='bbox 909 2985 1135 3031; x_wconf 85' lang='lat' dir='ltr'>perduraret,</span> <span class='ocrx_word' id='word_1_425' title='bbox 1157 2992 1194 3019; x_wconf 89' lang='lat' dir='ltr'>et</span> <span class='ocrx_word' id='word_1_426' title='bbox 1215 2992 1282 3019; x_wconf 86' lang='lat' dir='ltr'>tam</span> <span class='ocrx_word' id='word_1_427' title='bbox 1299 2986 1396 3031; x_wconf 83' lang='lat' dir='ltr'>juris</span> <span class='ocrx_word' id='word_1_428' title='bbox 1416 2987 1582 3020; x_wconf 88' lang='lat' dir='ltr'>canonici</span> <span class='ocrx_word' id='word_1_429' title='bbox 1603 2999 1709 3032; x_wconf 87' lang='lat' dir='ltr'>quam</span> <span class='ocrx_word' id='word_1_430' title='bbox 1732 2988 1847 3021; x_wconf 79' lang='lat' dir='ltr'>nostri</span> <span class='ocrx_word' id='word_1_431' title='bbox 1872 2988 1983 3023; x_wconf 87' lang='lat' dir='ltr'>moris</span> <span class='ocrx_word' id='word_1_432' title='bbox 2004 2989 2144 3029; x_wconf 79' lang='lat' dir='ltr'>existat,</span> 
     </span>
    </p>
   </div>
  </div>
 </body>
</html>
