2580 3528
562 526 651 551 Kal-tii
666 527 698 550 30

578 678 640 702 isaii
655 679 685 702 12

596 981 665 1005 Maio

573 1132 638 1156 Julii
655 1133 684 1156 14

559 1390 671 1422 Augusti
688 1391 704 1413 9

594 1496 701 1521 —11

592 1618 625 1622 —
672 1605 704 1628 23

582 1680 614 1684 —-
623 1666 652 1690 12
663 1669 690 1690 et
698 1667 734 1699 '27

521 1729 684 1761 Septembris
704 1729 733 1753 24

594 1938 625 1942 —
703 1925 732 1948 27

550 2030 674 2055 Octobris
689 2031 704 2055 2

519 2306 728 2314 ·········

519 2413 728 2421 .........

553 2502 652 2535 Aprilis
668 2503 698 2527 22

570 2613 631 2638 unii
647 2614 678 2638 1⁸

1103 410 1205 432 TABU
1217 411 1275 432 LA.

765 527 912 551 Alexander
923 528 958 552 lv
970 528 1003 552 ad
1016 528 1154 552 univorsos
1169 529 1345 561 patriarchas,
1359 530 1574 562 archiepiscopos
1586 534 1611 554 ot
1625 531 1773 563 episcopos.
1787 535 1815 555 ut
1828 532 1946 557 libellum
1959 534 2035 558 Guil-

796 572 870 596 lelmi
884 573 916 596 de
931 573 957 597 S.
974 573 1069 597 Amore
1084 581 1090 597 :
1110 573 1261 599 Tractatus
1275 574 1365 599 brevis
1383 575 1417 598 cte
1433 574 1571 605 periculis
1584 575 1803 600 novissimorum
1820 581 1987 607 temporum,
2003 579 2034 602 de

796 625 886 640 errore
905 617 1060 641 damnatum
1079 617 1181 641 cunctis
1200 618 1355 642 denuntient
1357 635 2033 647 ...........................

765 678 912 703 Alexander
926 679 960 703 lv
978 679 1105 711 reprobat
1127 680 1330 712 appellationes,
1351 689 1531 713 quaecumque
1555 681 1617 710 siut,
1638 682 1826 714 magistrorum
1846 683 2035 707 Parisiensium

795 726 923 756 tanquam
942 724 1062 752 frivolas,
1081 724 1250 757 decernitque
1269 725 1463 749 ordinationem
1481 726 1579 750 dictam
1601 726 1685 753 Quasi
1703 727 1815 758 limium
1836 727 1909 752 vitae
1927 728 2035 752 inviola-

795 767 886 792 biliter
904 768 1097 792 observandam
1101 786 2034 797 .....................................

765 830 912 854 Alexander
934 831 968 854 lv
991 831 1129 855 universos
1155 831 1332 863 patriarchas,
1355 832 1579 865 archiepiscopos,
1607 833 1755 865 episcopos,
1777 838 1837 862 eta,
1862 834 1983 858 hortatur
2008 839 2036 859 at

797 876 893 899 fratres
912 875 1110 899 Praedicatores
1131 875 1244 908 benigne
1262 879 1383 905 tractent,
1406 877 1573 909 subditisque
1597 886 1687 901 eorum
1714 878 1889 903 innocentiam
1916 880 2034 911 neglecta

796 920 964 943 accusatione
985 920 1175 952 magistrorum
1194 921 1384 945 Parisiensium
1404 925 1536 954 exponant
1537 939 2034 949 ....................

766 982 926 1006 flambertus
951 982 1079 1014 magister
1102 983 1218 1014 general.
1241 983 1304 1007 Ord.
1330 984 1421 1008 Praed.
1445 985 1597 1008 consolatur
1617 986 1711 1009 fratres
1732 994 1794 1009 snus
1813 987 1846 1009 de
1865 986 2035 1011 tribulatione

796 1026 909 1050 maxime
931 1026 958 1050 in
982 1027 1106 1059 partibus
1129 1027 1269 1059 gallicanis
1292 1028 1364 1052 circa
1388 1029 1504 1052 Parisios
1528 1033 1706 1061 gravescente.
1732 1030 1904 1054 Commendat
1926 1039 2032 1063 papam,

795 1079 885 1103 regem
900 1074 926 1095 et
939 1071 1101 1095 cardinalem
1115 1072 1251 1104 llugonem
1266 1073 1394 1104 speciales
1410 1073 1509 1097 amicos
1524 1077 1550 1097 et
1563 1074 1714 1098 defensores
1718 1092 2033 1101 .............

764 1133 911 1157 Alexander
930 1133 964 1158 1v
983 1134 1128 1166 Reginaldo
1143 1134 1269 1167 episcopo
1284 1135 1368 1159 Paris.
1383 1135 1577 1160 exsecutionem
1591 1136 1723 1168 praecipit
1736 1145 1836 1165 eorum,
1853 1145 1920 1170 quae
1939 1146 1954 1161 a
1973 1138 2034 1162 sede

795 1178 942 1210 apostolica
957 1178 990 1202 de
1005 1179 1064 1203 frat.
1081 1179 1311 1203 Praedicatoribus
1326 1182 1352 1203 et
1366 1179 1512 1204 Minoribus
1526 1180 1554 1204 in
1567 1181 1729 1204 consortium
1745 1181 1932 1213 magistrorum
1949 1182 2033 1207 Paris.

795 1222 956 1255 recipiendis
976 1226 1075 1247 statuta
1095 1224 1199 1247 fuerant
1200 1241 2034 1251 .................................

764 1285 910 1308 Alexander
925 1285 958 1308 lv
973 1288 1050 1317 rogat
1065 1285 1235 1314 Ludovicum,
1251 1294 1339 1318 regem
1354 1286 1525 1315 Francorum,
1544 1290 1573 1310 ut
1587 1287 1732 1319 Reginaldo
1747 1288 1872 1320 episcopo
1892 1289 2033 1313 Parisiensi

795 1328 821 1352 in
842 1329 1008 1353 exsecutione
1023 1330 1207 1354 mandatorum
1223 1330 1431 1362 apostolicorum
1450 1331 1576 1363 rega-liter
1594 1331 1662 1355 adsit
1666 1349 2034 1359 ...............

763 1390 910 1414 Alexander
928 1391 962 1415 lv
981 1391 1122 1415 Guillelmo
1141 1392 1174 1415 de
1194 1392 1220 1415 S.
1237 1393 1330 1416 Amore
1350 1401 1431 1424 regno
1446 1393 1571 1417 Franciae
1591 1393 1732 1421 interdicit,
1750 1403 1906 1427 omnemque
1924 1395 2034 1419 docendi

794 1438 840 1459 aut
853 1435 1026 1467 praedicandi
1046 1437 1198 1460 facultatem
1218 1437 1241 1460 ei
1261 1437 1354 1460 adimit
1357 1454 2033 1465 ...........................

763 1497 910 1521 Alexander
924 1497 957 1522 IV
971 1498 1004 1521 ad
1020 1498 1182 1523 Ludovicum
1197 1507 1287 1530 regem
1302 1499 1472 1528 Francorum,
1488 1508 1520 1523 ne
1534 1499 1652 1531 patiatur
1666 1500 1837 1524 Guillelmum
1851 1501 1882 1524 de
1898 1502 1924 1525 S.
1941 1503 2034 1526 Amore

794 1550 871 1566 suum
887 1550 998 1574 regnum
1014 1542 1113 1567 intrare
1119 1561 2034 1571 ....................................

763 1604 909 1629 Alexander
926 1605 959 1629 lv
973 1605 1007 1629 ad
1022 1605 1197 1637 Reginaldum
1213 1605 1368 1638 episcopum
1382 1606 1468 1630 Paris.
1484 1606 1516 1630 de
1531 1607 1622 1630 eodem
1637 1611 1792 1638 argumento
1795 1625 2032 1634 ..........

762 1666 910 1690 Declaratio
925 1667 1048 1699 magistri
1060 1667 1214 1697 Christiani,
1227 1667 1346 1692 canonici
1360 1668 1539 1698 Bclvacensis,
1552 1668 1662 1693 Parisiis
1675 1669 1765 1693 habita
1770 1687 2034 1696 ...........

762 1729 908 1753 Alexander
927 1729 962 1753 lv
980 1729 1080 1753 Jacoho
1099 1729 1224 1762 episcopo
1243 1730 1402 1754 Bononiensi
1417 1731 1526 1754 mandat
1544 1734 1573 1755 ut
1591 1731 1747 1755 sententiam
1766 1731 1793 1756 in
1813 1732 1983 1757 Guillelmum
2003 1734 2035 1758 de

793 1774 889 1797 Sancto
909 1774 1002 1798 Amore
1021 1774 1104 1798 latam
1120 1775 1272 1807 promulget
1286 1783 1317 1798 ac
1331 1774 1468 1806 magistris
1483 1778 1509 1799 et
1524 1775 1690 1800 scholaribus
1710 1779 1788 1808 atque
1807 1777 1868 1801 aliis
1885 1777 2034 1802 Bononien-

793 1818 869 1843 sibus
889 1818 1008 1843 iuhibeat
1028 1827 1060 1843 ne
1081 1819 1181 1843 dictum
1200 1819 1372 1844 Guillelmum
1392 1819 1511 1849 audiant,
1525 1819 1549 1843 si
1569 1821 1635 1844 sorte
1649 1820 1803 1852 praedicare
1822 1821 1863 1845 vel
1881 1821 2033 1846 cathedram

792 1862 975 1895 magistralem
990 1863 1132 1887 ascendero
1144 1863 1355 1896 praesumpserit
1357 1881 2032 1892 ...........................

761 1925 907 1949 Alexander
928 1925 971 1954 w,
992 1925 1143 1958 petentibus
1165 1925 1293 1950 fratribus
1311 1909 1418 1954 Praed..
1438 1926 1583 1958 Reginaldo
1604 1926 1729 1959 episcopo
1750 1927 1893 1952 Parisiensi
1915 1929 2034 1953 concedit

793 1970 944 1994 facultatem
958 1970 1113 1994 absolvendi
1124 1971 1267 2003 magistros
1280 1974 1306 1995 et
1318 1970 1452 1995 scholares
1466 1971 1549 1995 Paris.
1562 1971 1694 1995 mandatis
1705 1972 1858 2004 apostolicis
1870 1972 2030 1997 obedientes.

761 2032 907 2056 Alexander
917 2033 950 2057 lv
961 2033 1105 2065 Reginaldo
1115 2033 1241 2065 episcopo
1255 2033 1341 2057 Paris.
1351 2033 1555 2057 instrumentum
1572 2034 1735 2061 transmittit,
1748 2034 1774 2058 in
1789 2042 1840 2066 quo
1852 2034 2032 2067 juramentum

791 2076 892 2101 odonis
911 2077 943 2101 de
965 2077 1053 2102 Duaco
1072 2081 1098 2102 et
1116 2077 1260 2102 Christiani
1283 2077 1450 2102 Belvacensis
1470 2078 1627 2106 continetur,
1647 2078 1724 2110 eique
1743 2078 1858 2110 injungit
1884 2082 1913 2103 ut
1931 2079 2032 2104 instru-

792 2124 909 2146 mentum
922 2121 1040 2155 publicet
1043 2138 2031 2149 .......................................

760 2184 906 2208 Alexander
920 2183 955 2208 lv
968 2183 1176 2216 archiepiscopis
1194 2187 1220 2208 et
1239 2183 1372 2217 episcopis
1394 2188 1420 2208 et
1437 2184 1589 2213 abbatibus,
1611 2188 1669 2213 etc„
1691 2188 1719 2209 ut
1738 2185 1893 2209 sententiam
1914 2186 1940 2210 in
1960 2186 2031 2210 Guil-

790 2228 900 2253 lelmum
914 2229 947 2253 de
962 2229 988 2253 S.
1005 2230 1099 2253 Amore
1113 2229 1195 2253 latam
1210 2229 1380 2261 promulgent
1393 2232 1420 2253 et
1433 2229 1591 2254 servandam
1611 2233 1704 2254 curent
1715 2247 2029 2256 .............

760 2290 863 2314 Statuta
877 2290 947 2314 circa
962 2290 1150 2315 scholasticum
1165 2290 1375 2320 Noviomensem,
1391 2290 1437 2323 qui
1451 2291 1531 2315 etiam
1545 2291 1659 2323 singulis
1674 2291 1750 2315 annis
1765 2291 1863 2316 scholis
1877 2292 2031 2317 Noviomea-

791 2334 865 2359 sibus
879 2335 912 2359 de
927 2338 1027 2359 rectore
1042 2335 1192 2364 sufficienti,
1206 2335 1251 2368 qui
1264 2335 1374 2360 Parisiis
1389 2335 1416 2360 in
1430 2335 1533 2360 artibus
1546 2335 1649 2364 rexerit,
1663 2335 1803 2368 providere
1815 2336 1900 2361 debet.
1919 2354 2030 2362 .....

759 2397 920 2430 Reginaldus
935 2396 1076 2430 episcopus
1091 2397 1175 2422 Paris.
1192 2397 1312 2422 concedit
1324 2397 1488 2430 pauperihus
1503 2397 1680 2427 scholaribus,
1696 2398 1741 2430 qui
1756 2397 1822 2423 Boni
1835 2398 1911 2431 pueri
1926 2407 2029 2423 nuncu-

789 2444 896 2474 pantur,
912 2444 941 2466 ut
954 2441 981 2465 in
996 2442 1074 2466 domo
1088 2450 1180 2466 eorum
1194 2450 1262 2466 nova
1276 2441 1387 2466 Parisiis
1401 2441 1547 2466 oratoriam
1562 2442 1667 2474 possint
1684 2446 1836 2467 construere
1838 2460 2029 2470 ........

758 2503 905 2528 Alexander
919 2503 953 2528 lv
967 2503 1075 2528 mandat
1094 2503 1242 2528 llaimerico
1261 2503 1419 2529 cancellario
1434 2503 1576 2529 Parisiensi
1592 2507 1621 2529 ut
1635 2504 1724 2528 decem
1744 2505 1848 2529 clericis
1863 2506 2028 2538 pauperibus

788 2548 975 2572 transmarinis
994 2548 1104 2573 Parisiis
1124 2548 1292 2573 studentibus
1311 2548 1449 2581 provideat
1452 2565 2027 2575 .......................

757 2614 955 2639 Testamentum
975 2614 1096 2647 magistri
1115 2614 1222 2639 neberti
1236 2615 1269 2639 de
1283 2615 1380 2644 Daseo,
1396 2614 1510 2647 legantis
1526 2615 1588 2639 1500
1601 2614 1685 2639 libras
1699 2615 1782 2648 paris.
1803 2624 1946 2649 omnesque
1964 2625 2027 2642 suos

787 2658 871 2683 libros
891 2659 925 2683 ad
946 2666 1014 2692 opus
1037 2659 1199 2684 scholarium
1220 2659 1246 2684 in
1270 2659 1404 2692 theologia
1428 2658 1590 2684 studentium
1611 2660 1715 2684 suturae
1733 2659 1828 2684 domus
1846 2660 1981 2685 sorbonae
2001 2665 2027 2686 et

787 2703 900 2727 aliorum
919 2711 1068 2736 pauperum
1087 2703 1264 2733 scholarium:
1280 2703 1349 2728 inter
1363 2703 1512 2728 testamenti
1526 2706 1692 2728 exsecutores
1708 2704 1837 2729 Robertus
1855 2705 1887 2729 do
1907 2705 2026 2730 Sorbona

787 2747 939 2772 uominstur
940 2764 2025 2775 ...........................................

756 2813 907 2847 Capitulum
922 2823 1012 2847 gener.
1027 2814 1092 2840 Ord.
1107 2814 1200 2839 Praed.
1217 2814 1267 2838 suh
1282 2814 1427 2839 numbmo
1442 2814 1553 2839 Tolosae
1567 2814 1728 2840 celebratum
1746 2815 1841 2839 studiis
1855 2816 2024 2847 generalibus

787 2857 850 2883 Ord.
867 2859 987 2884 concedit
1000 2858 1142 2892 privilegia
1156 2858 1318 2883 scholarium
1338 2858 1413 2884 l'sris
1422 2875 2023 2886 ........................

514 2942 725 2950 .........
755 2924 894 2950 Ordinatio
914 2925 1101 2959 deputatorum
1120 2925 1240 2958 priorum
1261 2933 1276 2950 s
1295 2925 1419 2958 Capitale
1438 2925 1596 2958 provinciali
1615 2925 1767 2958 provinciae
1787 2926 1939 2950 Provinciae
1958 2926 2021 2951 Ord.

787 2969 878 2994 Praed.
892 2970 924 2994 de
938 2970 1090 3003 provisione
1104 2969 1275 2999 studentium,
1291 2969 1323 2994 de
1337 2969 1445 3003 seriptis
1458 2973 1484 2994 et
1497 2969 1575 2994 libris
1589 2978 1680 2995 eornm
1682 2987 2021 2997 ..............

2058 407 2121 440 671

2079 624 2125 646 353

2079 774 2124 797 354

2078 1075 2124 1099 358

2078 1226 2124 1249 359

2079 1332 2122 1356 361

2078 1439 2124 1462 362

2078 1608 2124 1630 363

2078 1670 2123 1693 364

2077 1865 2122 1888 367

2074 2230 2122 2253 ³6⁹

2074 2336 2120 2359 ³70

2072 2442 2116 2466 371

2071 2550 2117 2574 372

2070 2750 2115 2773 ³72

2068 2861 2113 2884 375

2066 2971 2112 2994 375
