2618 3640
683 430 730 451 ΑΒ
764 429 1008 451 ALEXANDRO
1043 429 1091 450 111
1126 429 1258 457 USQUE
1293 429 1341 450 An
1376 428 1515 450 ANNUM
1550 428 1639 449 MCC.
2065 420 2103 451 17

223 507 259 538 et
282 511 414 538 terram
434 504 579 537 comitis
605 500 670 549 pro
695 509 816 536 vestra
837 503 1040 536 reverentia
1062 508 1301 548 exponentes,
1323 501 1479 534 liberum
1501 501 1545 534 ab
1566 501 1665 534 omni
1687 501 1967 534 consuetudinis
1993 514 2104 534 onere

222 570 472 616 perduxerunt
489 571 566 604 fere
586 570 630 603 ad
652 570 820 603 Sanctum
842 569 1102 602 Audomarum.
1124 569 1205 612 Quo
1221 581 1302 601 cum
1318 568 1517 609 venissem,
1535 574 1752 613 procurante
1769 568 1925 612 quodam
1942 568 2104 601 Marsilio

223 636 413 679 monacho,
440 637 503 682 qui
523 636 618 682 apud
640 636 841 670 Thilleham
864 642 899 669 et
914 635 1131 681 Truelegam
1145 636 1155 654 ¹
1178 635 1311 669 morari
1331 635 1535 675 consuevit,
1562 635 1599 667 in
1623 634 1732 667 domo
1759 635 1793 667 S.
1813 634 1951 667 Bertini
1972 634 2105 667 hones-

222 704 363 737 tissime
401 710 573 749 receptus
612 715 710 745 sum,
751 710 786 736 et
824 709 989 748 patenter
1023 702 1204 744 intellexi,
1244 702 1342 747 quod
1387 701 1542 734 ecclesia
1580 701 1641 734 illa
1679 701 1723 734 ad
1761 700 1938 734 honorem
1983 708 2104 734 sancte

222 770 496 805 cantuariensis
524 770 680 803 ecclesie
708 777 743 803 et
771 776 933 803 vestrum
959 770 1122 815 exposita
1145 776 1212 802 est.
1241 770 1285 802 Et
1311 769 1342 802 si
1368 768 1497 814 placet,
1524 775 1593 801 tam
1622 768 1745 801 comiti
1768 780 1872 813 quam
1904 767 2104 809 monachis,

222 837 340 871 oblata
368 837 474 871 vobis
505 837 774 883 opportunitate
804 837 939 882 gratias
972 837 1151 869 referatis.
1184 836 1323 869 Exinde
1353 848 1435 868 cum
1464 835 1647 868 venissem
1680 834 1906 876 Atrebatum,
1937 835 2104 867 comitem

222 903 429 949 Philippum
450 904 546 949 apud
563 904 753 937 Exclusam
775 904 967 944 castrum’,
991 916 1009 937 a
1031 915 1102 948 quo
1124 910 1298 949 tyrannus
1309 903 1490 948 Yprensis
1508 908 1575 935 tam
1593 901 1702 947 longa
1723 901 1916 934 obsidione
1934 901 2105 934 exclusus

223 966 291 1012 est,
322 982 405 1004 esse
435 971 569 1004 audivi.
602 970 692 1003 Illuc
723 971 843 1016 itaque
879 971 1078 1011 diverte-ns,
1102 971 1258 1003 Domino
1293 969 1581 1003 misericorditer
1610 969 1679 1002 iter
1713 980 1832 1001 meum
1863 969 1899 1000 in
1934 968 2105 1001 omnibus

222 1044 474 1083 prosperante,
506 1050 580 1071 non
608 1037 718 1083 longe
746 1050 764 1070 a
794 1044 903 1070 strata
933 1037 1078 1082 publica
1108 1036 1253 1070 obvium
1281 1036 1390 1070 habui
1421 1048 1527 1081 quem
1560 1035 1768 1080 querebam.
1801 1037 1849 1068 Ut
1878 1035 1974 1068 enim
2005 1047 2105 1068 more

223 1104 390 1146 divitum,
412 1116 506 1150 quos
526 1104 683 1138 oblectat
700 1104 769 1138 hoc
791 1104 953 1150 nugandi
974 1116 1106 1150 genus,
1128 1104 1165 1136 in
1186 1103 1314 1137 avibus
1333 1103 1402 1136 celi
1423 1103 1578 1144 luderet,
1604 1102 1750 1143 ssuvios,
1772 1109 1912 1147 stagna,
1940 1101 2104 1147 paludes,

223 1178 259 1204 et
278 1172 522 1217 scaturigines
542 1172 695 1204 sontium
718 1183 916 1217 peragrans
936 1170 1123 1204 circuibat.
1147 1171 1304 1204 Gavisus
1325 1177 1382 1203 est
1401 1182 1440 1203 se
1461 1170 1647 1203 invenisse
1669 1169 1866 1210 hominem,
1888 1181 1906 1201 a
1928 1181 2000 1214 quo
2021 1168 2106 1201 fide-

224 1237 308 1271 liter
327 1238 469 1271 audiret
491 1238 622 1283 Anglie
645 1245 790 1279 statum,
813 1245 849 1271 et
869 1250 939 1283 ego
964 1238 1092 1283 magis.
1117 1238 1199 1282 quia
1222 1249 1303 1269 eum
1326 1236 1413 1269 mihi
1439 1237 1530 1269 deus
1552 1235 1745 1277 obtulerat,
1768 1236 1814 1268 ita
1836 1242 1876 1268 ut
1896 1236 1975 1268 sine
1992 1235 2105 1268 multo

222 1305 280 1338 vie
307 1304 502 1350 dispendio
531 1304 738 1338 mandatum
764 1311 926 1338 vestrum
955 1316 1189 1349 exsequerer.
1219 1305 1271 1336 De
1299 1315 1386 1348 rege
1414 1309 1448 1336 et
1471 1302 1687 1348 proceribus
1713 1302 1823 1335 multa
1850 1309 2105 1347 percunctatus

223 1377 292 1413 est,
332 1371 397 1404 sed
434 1383 504 1416 ego
536 1371 733 1416 temperavi
771 1382 1003 1416 responsum,
1036 1377 1076 1403 ut
1111 1382 1167 1403 me
1201 1382 1267 1403 nec
1298 1370 1342 1402 de
1377 1369 1566 1402 mendacio
1597 1369 1819 1401 conscientia
1850 1368 2103 1414 reprehendat,

222 1449 290 1471 nec
310 1438 550 1471 temeritatem
574 1450 688 1471 meam
716 1438 753 1470 in
779 1437 850 1479 his,
873 1449 943 1482 que
969 1437 1013 1470 ad
1043 1449 1167 1482 regem
1199 1443 1375 1482 spectant,
1407 1436 1597 1481 quisquam
1626 1435 1742 1480 possit
1767 1447 1933 1480 arguere.
1956 1437 2106 1469 Vestras

222 1516 310 1538 vero
334 1505 522 1550 angustias
548 1505 701 1538 audiens
726 1504 832 1538 vobis
860 1516 1075 1550 compassus
1101 1511 1168 1545 est,
1199 1503 1445 1548 auxiliumque
1470 1502 1657 1548 promittit.
1683 1503 1799 1535 Naves
1821 1502 1953 1534 etenim
1977 1514 2107 1547 procu—.

223 1570 328 1613 rabit,
353 1571 384 1604 si
409 1571 477 1604 hoc
503 1572 704 1605 necessitas
729 1578 848 1605 vestra
869 1571 1044 1616 exegerit,
1070 1578 1106 1604 et
1128 1571 1206 1616 ipse
1230 1577 1324 1611 ante,
1352 1577 1392 1603 ut
1413 1576 1569 1615 oportet,
1598 1569 1860 1614 premuniatur.
1889 1569 1925 1602 Si
1950 1580 2037 1602 vero
2063 1569 2106 1601 ad

224 1637 292 1672 hoc
322 1650 388 1672 vos
417 1645 614 1684 tempestas
645 1638 843 1684 impulerit,
873 1639 1071 1684 premittite
1099 1644 1181 1671 ante
1210 1645 1271 1671 aut
1304 1637 1510 1682 Philippum
1546 1643 1746 1681 emptorem
1777 1642 1951 1677 vestrum,
1984 1636 2045 1680 qui
2073 1642 2109 1668 et.

222 1705 367 1739 comitis
392 1706 605 1739 auctoritate
631 1712 751 1739 utatur
776 1712 812 1738 et
839 1718 920 1738 cum
944 1706 1064 1738 nautis
1090 1712 1126 1738 et
1150 1704 1373 1746 vectoribus,
1401 1710 1510 1749 prout
1535 1703 1749 1748 expedierit,
1776 1702 1974 1735 contrahat..
2006 1703 2063 1735 Sic
2088 1715 2107 1735 a

223 1772 355 1806 comite
381 1773 573 1814 recedens,
602 1773 660 1805 die
692 1773 859 1818 sequenti
887 1773 1102 1806 Noviomum
1133 1772 1230 1805 veni.
1258 1773 1302 1804 Et
1326 1771 1452 1804 nescio
1482 1783 1554 1815 quo
1580 1770 1742 1815 prepetis
1768 1776 1804 1802 et
1828 1770 1990 1814 inquiete
2015 1770 2107 1802 tame

223 1839 398 1885 preconio
424 1839 608 1872 calamitas
633 1839 850 1885 Anglorum,
879 1839 1190 1884 ecclesiarumque
1215 1839 1370 1879 vexatio,
1393 1849 1612 1883 quocunque
1632 1836 1836 1877 veniebam,
1859 1837 1975 1869 suerat
1994 1836 2107 1869 divul-

223 1912 317 1952 gata,
335 1912 375 1939 ut
399 1905 450 1939 ibi
476 1906 587 1940 multa
608 1906 770 1940 audirem
792 1913 895 1952 gesta
920 1907 957 1939 in
982 1913 1165 1940 conventu
1186 1905 1461 1939 Londoniensi⁸
1481 1911 1517 1938 et
1535 1904 1802 1945 Wintoniensi,
1825 1915 1895 1948 que
1917 1903 1954 1935 in
1974 1903 2106 1948 Anglia

187 1992 190 1995 ·
223 1985 408 2018 nunquam
430 1973 627 2007 audieram.
656 1975 699 2006 Et
721 1974 867 2019 quidem
895 1973 1081 2019 pleraque,
1109 1980 1148 2006 ut
1172 1973 1223 2014 fit,
1251 1973 1386 2018 majora
1410 1978 1445 2005 et
1469 1972 1594 2017 pejora
1616 1971 1714 2004 veris
1740 1970 2003 2003 reserebantur.
2030 1972 2106 2016 Ego

223 2035 341 2074 autem
374 2039 440 2073 hec
469 2040 603 2082 omnia,
630 2052 700 2086 que
726 2053 790 2086 per
820 2052 881 2074 ora
912 2040 1037 2086 populi
1067 2039 1278 2081 volitabant,
1306 2039 1578 2072 studiosissime
1604 2037 1879 2071 dissimulabam
1908 2049 1914 2070 :
1944 2037 2008 2070 sed
2040 2049 2106 2070 nec

223 2106 408 2141 simulanti
430 2119 604 2153 prospera
628 2107 736 2153 plene
759 2107 988 2149 credebatur,
1015 2119 1080 2140 nec
1105 2107 1256 2140 adversa
1282 2106 1540 2139 dissimulanti.
1559 2105 1739 2149 Quodque
1763 2104 1958 2145 miremini,
1983 2116 2106 2137 comes

224 2174 436 2207 Suessionis
463 2186 504 2207 ea
534 2174 607 2216 die,
638 2186 707 2220 qua
734 2175 901 2208 Noviomi
928 2187 1037 2215 eram,
1067 2186 1195 2207 omncs
1222 2173 1396 2207 articulos
1420 2172 1690 2205 Londoniensis
1718 2171 1843 2204 nescio
1873 2170 2106 2204 conciliabuli

224 2247 285 2274 aut
313 2240 535 2274 disciliabuli
566 2241 681 2274 dicam
707 2241 845 2274 decano
874 2241 920 2274 ita
948 2241 1107 2274 seriatim
1137 2241 1318 2286 exposuit,
1347 2252 1386 2273 ac
1419 2240 1451 2273 si
1477 2239 1705 2272 interfuisset
1735 2237 1905 2271 omnibus
1938 2249 2105 2283 presens,

224 2318 297 2340 non
325 2307 434 2340 modo
461 2306 519 2340 his
547 2319 617 2352 que
643 2308 680 2340 in
708 2307 853 2353 pallatio
881 2315 983 2353 gesta
1007 2314 1104 2349 sunt,
1135 2307 1200 2340 sed
1223 2319 1294 2353 que
1321 2306 1569 2340 secretissime
1597 2305 1641 2338 ab
1667 2305 1724 2337 his
1749 2304 1807 2338 vel
1835 2304 1879 2337 ab
1912 2304 1985 2337 illis
2012 2304 2105 2337 dicta

226 2380 312 2407 sunt
336 2373 373 2406 in
398 2373 574 2407 conclavi.
601 2375 674 2407 Nec
697 2374 801 2408 facile
831 2375 1065 2416 crediderim,
1093 2375 1181 2420 quin
1207 2374 1257 2407 ibi
1280 2374 1357 2407 sive
1378 2373 1423 2406 de
1454 2373 1531 2406 suis
1557 2373 1633 2405 sive
1655 2372 1699 2404 de
1728 2370 1952 2404 nostratibus
1979 2377 2104 2403 cautos

224 2439 473 2486 exploratores
499 2439 694 2474 habuerint
718 2441 826 2474 Galli.
849 2442 1016 2474 Decanus
1041 2447 1160 2474 autem
1186 2440 1456 2481 Noviomensis,
1482 2439 1538 2472 vir
1564 2438 1799 2483 integerrime
1825 2437 1923 2478 fidei,
1951 2449 2105 2470 concus-

225 2507 366 2541 sionem
396 2514 553 2540 vestram
583 2519 657 2541 non
688 2508 767 2541 sine
797 2507 911 2541 multo
942 2507 1069 2541 dolore
1100 2507 1263 2541 audierat
1294 2519 1300 2540 :
1333 2513 1369 2539 et
1398 2518 1437 2539 se
1469 2506 1513 2539 ad
1542 2517 1608 2538 vos
1643 2504 1893 2550 recipiendum
1925 2510 2102 2549 preparat,

223 2586 297 2607 non
318 2574 426 2607 modo
448 2586 513 2607 sua
534 2574 653 2607 omnia
675 2574 909 2620 expositurus
930 2586 995 2620 pro
1018 2574 1138 2616 vobis,
1163 2574 1229 2607 sed
1254 2586 1319 2619 pro
1341 2558 1595 2607 Cantiiaricnsi
1616 2571 1784 2613 ecclesia,
1806 2571 1838 2604 si
1863 2571 2103 2617 opportuerit,

223 2651 263 2674 se
279 2641 398 2686 ipsum
420 2641 621 2686 positurus.
640 2642 859 2675 Decreverat
873 2647 991 2674 autem
1013 2641 1167 2674 transire
1188 2640 1232 2674 ad
1253 2640 1402 2674 curiam.
1426 2639 1497 2673 Sed
1518 2639 1601 2684 quia
1622 2638 1667 2672 de
1689 2644 1782 2671 statu
1799 2644 1921 2671 vestro
1942 2638 2104 2671 incertus

223 2714 280 2741 est
298 2713 335 2741 et
353 2706 548 2750 sollicitus,
569 2707 686 2741 donec
706 2708 936 2750 certioretur,
959 2708 1057 2741 domi
1078 2714 1252 2753 expectat.
1276 2707 1331 2740 Ibi
1351 2719 1369 2740 a
1391 2705 1609 2752 quibusdam
1631 2717 1696 2751 pro
1715 2711 1815 2738 certo
1836 2705 1958 2750 accepi
1980 2717 2102 2750 regem

224 2774 444 2807 Francorum
465 2786 549 2808 esse
572 2774 751 2814 Lauduni,
778 2782 814 2808 et
834 2787 947 2821 prope
968 2787 1051 2808 eum
1073 2775 1260 2808 dominum
1283 2772 1524 2807 Remensem⁴
1550 2773 1629 2806 eius
1651 2778 1840 2818 expectare
1865 2771 2101 2817 colloquium.

224 2841 297 2874 Eos
326 2852 415 2886 ergo
445 2840 546 2874 adire
575 2842 763 2887 proposui.
797 2842 867 2876 Sed
898 2849 1047 2888 propter
1080 2853 1245 2887 guerras,
1278 2853 1367 2886 quas
1397 2852 1521 2874 comes
1555 2839 1600 2872 de
1635 2839 1769 2872 Roceio
1804 2845 1840 2872 et
1867 2838 1927 2871 alii
1958 2838 2102 2883 quidam

224 2918 396 2953 proceres
424 2907 602 2942 adversus
631 2908 817 2942 dominum
850 2910 1066 2942 Remensem
1097 2908 1327 2950 exercebant,
1358 2920 1376 2941 a
1406 2907 1594 2953 proposito
1625 2911 1815 2939 revocatus
1845 2905 2005 2938 Parisius
2036 2904 2104 2937 iter

224 2973 368 3007 deflexi.
396 2973 468 3008 Ubi
489 2986 569 3007 cum
595 2975 758 3009 viderem
784 2975 994 3009 victualium
1019 2976 1173 3022 copiam,
1200 2975 1349 3008 letitiam
1374 2973 1512 3020 populi,
1540 2972 1778 3006 reverentiam
1802 2971 1903 3011 cleri,
1932 2977 1967 3004 et
1992 2970 2102 3003 totius

349 3032 443 3057 Cham-
466 3031 546 3057 Univ.
563 3032 658 3059 Paris.
677 3033 698 3058 1.
1963 3028 1978 3051 3
