2580 3528
432 370 503 407 ,112
1022 379 1344 402 einai-mmmmm
1378 380 1571 402 muvans.
1609 380 1738 403 mnis.
2221 371 2322 412 [1228

441 461 477 488 et
498 460 594 487 terra
614 465 739 487 eorum
763 453 854 486 infra
876 453 1136 486 Parisiensium
1161 465 1347 486 murorum
1368 453 1541 487 ambitum
1563 454 1772 496 constituta,
1798 481 1818 487 ..
1842 454 2081 488 cancellarius
2103 455 2321 489 Parisiensis

441 518 626 566 theologie
653 520 957 565 decretorumque
986 520 1156 553 doctores
1181 520 1225 553 ad
1248 521 1449 566 regendum
1473 521 1569 554 inter
1594 521 1687 554 duos
1713 528 1843 567 pontes
1867 522 2037 567 astringit
2058 522 2205 555 vinculo
2221 523 2322 567 jura-

441 588 565 621 menti.
589 589 741 632 Propter
762 587 860 632 quod
882 587 950 620 etsi
972 587 1142 620 doctores
1158 587 1286 620 artium
1310 587 1354 620 de
1376 587 1527 620 licencia
1549 588 1712 633 ipsorum
1735 595 1863 634 regant
1882 589 1919 621 in
1936 588 2096 634 predicta
2118 588 2320 634 parrochia,

439 654 625 700 theologie
655 661 773 687 tamen
800 653 858 687 vel
889 654 1118 687 decretorum
1149 654 1320 687 doctores
1342 666 1414 686 non
1436 654 1571 687 audent
1598 667 1727 699 regere
1753 655 1790 688 in
1817 655 1957 697 eadem,
1980 655 2076 688 unde
2102 667 2176 688 non
2201 655 2319 688 solum

439 721 583 762 honori,
615 721 680 753 sed
707 721 811 754 etiam
839 720 983 753 utilitati
1014 720 1224 753 monasterii
1257 720 1313 753 sui
1344 720 1539 765 plurimum
1576 721 1785 767 derogatur.
1819 721 1995 755 Volentes
2023 722 2135 767 igitur
2156 722 2318 767 ejusdem

440 788 650 821 monasterii
680 787 840 820 honoros
871 794 906 820 et
921 788 1003 831 jura
1032 786 1168 820 illibata
1197 787 1348 826 servari,
1378 787 1474 820 dicto
1507 788 1723 821 cancellario
1757 788 1894 821 nostris
1920 788 2088 821 dedimus
2122 788 2254 822 litteris
2284 788 2321 821 in

440 855 630 895 mandatis,
659 861 695 887 ut
725 855 754 887 si
782 854 972 899 premissis
1002 854 1136 886 veritas
1167 854 1398 899 suffragatur,
1424 854 1507 887 illos
1534 855 1595 899 qui
1624 855 1805 900 predictas
1827 855 1998 888 scientias
2018 855 2055 888 in
2078 855 2266 900 parrochia
2287 861 2322 889 et

440 930 533 956 terra
556 922 632 967 ipsa
655 922 787 954 docere
808 921 992 953 voluerint
1021 927 1054 953 et
1083 920 1152 965 ipsi
1175 921 1218 953 ad
1240 920 1275 953 id
1304 921 1553 966 reputaverint
1573 933 1655 954 esse
1683 921 1851 962 idoneos,
1874 922 1909 954 id
1938 922 2056 955 facere
2079 922 2159 955 sine
2179 929 2321 956 contra-

440 990 599 1022 dictione
626 988 818 1033 permittat.
849 988 1009 1032 Ideoque
1038 987 1252 1020 discretioni
1280 994 1401 1020 vestre
1428 1000 1492 1033 per
1519 988 1719 1033 apostolica
1744 989 1877 1034 scripta
1903 989 2128 1030 mandamus,
2151 989 2321 1034 quatinus

439 1056 469 1088 si
501 1056 619 1088 dictus
647 1054 886 1087 cancellarius
917 1054 1123 1087 mandatum
1153 1061 1317 1087 nostrum
1350 1054 1552 1100 neglexerit
1583 1055 1796 1100 adimplere,
1825 1067 1891 1089 vos
1921 1055 2085 1101 partibus
2112 1055 2321 1089 convocatis

438 1123 592 1155 audiatis
613 1121 697 1154 hinc
718 1121 803 1154 inde
825 1121 1024 1166 proposita,
1044 1127 1079 1154 et
1098 1133 1241 1154 causam
1264 1121 1488 1166 hujusmodi,
1507 1122 1537 1155 si
1560 1128 1680 1167 partes
1701 1122 1971 1164 consenserint,
1990 1122 2060 1156 fine
2078 1122 2202 1156 debito
2223 1123 2321 1156 deci-

437 1190 544 1228 datis,
566 1189 740 1221 facientes
762 1188 859 1233 quod
881 1188 1118 1221 decreveritis
1147 1200 1211 1233 per
1227 1200 1417 1221 censuram
1449 1188 1732 1222 ecclesiasticam
1759 1189 1911 1222 firmiter
1936 1189 2136 1231 observari,
2159 1189 2321 1235 alioquin

437 1256 587 1289 eandem
619 1256 662 1288 ad
691 1267 758 1288 nos
790 1255 981 1288 remittatis
1012 1254 1235 1288 sufficienter
1262 1255 1474 1288 instructam
1506 1255 1729 1301 prefigentes
1759 1256 1923 1301 partibus
1951 1257 2144 1289 terminum
2175 1268 2321 1302 compe-

436 1330 584 1364 tentem,
617 1335 688 1368 quo
720 1334 784 1367 per
814 1329 1070 1367 procuratores
1100 1321 1255 1355 idoneos
1286 1329 1435 1367 propter
1464 1322 1532 1355 hoc
1568 1330 1694 1356 nostro
1730 1335 1770 1356 se
1805 1323 2018 1369 conspectui
2051 1330 2318 1369 representent.

436 1392 566 1424 Testes
595 1396 713 1422 autem
745 1389 806 1434 qui
836 1389 972 1422 fuerint
1002 1389 1190 1430 nominati,
1221 1389 1251 1421 si
1282 1401 1321 1421 se
1352 1389 1479 1434 gratia,
1511 1390 1596 1422 odio
1626 1390 1683 1423 vel
1710 1390 1839 1423 timore
1866 1390 2124 1431 subtraxerint,
2146 1403 2211 1436 per
2235 1402 2320 1424 cen-

437 1470 557 1496 suram
584 1457 734 1489 eandem
764 1456 1006 1501 appellatione
1033 1462 1200 1488 cessante
1226 1456 1365 1501 cogatis
1390 1456 1530 1489 veritati
1556 1457 1804 1490 testimonium
1831 1456 2036 1502 perhibere.
2067 1458 2173 1500 Quod
2194 1458 2226 1491 si
2246 1470 2319 1491 non

437 1536 564 1557 omnes
599 1523 670 1556 hiis
705 1523 930 1567 exequendis
966 1522 1158 1567 potueritis
1192 1522 1387 1564 interesse,
1418 1523 1490 1556 duo
1525 1530 1685 1556 vestrum
1717 1536 1756 1557 ea
1787 1523 2047 1557 nichilominus
2081 1531 2318 1570 exequantur.

438 1593 516 1624 Dat.
541 1590 706 1623 Laterani
728 1590 764 1634 iij
788 1601 873 1622 non.
898 1589 1126 1630 Decembris,
1148 1589 1381 1634 pontificatus
1403 1590 1519 1623 nostri
1541 1602 1635 1623 anno
1657 1591 1787 1636 primo.

532 1689 657 1712 Biblioth.
675 1689 700 1711 S.
718 1689 865 1712 Genovesae
880 1688 963 1712 Paris.
981 1688 1044 1711 Cod.
1061 1688 1090 1716 Q.
1108 1688 1125 1711 1.
1143 1689 1165 1716 2,
1183 1687 1262 1715 in—80,
1279 1688 1323 1710 sol.
1341 1688 1395 1711 13¹.
1413 1688 1576 1716 —Bulaeus‚
1590 1689 1634 1717 111,
1652 1689 1705 1717 125,
1722 1689 1768 1712 ubi
1782 1689 1881 1720 legitur
1897 1697 1908 1712 «
1925 1697 1948 1712 x.
1966 1689 2017 1712 kal.
2035 1690 2185 1713 Decembris
2201 1698 2223 1714 ».

439 1889 517 1926 57.
544 1898 713 1923 Constitutio
733 1897 798 1923 Ord.
817 1896 921 1922 Praed.
941 1897 968 1922 in
985 1896 1112 1932 capitulo
1131 1896 1351 1931 generalissimo
1371 1896 1424 1922 suh
1445 1897 1582 1931 magistro
1603 1896 1729 1922 lor-dano
1746 1897 1871 1923 Parisiis
1887 1896 1966 1923 edita
1982 1897 2017 1923 de
2032 1897 2139 1923 studiis
2155 1898 2183 1923 in
2202 1897 2316 1925 Ordine.

1631 1986 1710 2016 1228.
1726 1994 1816 2012 mense
1831 1987 1903 2016 Maio,
1919 1987 2032 2013 Parisiis.

530 2062 643 2095 Curet
675 2061 775 2106 prior
805 2060 1039 2105 provincialis
1069 2060 1125 2093 vel
1158 2072 1368 2105 regnorum,
1400 2067 1439 2093 ut
1468 2060 1498 2093 si
1529 2060 1697 2093 habuerit
1723 2060 1865 2106 aliquos
1892 2061 2000 2094 utiles
2026 2061 2070 2094 ad
2098 2061 2317 2104 docendum,

439 2129 499 2174 qui
532 2128 675 2173 possint
702 2128 739 2160 in
766 2127 868 2160 brevi
897 2139 979 2160 esse
1007 2127 1078 2172 apti
1106 2127 1149 2159 ad
1176 2127 1392 2172 regendum,
1422 2127 1564 2159 mittere
1592 2127 1635 2160 ad
1664 2127 1884 2160 studendum
1912 2127 1954 2160 ad
1980 2127 2114 2169 locum,
2137 2127 2199 2160 ubi
2219 2128 2319 2174 viget

438 2195 613 2235 studium,
640 2201 676 2227 et
700 2195 737 2227 in
762 2194 843 2227 aliis
870 2194 936 2235 illi,
963 2194 1005 2227 ad
1033 2206 1125 2239 quos
1152 2194 1355 2234 mittuntur,
1382 2205 1446 2226 eos
1475 2206 1548 2226 non
1569 2194 1725 2227 audeant
1744 2206 1922 2239 occupare
1943 2207 2009 2227 nec
2030 2194 2074 2228 ad
2095 2195 2317 2240 provinciam

438 2262 637 2303 remittere,
660 2261 731 2294 nisi
751 2261 885 2294 suerint
908 2261 1078 2293 revocati.

527 2329 704 2372 Quoniam
736 2329 829 2361 circa
861 2328 1052 2361 studentes
1083 2327 1243 2373 diligens
1274 2334 1330 2360 est
1358 2326 1563 2360 adhibenda
1591 2327 1742 2368 cautela,
1764 2327 1921 2373 aliquem
1949 2328 2094 2361 fratrem
2123 2328 2317 2374 specialem

436 2395 602 2437 habeant,
627 2396 706 2428 sine
727 2396 832 2440 cujus
852 2395 997 2427 licentia
1019 2407 1092 2427 non
1118 2393 1279 2427 scribant
1305 2401 1503 2439 quaternos
1525 2406 1590 2427 nec
1612 2394 1760 2427 audiant
1779 2394 1970 2436 lectiones,
1993 2401 2028 2428 et
2049 2406 2118 2440 que
2140 2395 2234 2428 circa
2254 2406 2318 2429 eos

438 2463 474 2495 in
496 2463 618 2495 studio
640 2462 859 2507 corrigenda
880 2461 1012 2495 viderit
1032 2461 1203 2506 corrigat.
1227 2462 1271 2494 Et
1291 2461 1321 2494 si
1342 2461 1441 2494 vires
1463 2462 1570 2506 [ejus]
1593 2461 1782 2503 excedant,
1804 2461 1942 2507 prelato
1964 2469 2153 2507 proponat.

528 2531 567 2561 In
589 2529 694 2561 libris
724 2529 915 2574 gentilium
946 2535 981 2561 et
1008 2527 1310 2573 philosophorum
1340 2540 1413 2561 non
1442 2527 1624 2569 studeant,
1651 2528 1719 2561 etsi
1746 2528 1789 2561 ad
1819 2527 1941 2561 horam
1969 2528 2174 2573 inspiciant.
2207 2529 2318 2562 Secu—

439 2596 532 2628 lares
561 2595 732 2628 scientias
760 2607 833 2628 non
859 2595 1060 2635 addiscant,
1091 2607 1156 2627 nec
1185 2595 1290 2627 etiam
1319 2601 1414 2627 artes
1437 2607 1526 2639 quas
1552 2594 1723 2628 liberales
1743 2601 1884 2636 vocant,
1907 2595 1977 2627 nisi
2003 2594 2197 2639 aliquando
2223 2595 2317 2628 circa

438 2662 580 2706 aliquos
610 2662 784 2706 magister
813 2662 954 2694 ordinis
984 2661 1042 2694 vel
1071 2661 1267 2706 capitulum
1298 2660 1470 2706 generale
1500 2661 1658 2694 voluerit
1685 2661 1789 2694 aliter
1823 2661 2050 2706 dispensare,
2082 2661 2148 2694 sed
2180 2668 2315 2694 tantum

439 2727 555 2761 libros
581 2727 809 2772 theologicos
838 2734 906 2760 tam
930 2729 1087 2772 juvenes
1116 2739 1221 2772 quam
1250 2727 1309 2759 alii
1338 2727 1472 2772 legant.
1503 2727 1700 2760 Statuimus
1727 2733 1859 2768 autem,
1886 2734 1925 2760 ut
1944 2727 2107 2772 quelibet
2131 2728 2316 2772 provincia

439 2794 611 2828 fratribus
632 2794 709 2827 suis
735 2794 859 2827 missis
885 2794 929 2827 ad
950 2794 1110 2826 studium
1132 2794 1175 2826 ad
1197 2794 1318 2826 minus
1338 2793 1375 2826 in
1396 2793 1514 2826 tribus
1535 2793 1640 2826 libris
1662 2793 1846 2839 theologie
1868 2794 2061 2839 providere
2082 2800 2260 2835 teneatur,
2282 2801 2318 2828 et

438 2862 567 2895 fratres
598 2861 700 2894 missi
728 2861 772 2894 ad
800 2861 960 2894 studium
990 2861 1026 2893 in
1051 2860 1199 2906 ystoriis
1225 2866 1260 2892 et
1285 2860 1478 2893 sententiis
1503 2866 1539 2892 et
1558 2866 1656 2892 textu
1678 2867 1713 2893 et
1732 2860 1868 2906 glosis¹
1891 2860 2063 2906 precipue
2089 2861 2258 2894 studeant
2282 2869 2318 2895 et

439 2928 639 2962 intendant.
