2580 3528
475 396 540 430 362
1059 405 1379 429 culm-rumimunt
1414 404 1605 427 uuivsus.
1642 404 1773 426 mnis.
2254 392 2352 434 [1257

476 481 584 523 bitas,
615 487 651 514 et
679 481 771 527 ipsis
802 480 974 514 fratribus
1003 493 1042 513 ac
1072 480 1153 513 aliis
1182 479 1341 513 studium
1373 478 1614 524 diligentibus
1645 485 1768 511 sancte
1798 477 1932 523 quietis
1959 475 2203 522 tranquillitas
2232 476 2354 522 provi-

480 548 597 590 detur,
639 547 896 581 sublimitatem
935 554 1028 580 tuam
1064 558 1235 592 rogamus
1270 552 1306 579 et
1338 545 1525 579 hortamur
1559 545 1596 577 in
1631 544 1801 586 Domino,
1840 556 1880 578 ac
1918 544 1956 576 in
1994 543 2249 577 remissionem
2287 542 2354 577 tibi

479 615 706 660 injungimus
751 620 998 660 peccatorum,
1034 613 1204 658 quatinus
1239 611 1440 646 venerabili
1473 611 1574 644 fratri
1610 617 1737 644 nostro
1767 637 1793 643 ..
1832 611 2005 656 episcopo
2044 609 2260 651 Parisiensi,
2295 609 2354 643 cui

479 681 726 726 predictorum
758 681 937 714 sententie
968 687 1004 713 et
1032 686 1246 713 statutorum
1278 678 1530 711 executionem
1561 676 1823 718 commisimus,
1855 683 2062 722 promptum
2092 683 2128 710 et
2155 662 2353 710 favorabile

480 759 590 793 super
624 748 692 781 hoc
726 754 849 780 contra
882 746 1137 779 inobedientes
1172 752 1207 778 et
1240 744 1398 778 rebelles
1432 756 1471 777 ac
1506 744 1640 788 quietis
1674 743 1785 776 studii
1823 742 2030 776 turbatores
2063 749 2100 776 et
2131 743 2352 788 prefatorum

478 815 627 847 fratrum
657 820 846 847 vexatores
876 819 1038 858 prestare
1065 811 1203 845 brachii
1233 811 1284 844 tui
1315 822 1422 843 cures
1452 809 1638 851 auxilium,
1670 821 1742 854 quo
1774 821 1842 854 pax
1871 809 2053 842 muniatur
2082 808 2287 851 humilium,
2318 815 2354 842 et

479 881 713 914 insolentium
754 880 938 913 cervicosa
977 878 1176 924 pervicacia
1211 877 1473 922 confringatur,
1510 875 1739 909 excludendo
1773 887 1792 908 a
1826 887 1942 921 regno
1981 875 2130 908 Francie
2168 875 2227 909 vel
2264 875 2353 909 alias

478 946 706 980 coherccndo
734 952 843 991 prout
865 945 1002 978 videris
1027 945 1211 990 expedire.
1238 944 1289 976 Ac
1315 949 1534 976 memoratos
1558 943 1688 975 fratres
1712 953 1840 975 manus
1864 942 1965 987 regia
1989 941 2197 987 prepotenti
2219 941 2353 976 virtute

477 1013 520 1046 ab
543 1013 639 1045 omni
661 1012 826 1045 molestia
848 1018 1014 1057 protegat
1034 1018 1070 1044 et
1088 1011 1270 1052 defendat,
1292 1010 1486 1055 vivantque
1506 1009 1610 1054 regio
1631 1008 1790 1042 culmine
1811 1008 1878 1042 tuti
1899 1015 1935 1041 et
1954 1007 2024 1042 sub
2043 1015 2104 1041 tua
2126 1008 2353 1054 protectione

477 1080 610 1121 securi,
632 1079 727 1112 inter
746 1078 931 1123 inquietos
952 1077 1105 1123 pacifici,
1126 1077 1221 1110 inter
1242 1076 1430 1122 improbos
1451 1076 1680 1117 innocentes,
1704 1087 1834 1120 preces
1852 1081 1998 1109 nostras
2021 1075 2059 1108 in
2083 1074 2149 1108 hac
2174 1081 2275 1120 parte
2299 1074 2353 1109 sic

476 1144 668 1177 efficaciter
688 1143 918 1188 impleturus,
940 1142 1038 1187 quod
1059 1153 1140 1183 nos,
1162 1141 1224 1186 qui
1245 1153 1305 1174 eas
1327 1140 1392 1174 tibi
1414 1152 1456 1173 ex
1477 1140 1600 1174 cordis
1619 1140 1748 1173 affectu
1770 1139 1978 1185 dirigimus,
1998 1139 2074 1174 voti
2093 1139 2211 1173 nostri
2235 1138 2353 1185 pleni-

476 1209 637 1241 tudinem
664 1207 851 1240 consecuti
876 1207 948 1240 tuis
978 1219 1057 1239 cum
1090 1212 1310 1251 oportunum
1340 1205 1450 1238 fuerit
1478 1204 1654 1238 libentius
1684 1215 1898 1237 annuamus.
1931 1205 2009 1237 Dat.
2039 1203 2196 1238 viterbii
2225 1203 2248 1249 ij
2280 1202 2350 1238 kal.

474 1275 644 1320 Augusti,
666 1273 897 1319 pontificatus
918 1273 1034 1306 nostri
1055 1285 1150 1306 anno
1171 1273 1291 1306 tertio.

568 1373 703 1404 Originalc
718 1373 744 1396 in
760 1372 836 1396 Arch.
854 1375 905 1395 nat.
924 1371 1005 1396 Paris.
1023 1372 1050 1395 L.
1068 1371 1122 1398 251,
1142 1375 1171 1393 n0
1186 1371 1239 1394 143.
1256 1371 1365 1394 Restant
1380 1370 1424 1393 fila
1435 1370 1546 1393 cannah.
1564 1370 1591 1393 In
1609 1369 1762 1393 membrana
1778 1377 1871 1393 aversa
1888 1377 1893 1393 ·,
1911 1378 1923 1392 «
1939 1368 2137 1392 Predicntomm
2153 1377 2174 1392 n.
2186 1368 2366 1398 —Bulaeun‚·

473 1417 517 1445 111,
537 1418 590 1441 341.

472 1546 501 1582 3
511 1545 585 1581 14.
609 1553 776 1579 Alexander
791 1554 834 1579 IV
846 1551 994 1578 Guillelmo
1010 1551 1046 1578 de
1067 1553 1094 1578 S.
1112 1553 1215 1577 Amore
1231 1560 1316 1586 regno
1332 1551 1474 1577 Franciae
1489 1550 1644 1585 inter-dicit,
1662 1558 1828 1586 omnemque
1843 1549 1965 1576 docendi
1980 1553 2033 1575 aut
2043 1548 2240 1585 praedicandi
2252 1548 2351 1584 facul—

564 1606 650 1628 tatem
666 1603 692 1628 ei
707 1602 819 1628 adimit.

1699 1649 1778 1678 1257,
1794 1648 1903 1681 Augusti
1915 1649 1939 1678 9,
1955 1647 2064 1674 riter-bia:

561 1727 767 1760 Alexander
799 1726 994 1771 episcopus
1025 1737 1155 1771 servus
1189 1736 1379 1758 servorum
1409 1724 1475 1757 Dei
1506 1723 1710 1758 Guillermo
1741 1723 1786 1756 de
1818 1724 1948 1757 Sancto
1978 1723 2113 1755 Amore
2142 1722 2180 1755 in
2213 1721 2349 1756 bonum

472 1791 632 1836 dirigere
653 1802 805 1836 gressus
827 1801 927 1823 suos.
951 1790 1042 1824 Cum
1064 1796 1213 1835 propter
1233 1788 1453 1834 multiplices
1475 1788 1600 1834 culpas
1622 1794 1657 1821 et
1675 1787 1834 1833 grandes
1855 1787 2027 1829 offensas,
2049 1798 2138 1832 quas
2158 1785 2350 1820 temerarie

472 1858 700 1899 commisisti,
727 1864 762 1890 ct
785 1856 992 1902 specialiter
1017 1863 1166 1902 propter
1190 1855 1356 1889 libellum
1383 1855 1623 1901 pernitiosum
1650 1861 1685 1888 et
1710 1853 1963 1887 detestabilem
1989 1866 2007 1886 a
2033 1860 2067 1887 te
2092 1852 2348 1898 compositum,

472 1932 507 1958 et
536 1937 600 1970 per
628 1937 695 1957 nos
726 1925 811 1957 olim
843 1924 887 1957 de
915 1924 1064 1956 fratrum
1092 1929 1302 1956 nostrorum
1335 1922 1490 1955 consilio
1528 1921 1761 1967 reprobatum
1791 1927 1826 1954 et.
1859 1921 2115 1966 inperpetuum
2152 1919 2351 1965 condemp-

473 1998 607 2033 natum,
634 1991 812 2024 merueris
833 2002 963 2036 graves
984 2001 1109 2035 penas,
1132 1989 1302 2023 volumus
1323 1995 1359 2022 ct
1379 2000 1444 2034 per
1463 1988 1663 2034 apostolica
1684 1987 1750 2021 tibi
1771 1987 1906 2032 scripta
1926 1987 1963 2019 in
1983 1986 2116 2020 virtute
2142 1985 2352 2020 obedientie

472 2058 540 2091 sub
566 2058 688 2091 debito
709 2057 918 2102 juramenti,
942 2056 1040 2102 quod
1061 2056 1252 2101 prestitisti
1279 2055 1323 2088 de
1350 2055 1479 2088 stando
1505 2055 1648 2100 precise
1674 2054 1852 2087 mandatis
1877 2053 2026 2095 nostris,
2053 2064 2197 2086 necnon
2222 2059 2259 2086 et:
2282 2050 2352 2096 sub

473 2124 856 2158 excommunicationis
881 2136 920 2156 ac
946 2123 1159 2168 privationis
1185 2128 1360 2168 perpetue
1385 2122 1429 2155 ab
1455 2122 1574 2155 officio
1600 2128 1636 2154 et
1660 2120 1850 2154 beneficiis
1876 2120 1994 2166 penis,
2021 2131 2112 2165 quas
2138 2131 2182 2152 eo
2209 2118 2290 2164 ipso
2316 2125 2353 2152 te

471 2193 658 2225 incurrere
688 2191 870 2232 volumus,
899 2191 929 2223 si
957 2197 1082 2223 contra
1115 2188 1326 2234 hujusmodi
1357 2195 1568 2234 preceptum
1602 2194 1767 2222 nostrum
1801 2187 1926 2221 venire
1962 2186 2208 2232 temptaveris,
2240 2182 2351 2220 salvis

473 2258 552 2291 aliis
587 2258 764 2291 mandatis
800 2257 864 2290 tibi
899 2257 1075 2290 faciendis
1109 2269 1127 2289 a
1162 2255 1282 2297 nobis,
1319 2255 1482 2288 districte
1518 2254 1754 2300 precipiendo
1789 2253 2002 2287 mandamus
2043 2251 2213 2298 quatinus
2249 2249 2350 2286 nullo

473 2338 640 2370 umquam
682 2332 844 2370 tempore
886 2336 1039 2369 regnum
1083 2323 1232 2356 Francie
1274 2322 1413 2368 absque
1456 2322 1556 2355 sedis
1597 2321 1796 2367 apostolice
1838 2320 1984 2354 licentia
2024 2318 2175 2365 speciali
2214 2318 2350 2352 intrare

473 2392 694 2437 presumas¹,
717 2398 752 2424 et
778 2390 1038 2424 nichilominus
1065 2401 1208 2422 omnem
1235 2389 1391 2422 docendi
1412 2401 1451 2422 ac
1478 2388 1689 2434 predicandi
1714 2387 1926 2421 auctoritate
1950 2385 2149 2432 apostolica
2172 2391 2350 2431 perpetuo

474 2459 725 2491 interdicimus
749 2457 967 2498 facultatem,
995 2457 1042 2490 ita
1068 2456 1166 2501 quod
1187 2468 1253 2488 nec
1274 2456 1407 2489 docere
1428 2455 1576 2498 alicubi,
1604 2467 1671 2488 nec
1692 2466 1851 2500 unquam
1872 2453 1981 2487 alicui
2007 2451 2105 2486 clero
2129 2451 2188 2486 vel
2212 2450 2349 2497 populo

474 2525 553 2557 sine
584 2525 699 2569 ipsius
731 2524 830 2557 sedis
863 2523 1105 2569 permissione
1138 2522 1307 2555 decetero
1337 2522 1471 2556 audeas
1504 2522 1703 2567 predicare.
1738 2522 1816 2554 Dat.
1850 2518 2006 2554 Viterbii
2037 2531 2060 2553 v
2090 2517 2140 2552 id.
2173 2517 2348 2564 Augusti,

476 2590 705 2635 pontificatus
726 2591 841 2624 nostri
861 2603 955 2624 anno
977 2590 1096 2623 tertio.

568 2688 702 2719 Originale
721 2688 747 2711 in
763 2689 838 2712 Arch.
855 2692 908 2712 nat.
925 2688 1008 2712 Paris.
1026 2688 1053 2711 L.
1070 2687 1124 2716 251,
1141 2691 1170 2710 n⁰
1185 2687 1238 2710 144.
1260 2687 1369 2711 Restant
1382 2687 1427 2710 fila
1442 2686 1552 2710 cannah.
1570 2686 1642 2709 Infra
1658 2693 1664 2709 t
1683 2694 1694 2709 «
1711 2686 1787 2717 liugn
1801 2693 1819 2709 v
1834 2693 1855 2708 n.
1873 2685 1903 2708 ln
1923 2683 2078 2707 membrana
2093 2690 2187 2706 aversa
2203 2689 2210 2705 z
2228 2690 2240 2705 α
2255 2680 2351 2706 Predi-

475 2735 594 2755 catorum
609 2741 630 2755 ».
647 2733 709 2756 Cod.
725 2732 813 2764 privil.
831 2733 893 2756 Ord.
910 2733 971 2756 Min.
988 2732 1123 2756 continens
1138 2735 1164 2756 et
1177 2732 1211 2755 ad
1226 2732 1289 2756 Ord.
1307 2732 1380 2755 Serv.
1398 2731 1495 2754 Mariae
1510 2730 1645 2762 pertinens
1661 2729 1740 2761 (saec.
1757 2729 1831 2759 XIV).
1847 2742 1879 2747 —
1892 2728 2017 2756 Bulaeus,
2033 2727 2080 2756 111,
2096 2727 2150 2750 342.

570 2816 592 2839 1.
611 2816 663 2839 Rex
678 2816 734 2847 ipse
749 2817 853 2847 rogavit
866 2825 974 2848 papam,
989 2819 1018 2840 ut
1032 2816 1174 2841 Guillelmo
1187 2815 1236 2838 hoc
1251 2815 1426 2839 interdiceret.
1442 2815 1506 2838 Vide
1522 2819 1552 2838 n⁰
1566 2814 1620 2838 315.

599 3014 639 3038 46.
