<?xml version="1.0" encoding="UTF-8"?>
<!DOCTYPE html PUBLIC "-//W3C//DTD XHTML 1.0 Transitional//EN"
    "http://www.w3.org/TR/xhtml1/DTD/xhtml1-transitional.dtd">
<html xmlns="http://www.w3.org/1999/xhtml" xml:lang="en" lang="en">
 <head>
  <title>
</title>
<meta http-equiv="Content-Type" content="text/html;charset=utf-8" />
  <meta name='ocr-system' content='tesseract 3.04.00' />
  <meta name='ocr-capabilities' content='ocr_page ocr_carea ocr_par ocr_line ocrx_word'/>
</head>
<body>
  <div class='ocr_page' id='page_1' title='image "./chartulariumuniv01univuoft_0086.png"; bbox 0 0 2618 3640; ppageno 0'>
   <div class='ocr_carea' id='block_1_1' title="bbox 484 438 1788 470">
    <p class='ocr_par' dir='ltr' id='par_1_1' title="bbox 484 438 1788 470">
     <span class='ocr_line' id='line_1_1' title="bbox 484 438 1788 470; baseline -0.002 0"><span class='ocrx_word' id='word_1_1' title='bbox 484 438 528 470; x_wconf 82' lang='lat'>44</span> <span class='ocrx_word' id='word_1_2' title='bbox 1071 446 1393 470; x_wconf 66' lang='lat' dir='ltr'>annTULAmum</span> <span class='ocrx_word' id='word_1_3' title='bbox 1427 446 1620 468; x_wconf 65' lang='lat' dir='ltr'>umveas.</span> <span class='ocrx_word' id='word_1_4' title='bbox 1657 445 1788 468; x_wconf 69' lang='lat' dir='ltr'>rmus.</span> 
     </span>
    </p>
   </div>
   <div class='ocr_carea' id='block_1_2' title="bbox 483 565 2372 659">
    <p class='ocr_par' dir='ltr' id='par_1_2' title="bbox 483 565 2372 659">
     <span class='ocr_line' id='line_1_2' title="bbox 483 565 2372 611; baseline -0.002 -10"><span class='ocrx_word' id='word_1_5' title='bbox 483 565 565 602; x_wconf 83' lang='grc'>43.</span> <span class='ocrx_word' id='word_1_6' title='bbox 597 573 760 611; x_wconf 83' lang='lat' dir='ltr'><em>Stephanus</em></span> <span class='ocrx_word' id='word_1_7' title='bbox 788 573 975 599; x_wconf 84' lang='lat' dir='ltr'>Tornacensz&#39;s</span> <span class='ocrx_word' id='word_1_8' title='bbox 1004 572 1044 598; x_wconf 87' lang='lat' dir='ltr'>ad</span> <span class='ocrx_word' id='word_1_9' title='bbox 1067 572 1242 599; x_wconf 84' lang='lat' dir='ltr'>Absalonem</span> <span class='ocrx_word' id='word_1_10' title='bbox 1266 571 1444 598; x_wconf 79' lang='lat' dir='ltr'>Lundensem</span> <span class='ocrx_word' id='word_1_11' title='bbox 1467 571 1715 608; x_wconf 79' lang='lat' dir='ltr'>archiepiscopum</span> <span class='ocrx_word' id='word_1_12' title='bbox 1741 571 1777 597; x_wconf 87' lang='lat' dir='ltr'>de</span> <span class='ocrx_word' id='word_1_13' title='bbox 1799 572 1884 598; x_wconf 85' lang='lat' dir='ltr'>Petro</span> <span class='ocrx_word' id='word_1_14' title='bbox 1909 572 2046 597; x_wconf 83' lang='lat' dir='ltr'>canonico</span> <span class='ocrx_word' id='word_1_15' title='bbox 2070 573 2097 598; x_wconf 90' lang='lat' dir='ltr'>S.</span> <span class='ocrx_word' id='word_1_16' title='bbox 2125 572 2283 606; x_wconf 74' lang='lat' dir='ltr'>Genovefae</span> <span class='ocrx_word' id='word_1_17' title='bbox 2307 571 2372 607; x_wconf 74' lang='lat' dir='ltr'>ejus</span> 
     </span>
     <span class='ocr_line' id='line_1_3' title="bbox 576 620 1942 659; baseline -0.002 -10"><span class='ocrx_word' id='word_1_18' title='bbox 576 627 686 659; x_wconf 80' lang='lat' dir='ltr'>nepote,</span> <span class='ocrx_word' id='word_1_19' title='bbox 705 623 755 659; x_wconf 86' lang='lat' dir='ltr'>qui</span> <span class='ocrx_word' id='word_1_20' title='bbox 769 623 798 649; x_wconf 84' lang='lat' dir='ltr'>in</span> <span class='ocrx_word' id='word_1_21' title='bbox 813 626 906 649; x_wconf 85' lang='lat' dir='ltr'>monte</span> <span class='ocrx_word' id='word_1_22' title='bbox 923 624 950 648; x_wconf 89' lang='lat' dir='ltr'>S.</span> <span class='ocrx_word' id='word_1_23' title='bbox 971 623 1128 656; x_wconf 74' lang='lat' dir='ltr'>Genoves&#39;ae</span> <span class='ocrx_word' id='word_1_24' title='bbox 1143 622 1217 648; x_wconf 79' lang='lat' dir='ltr'>inter</span> <span class='ocrx_word' id='word_1_25' title='bbox 1231 621 1379 647; x_wconf 83' lang='lat' dir='ltr'><em>scholares</em></span> <span class='ocrx_word' id='word_1_26' title='bbox 1394 621 1481 647; x_wconf 82' lang='lat' dir='ltr'>simul</span> <span class='ocrx_word' id='word_1_27' title='bbox 1495 625 1523 647; x_wconf 87' lang='lat' dir='ltr'>et</span> <span class='ocrx_word' id='word_1_28' title='bbox 1538 620 1712 647; x_wconf 78' lang='lat' dir='ltr'>claustrales</span> <span class='ocrx_word' id='word_1_29' title='bbox 1725 620 1942 657; x_wconf 78' lang='lat' dir='ltr'><strong><em>praefulgebat.</em></strong></span> 
     </span>
    </p>
   </div>
   <div class='ocr_carea' id='block_1_3' title="bbox 1537 722 2081 758">
    <p class='ocr_par' dir='ltr' id='par_1_3' title="bbox 1537 722 2081 758">
     <span class='ocr_line' id='line_1_4' title="bbox 1537 722 2081 758; baseline 0 -9"><span class='ocrx_word' id='word_1_30' title='bbox 1537 724 1691 753; x_wconf 83' lang='grc'><em>1178-1192,</em></span> <span class='ocrx_word' id='word_1_31' title='bbox 1707 723 1753 758; x_wconf 82' lang='grc' dir='ltr'>[Ιη</span> <span class='ocrx_word' id='word_1_32' title='bbox 1767 725 1854 750; x_wconf 70' lang='lat' dir='ltr'>monte</span> <span class='ocrx_word' id='word_1_33' title='bbox 1870 723 1893 749; x_wconf 79' lang='lat' dir='ltr'>S.</span> <span class='ocrx_word' id='word_1_34' title='bbox 1910 723 2054 750; x_wconf 61' lang='lat' dir='ltr'>Geneatae</span> <span class='ocrx_word' id='word_1_35' title='bbox 2055 722 2081 758; x_wconf 88' lang='lat' dir='ltr'>J.</span> 
     </span>
    </p>
   </div>
   <div class='ocr_carea' id='block_1_4' title="bbox 486 809 2437 1860">
    <p class='ocr_par' dir='ltr' id='par_1_4' title="bbox 486 809 2437 1860">
     <span class='ocr_line' id='line_1_5' title="bbox 576 809 2372 858; baseline -0.001 -12"><span class='ocrx_word' id='word_1_36' title='bbox 576 813 776 847; x_wconf 86' lang='lat' dir='ltr'>Jocundam</span> <span class='ocrx_word' id='word_1_37' title='bbox 796 813 892 846; x_wconf 86' lang='lat' dir='ltr'>Petri</span> <span class='ocrx_word' id='word_1_38' title='bbox 914 812 1030 845; x_wconf 82' lang='lat' dir='ltr'>nostri</span> <span class='ocrx_word' id='word_1_39' title='bbox 1050 812 1185 858; x_wconf 91' lang='lat' dir='ltr'>pariter</span> <span class='ocrx_word' id='word_1_40' title='bbox 1210 819 1245 845; x_wconf 89' lang='lat' dir='ltr'>et</span> <span class='ocrx_word' id='word_1_41' title='bbox 1268 811 1381 845; x_wconf 86' lang='lat' dir='ltr'>vestri</span> <span class='ocrx_word' id='word_1_42' title='bbox 1406 811 1722 845; x_wconf 84' lang='lat' dir='ltr'>conversationem</span> <span class='ocrx_word' id='word_1_43' title='bbox 1743 817 1841 844; x_wconf 86' lang='lat' dir='ltr'>tanto</span> <span class='ocrx_word' id='word_1_44' title='bbox 1866 811 2015 856; x_wconf 88' lang='lat' dir='ltr'>gravius</span> <span class='ocrx_word' id='word_1_45' title='bbox 2041 818 2097 844; x_wconf 90' lang='lat' dir='ltr'>est</span> <span class='ocrx_word' id='word_1_46' title='bbox 2120 810 2227 844; x_wconf 91' lang='lat' dir='ltr'>nobis</span> <span class='ocrx_word' id='word_1_47' title='bbox 2247 809 2306 845; x_wconf 90' lang='lat' dir='ltr'>vel</span> <span class='ocrx_word' id='word_1_48' title='bbox 2326 810 2372 844; x_wconf 87' lang='lat' dir='ltr'>ad</span> 
     </span>
     <span class='ocr_line' id='line_1_6' title="bbox 488 878 2370 926; baseline -0.001 -13"><span class='ocrx_word' id='word_1_49' title='bbox 488 887 631 926; x_wconf 90' lang='lat' dir='ltr'>tempus</span> <span class='ocrx_word' id='word_1_50' title='bbox 658 880 836 921; x_wconf 89' lang='lat' dir='ltr'>amittere,</span> <span class='ocrx_word' id='word_1_51' title='bbox 865 886 998 924; x_wconf 89' lang='lat' dir='ltr'>quanto</span> <span class='ocrx_word' id='word_1_52' title='bbox 1025 879 1172 924; x_wconf 86' lang='lat' dir='ltr'>gracius</span> <span class='ocrx_word' id='word_1_53' title='bbox 1200 885 1299 912; x_wconf 87' lang='lat' dir='ltr'>esset</span> <span class='ocrx_word' id='word_1_54' title='bbox 1325 890 1365 911; x_wconf 91' lang='lat' dir='ltr'>ea</span> <span class='ocrx_word' id='word_1_55' title='bbox 1392 885 1570 923; x_wconf 89' lang='lat' dir='ltr'>perpetuo</span> <span class='ocrx_word' id='word_1_56' title='bbox 1598 890 1672 911; x_wconf 94' lang='lat' dir='ltr'>non</span> <span class='ocrx_word' id='word_1_57' title='bbox 1699 890 1835 911; x_wconf 84' lang='lat' dir='ltr'>carere.</span> <span class='ocrx_word' id='word_1_58' title='bbox 1867 878 1903 911; x_wconf 90' lang='lat' dir='ltr'>Si</span> <span class='ocrx_word' id='word_1_59' title='bbox 1931 890 2167 912; x_wconf 80' lang='lat' dir='ltr'>numeremus</span> <span class='ocrx_word' id='word_1_60' title='bbox 2192 890 2370 911; x_wconf 88' lang='lat' dir='ltr'>annorum</span> 
     </span>
     <span class='ocr_line' id='line_1_7' title="bbox 488 945 2372 993; baseline -0.001 -13"><span class='ocrx_word' id='word_1_61' title='bbox 488 954 663 993; x_wconf 87' lang='lat' dir='ltr'>tempora,</span> <span class='ocrx_word' id='word_1_62' title='bbox 685 947 833 992; x_wconf 80' lang='lat' dir='ltr'>juvenis</span> <span class='ocrx_word' id='word_1_63' title='bbox 860 953 935 987; x_wconf 72' lang='lat' dir='ltr'>est,</span> <span class='ocrx_word' id='word_1_64' title='bbox 966 958 1090 986; x_wconf 84' lang='lat' dir='ltr'>senex,</span> <span class='ocrx_word' id='word_1_65' title='bbox 1118 946 1149 978; x_wconf 90' lang='lat' dir='ltr'>si</span> <span class='ocrx_word' id='word_1_66' title='bbox 1175 957 1315 978; x_wconf 89' lang='lat' dir='ltr'>morum</span> <span class='ocrx_word' id='word_1_67' title='bbox 1338 945 1464 977; x_wconf 87' lang='lat' dir='ltr'>merita</span> <span class='ocrx_word' id='word_1_68' title='bbox 1485 951 1750 990; x_wconf 86' lang='lat' dir='ltr'>computemus.</span> <span class='ocrx_word' id='word_1_69' title='bbox 1779 946 1878 978; x_wconf 81' lang='lat' dir='ltr'><strong>Inter</strong></span> <span class='ocrx_word' id='word_1_70' title='bbox 1903 945 2064 978; x_wconf 89' lang='lat' dir='ltr'>scolares</span> <span class='ocrx_word' id='word_1_71' title='bbox 2090 945 2250 987; x_wconf 87' lang='lat' dir='ltr'>subtilis,</span> <span class='ocrx_word' id='word_1_72' title='bbox 2276 945 2372 978; x_wconf 88' lang='lat' dir='ltr'>inter</span> 
     </span>
     <span class='ocr_line' id='line_1_8' title="bbox 488 1011 2372 1058; baseline -0.001 -11"><span class='ocrx_word' id='word_1_73' title='bbox 488 1014 700 1047; x_wconf 76' lang='lat' dir='ltr'><strong>claustrales</strong></span> <span class='ocrx_word' id='word_1_74' title='bbox 734 1013 903 1054; x_wconf 68' lang='lat' dir='ltr'>humilis,</span> <span class='ocrx_word' id='word_1_75' title='bbox 944 1012 995 1045; x_wconf 90' lang='lat' dir='ltr'>ibi</span> <span class='ocrx_word' id='word_1_76' title='bbox 1033 1012 1277 1053; x_wconf 85' lang='lat' dir='ltr'>verecundus,</span> <span class='ocrx_word' id='word_1_77' title='bbox 1314 1011 1372 1044; x_wconf 92' lang='lat' dir='ltr'>hic</span> <span class='ocrx_word' id='word_1_78' title='bbox 1405 1023 1491 1045; x_wconf 92' lang='lat' dir='ltr'>vere</span> <span class='ocrx_word' id='word_1_79' title='bbox 1526 1011 1699 1053; x_wconf 87' lang='lat' dir='ltr'>mundus,</span> <span class='ocrx_word' id='word_1_80' title='bbox 1734 1011 1871 1056; x_wconf 91' lang='lat' dir='ltr'>ubique</span> <span class='ocrx_word' id='word_1_81' title='bbox 1906 1011 2009 1045; x_wconf 85' lang='lat' dir='ltr'>avide</span> <span class='ocrx_word' id='word_1_82' title='bbox 2044 1011 2252 1054; x_wconf 90' lang='lat' dir='ltr'>laudabilis,</span> <span class='ocrx_word' id='word_1_83' title='bbox 2288 1012 2372 1058; x_wconf 88' lang='lat' dir='ltr'>quia</span> 
     </span>
     <span class='ocr_line' id='line_1_9' title="bbox 488 1077 2371 1125; baseline -0.001 -12"><span class='ocrx_word' id='word_1_84' title='bbox 488 1093 671 1125; x_wconf 87' lang='lat' dir='ltr'>nunquam</span> <span class='ocrx_word' id='word_1_85' title='bbox 703 1080 830 1113; x_wconf 84' lang='lat' dir='ltr'>avidus</span> <span class='ocrx_word' id='word_1_86' title='bbox 860 1086 936 1112; x_wconf 85' lang='lat' dir='ltr'>erat</span> <span class='ocrx_word' id='word_1_87' title='bbox 965 1078 1094 1111; x_wconf 87' lang='lat' dir='ltr'>laudis.</span> <span class='ocrx_word' id='word_1_88' title='bbox 1128 1080 1169 1111; x_wconf 92' lang='lat' dir='ltr'>In</span> <span class='ocrx_word' id='word_1_89' title='bbox 1199 1078 1354 1111; x_wconf 87' lang='lat' dir='ltr'>ecclesia</span> <span class='ocrx_word' id='word_1_90' title='bbox 1384 1084 1508 1111; x_wconf 87' lang='lat' dir='ltr'>nostra</span> <span class='ocrx_word' id='word_1_91' title='bbox 1538 1077 1648 1111; x_wconf 85' lang='lat' dir='ltr'>simul</span> <span class='ocrx_word' id='word_1_92' title='bbox 1678 1084 1714 1110; x_wconf 88' lang='lat' dir='ltr'>et</span> <span class='ocrx_word' id='word_1_93' title='bbox 1742 1090 1807 1111; x_wconf 88' lang='lat' dir='ltr'>sua</span> <span class='ocrx_word' id='word_1_94' title='bbox 1836 1078 1949 1111; x_wconf 90' lang='lat' dir='ltr'>verbo</span> <span class='ocrx_word' id='word_1_95' title='bbox 1985 1078 2199 1121; x_wconf 86' lang='lat' dir='ltr'>naturalem,</span> <span class='ocrx_word' id='word_1_96' title='bbox 2235 1079 2371 1124; x_wconf 85' lang='lat' dir='ltr'>scripto</span> 
     </span>
     <span class='ocr_line' id='line_1_10' title="bbox 488 1144 2373 1192; baseline -0.001 -12"><span class='ocrx_word' id='word_1_97' title='bbox 488 1147 644 1188; x_wconf 88' lang='lat' dir='ltr'>civilem,</span> <span class='ocrx_word' id='word_1_98' title='bbox 666 1159 704 1179; x_wconf 87' lang='lat' dir='ltr'>re</span> <span class='ocrx_word' id='word_1_99' title='bbox 726 1153 762 1179; x_wconf 87' lang='lat' dir='ltr'>et</span> <span class='ocrx_word' id='word_1_100' title='bbox 780 1157 964 1178; x_wconf 86' lang='lat' dir='ltr'>consensu</span> <span class='ocrx_word' id='word_1_101' title='bbox 985 1158 1065 1178; x_wconf 90' lang='lat' dir='ltr'>cum</span> <span class='ocrx_word' id='word_1_102' title='bbox 1088 1152 1240 1190; x_wconf 91' lang='lat' dir='ltr'>utraque</span> <span class='ocrx_word' id='word_1_103' title='bbox 1261 1145 1485 1186; x_wconf 90' lang='lat' dir='ltr'>canonicam,</span> <span class='ocrx_word' id='word_1_104' title='bbox 1508 1157 1589 1177; x_wconf 87' lang='lat' dir='ltr'>cum</span> <span class='ocrx_word' id='word_1_105' title='bbox 1611 1144 1714 1177; x_wconf 88' lang='lat' dir='ltr'>beata</span> <span class='ocrx_word' id='word_1_106' title='bbox 1734 1144 1892 1190; x_wconf 86' lang='lat' dir='ltr'>virgine,</span> <span class='ocrx_word' id='word_1_107' title='bbox 1914 1145 1972 1178; x_wconf 89' lang='lat' dir='ltr'>cui</span> <span class='ocrx_word' id='word_1_108' title='bbox 1993 1145 2212 1187; x_wconf 81' lang='lat' dir='ltr'>assistimus,</span> <span class='ocrx_word' id='word_1_109' title='bbox 2236 1145 2373 1192; x_wconf 84' lang='lat' dir='ltr'>obliga-</span> 
     </span>
     <span class='ocr_line' id='line_1_11' title="bbox 487 1211 2369 1258; baseline 0 -12"><span class='ocrx_word' id='word_1_110' title='bbox 487 1214 622 1246; x_wconf 83' lang='lat' dir='ltr'>tionem</span> <span class='ocrx_word' id='word_1_111' title='bbox 644 1213 834 1254; x_wconf 70' lang='lat' dir='ltr'>contraxit,</span> <span class='ocrx_word' id='word_1_112' title='bbox 860 1213 965 1257; x_wconf 88' lang='lat' dir='ltr'>cujus</span> <span class='ocrx_word' id='word_1_113' title='bbox 987 1212 1207 1245; x_wconf 85' lang='lat' dir='ltr'>solutionem</span> <span class='ocrx_word' id='word_1_114' title='bbox 1234 1224 1300 1245; x_wconf 88' lang='lat' dir='ltr'>nec</span> <span class='ocrx_word' id='word_1_115' title='bbox 1327 1211 1488 1257; x_wconf 85' lang='lat' dir='ltr'>prelatus</span> <span class='ocrx_word' id='word_1_116' title='bbox 1509 1211 1620 1244; x_wconf 88' lang='lat' dir='ltr'>debet</span> <span class='ocrx_word' id='word_1_117' title='bbox 1638 1211 1855 1253; x_wconf 82' lang='lat' dir='ltr'>concedere,</span> <span class='ocrx_word' id='word_1_118' title='bbox 1882 1224 1949 1245; x_wconf 92' lang='lat' dir='ltr'>nec</span> <span class='ocrx_word' id='word_1_119' title='bbox 1975 1212 2145 1246; x_wconf 89' lang='lat' dir='ltr'>subditus</span> <span class='ocrx_word' id='word_1_120' title='bbox 2171 1212 2369 1258; x_wconf 88' lang='lat' dir='ltr'>postulare.</span> 
     </span>
     <span class='ocr_line' id='line_1_12' title="bbox 487 1278 2374 1325; baseline 0 -12"><span class='ocrx_word' id='word_1_121' title='bbox 487 1282 598 1313; x_wconf 87' lang='lat' dir='ltr'>Tanta</span> <span class='ocrx_word' id='word_1_122' title='bbox 619 1292 701 1312; x_wconf 90' lang='lat' dir='ltr'>eum</span> <span class='ocrx_word' id='word_1_123' title='bbox 723 1279 912 1325; x_wconf 80' lang='lat' dir='ltr'>diligentia</span> <span class='ocrx_word' id='word_1_124' title='bbox 937 1279 1156 1320; x_wconf 80' lang='lat' dir='ltr'>curavimus,</span> <span class='ocrx_word' id='word_1_125' title='bbox 1183 1278 1292 1312; x_wconf 90' lang='lat' dir='ltr'>tantis</span> <span class='ocrx_word' id='word_1_126' title='bbox 1314 1278 1510 1324; x_wconf 89' lang='lat' dir='ltr'>impendiis</span> <span class='ocrx_word' id='word_1_127' title='bbox 1532 1278 1742 1320; x_wconf 72' lang='lat' dir='ltr'>extulimus,</span> <span class='ocrx_word' id='word_1_128' title='bbox 1768 1285 1867 1312; x_wconf 87' lang='lat' dir='ltr'>tanto</span> <span class='ocrx_word' id='word_1_129' title='bbox 1887 1279 2010 1313; x_wconf 89' lang='lat' dir='ltr'>favore</span> <span class='ocrx_word' id='word_1_130' title='bbox 2031 1279 2202 1322; x_wconf 88' lang='lat' dir='ltr'>fovimus,</span> <span class='ocrx_word' id='word_1_131' title='bbox 2229 1286 2269 1313; x_wconf 88' lang='lat' dir='ltr'>ut</span> <span class='ocrx_word' id='word_1_132' title='bbox 2288 1291 2374 1313; x_wconf 87' lang='lat' dir='ltr'>eum</span> 
     </span>
     <span class='ocr_line' id='line_1_13' title="bbox 487 1345 2374 1390; baseline 0 -10"><span class='ocrx_word' id='word_1_133' title='bbox 487 1347 645 1381; x_wconf 88' lang='lat' dir='ltr'>solutum</span> <span class='ocrx_word' id='word_1_134' title='bbox 673 1346 716 1379; x_wconf 90' lang='lat' dir='ltr'>ab</span> <span class='ocrx_word' id='word_1_135' title='bbox 744 1346 952 1379; x_wconf 88' lang='lat' dir='ltr'>obedientia</span> <span class='ocrx_word' id='word_1_136' title='bbox 980 1352 1103 1379; x_wconf 89' lang='lat' dir='ltr'>nostra</span> <span class='ocrx_word' id='word_1_137' title='bbox 1134 1346 1318 1379; x_wconf 84' lang='lat' dir='ltr'>remittere</span> <span class='ocrx_word' id='word_1_138' title='bbox 1349 1345 1461 1378; x_wconf 88' lang='lat' dir='ltr'>nichil</span> <span class='ocrx_word' id='word_1_139' title='bbox 1491 1345 1590 1378; x_wconf 90' lang='lat' dir='ltr'>aliud</span> <span class='ocrx_word' id='word_1_140' title='bbox 1620 1357 1726 1390; x_wconf 82' lang='lat' dir='ltr'>quain</span> <span class='ocrx_word' id='word_1_141' title='bbox 1754 1345 1918 1379; x_wconf 88' lang='lat' dir='ltr'>amittere</span> <span class='ocrx_word' id='word_1_142' title='bbox 1946 1346 2171 1380; x_wconf 89' lang='lat' dir='ltr'>estimemus.</span> <span class='ocrx_word' id='word_1_143' title='bbox 2199 1345 2308 1380; x_wconf 86' lang='lat' dir='ltr'>Absit</span> <span class='ocrx_word' id='word_1_144' title='bbox 2332 1353 2374 1380; x_wconf 82' lang='lat' dir='ltr'>ut</span> 
     </span>
     <span class='ocr_line' id='line_1_14' title="bbox 487 1412 2371 1459; baseline 0 -13"><span class='ocrx_word' id='word_1_145' title='bbox 487 1413 644 1447; x_wconf 86' lang='lat' dir='ltr'>acesalus</span> <span class='ocrx_word' id='word_1_146' title='bbox 670 1420 773 1446; x_wconf 86' lang='lat' dir='ltr'>exeat</span> <span class='ocrx_word' id='word_1_147' title='bbox 799 1425 817 1446; x_wconf 89' lang='lat' dir='ltr'>a</span> <span class='ocrx_word' id='word_1_148' title='bbox 847 1412 968 1454; x_wconf 91' lang='lat' dir='ltr'>nobis,</span> <span class='ocrx_word' id='word_1_149' title='bbox 1000 1419 1033 1445; x_wconf 92' lang='lat' dir='ltr'>et</span> <span class='ocrx_word' id='word_1_150' title='bbox 1062 1419 1241 1457; x_wconf 84' lang='lat' dir='ltr'>tamquam</span> <span class='ocrx_word' id='word_1_151' title='bbox 1269 1412 1388 1446; x_wconf 90' lang='lat' dir='ltr'>ventis</span> <span class='ocrx_word' id='word_1_152' title='bbox 1417 1412 1604 1458; x_wconf 87' lang='lat' dir='ltr'>expositus</span> <span class='ocrx_word' id='word_1_153' title='bbox 1632 1412 1711 1445; x_wconf 90' lang='lat' dir='ltr'>sine</span> <span class='ocrx_word' id='word_1_154' title='bbox 1742 1412 1847 1446; x_wconf 87' lang='lat' dir='ltr'>titulo</span> <span class='ocrx_word' id='word_1_155' title='bbox 1877 1412 2047 1455; x_wconf 90' lang='lat' dir='ltr'>clericus,</span> <span class='ocrx_word' id='word_1_156' title='bbox 2078 1413 2158 1447; x_wconf 89' lang='lat' dir='ltr'>sine</span> <span class='ocrx_word' id='word_1_157' title='bbox 2186 1412 2371 1459; x_wconf 90' lang='lat' dir='ltr'>stipendio</span> 
     </span>
     <span class='ocr_line' id='line_1_15' title="bbox 488 1479 2372 1525; baseline 0 -11"><span class='ocrx_word' id='word_1_158' title='bbox 488 1481 606 1522; x_wconf 90' lang='lat' dir='ltr'>miles,</span> <span class='ocrx_word' id='word_1_159' title='bbox 642 1480 721 1513; x_wconf 89' lang='lat' dir='ltr'>sine</span> <span class='ocrx_word' id='word_1_160' title='bbox 756 1479 886 1513; x_wconf 89' lang='lat' dir='ltr'>salario</span> <span class='ocrx_word' id='word_1_161' title='bbox 922 1486 1067 1525; x_wconf 83' lang='lat' dir='ltr'>togatus</span> <span class='ocrx_word' id='word_1_162' title='bbox 1102 1480 1294 1521; x_wconf 74' lang='lat' dir='ltr'>discurrat,</span> <span class='ocrx_word' id='word_1_163' title='bbox 1331 1479 1543 1512; x_wconf 82' lang='lat' dir='ltr'>miraculum</span> <span class='ocrx_word' id='word_1_164' title='bbox 1578 1479 1669 1521; x_wconf 90' lang='lat' dir='ltr'>suis,</span> <span class='ocrx_word' id='word_1_165' title='bbox 1705 1479 1952 1525; x_wconf 89' lang='lat' dir='ltr'>spectaculum</span> <span class='ocrx_word' id='word_1_166' title='bbox 1987 1479 2128 1513; x_wconf 90' lang='lat' dir='ltr'>alienis.</span> <span class='ocrx_word' id='word_1_167' title='bbox 2164 1481 2217 1513; x_wconf 92' lang='lat' dir='ltr'>Ne</span> <span class='ocrx_word' id='word_1_168' title='bbox 2251 1486 2372 1514; x_wconf 85' lang='lat' dir='ltr'>tamen</span> 
     </span>
     <span class='ocr_line' id='line_1_16' title="bbox 486 1546 2372 1593; baseline -0.001 -12"><span class='ocrx_word' id='word_1_169' title='bbox 486 1554 644 1582; x_wconf 85' lang='lat' dir='ltr'>vestram</span> <span class='ocrx_word' id='word_1_170' title='bbox 674 1547 901 1580; x_wconf 84' lang='lat' dir='ltr'>offendamus</span> <span class='ocrx_word' id='word_1_171' title='bbox 929 1547 1094 1592; x_wconf 81' lang='lat' dir='ltr'>gratiam,</span> <span class='ocrx_word' id='word_1_172' title='bbox 1122 1559 1166 1579; x_wconf 92' lang='lat' dir='ltr'>ne</span> <span class='ocrx_word' id='word_1_173' title='bbox 1196 1553 1353 1580; x_wconf 90' lang='lat' dir='ltr'>vestram</span> <span class='ocrx_word' id='word_1_174' title='bbox 1382 1547 1612 1580; x_wconf 85' lang='lat' dir='ltr'>incurramus</span> <span class='ocrx_word' id='word_1_175' title='bbox 1639 1546 1828 1588; x_wconf 81' lang='lat' dir='ltr'>offensam,</span> <span class='ocrx_word' id='word_1_176' title='bbox 1858 1559 1940 1579; x_wconf 87' lang='lat' dir='ltr'>eum</span> <span class='ocrx_word' id='word_1_177' title='bbox 1966 1559 2040 1580; x_wconf 90' lang='lat' dir='ltr'>non</span> <span class='ocrx_word' id='word_1_178' title='bbox 2066 1554 2247 1592; x_wconf 89' lang='lat' dir='ltr'>tamquam</span> <span class='ocrx_word' id='word_1_179' title='bbox 2275 1546 2372 1593; x_wconf 88' lang='lat' dir='ltr'>apud</span> 
     </span>
     <span class='ocr_line' id='line_1_17' title="bbox 487 1613 2373 1659; baseline 0 -12"><span class='ocrx_word' id='word_1_180' title='bbox 487 1626 556 1647; x_wconf 92' lang='lat' dir='ltr'>nos</span> <span class='ocrx_word' id='word_1_181' title='bbox 594 1614 799 1659; x_wconf 86' lang='lat' dir='ltr'>depositum</span> <span class='ocrx_word' id='word_1_182' title='bbox 838 1613 944 1647; x_wconf 91' lang='lat' dir='ltr'>vobis</span> <span class='ocrx_word' id='word_1_183' title='bbox 983 1613 1222 1655; x_wconf 84' lang='lat' dir='ltr'>restituimus,</span> <span class='ocrx_word' id='word_1_184' title='bbox 1260 1614 1325 1646; x_wconf 89' lang='lat' dir='ltr'>sed</span> <span class='ocrx_word' id='word_1_185' title='bbox 1356 1620 1536 1659; x_wconf 89' lang='lat' dir='ltr'>tamquam</span> <span class='ocrx_word' id='word_1_186' title='bbox 1575 1613 1683 1647; x_wconf 89' lang='lat' dir='ltr'>nobis</span> <span class='ocrx_word' id='word_1_187' title='bbox 1717 1613 1922 1659; x_wconf 86' lang='lat' dir='ltr'>appositum</span> <span class='ocrx_word' id='word_1_188' title='bbox 1961 1626 2043 1647; x_wconf 91' lang='lat' dir='ltr'>eum</span> <span class='ocrx_word' id='word_1_189' title='bbox 2081 1613 2188 1648; x_wconf 83' lang='lat' dir='ltr'>vobis</span> <span class='ocrx_word' id='word_1_190' title='bbox 2226 1613 2373 1647; x_wconf 87' lang='lat' dir='ltr'>interim</span> 
     </span>
     <span class='ocr_line' id='line_1_18' title="bbox 488 1680 2372 1726; baseline 0 -12"><span class='ocrx_word' id='word_1_191' title='bbox 488 1681 797 1714; x_wconf 84' lang='lat' dir='ltr'>commendamus.</span> <span class='ocrx_word' id='word_1_192' title='bbox 829 1680 936 1724; x_wconf 89' lang='lat' dir='ltr'>Quod</span> <span class='ocrx_word' id='word_1_193' title='bbox 966 1680 997 1713; x_wconf 87' lang='lat' dir='ltr'>si</span> <span class='ocrx_word' id='word_1_194' title='bbox 1031 1692 1096 1725; x_wconf 89' lang='lat' dir='ltr'>per</span> <span class='ocrx_word' id='word_1_195' title='bbox 1129 1680 1196 1713; x_wconf 92' lang='lat' dir='ltr'>Dei</span> <span class='ocrx_word' id='word_1_196' title='bbox 1230 1680 1495 1725; x_wconf 85' lang='lat' dir='ltr'>providentiam</span> <span class='ocrx_word' id='word_1_197' title='bbox 1527 1687 1562 1713; x_wconf 90' lang='lat' dir='ltr'>et</span> <span class='ocrx_word' id='word_1_198' title='bbox 1595 1692 1702 1725; x_wconf 92' lang='lat' dir='ltr'>opem</span> <span class='ocrx_word' id='word_1_199' title='bbox 1737 1680 1846 1713; x_wconf 91' lang='lat' dir='ltr'>simul</span> <span class='ocrx_word' id='word_1_200' title='bbox 1880 1692 1919 1713; x_wconf 89' lang='lat' dir='ltr'>ac</span> <span class='ocrx_word' id='word_1_201' title='bbox 1954 1692 2101 1726; x_wconf 89' lang='lat' dir='ltr'>operam</span> <span class='ocrx_word' id='word_1_202' title='bbox 2135 1687 2292 1714; x_wconf 86' lang='lat' dir='ltr'>vestram</span> <span class='ocrx_word' id='word_1_203' title='bbox 2326 1680 2372 1714; x_wconf 86' lang='lat' dir='ltr'>ab</span> 
     </span>
     <span class='ocr_line' id='line_1_19' title="bbox 488 1746 2394 1796; baseline 0.001 -17"><span class='ocrx_word' id='word_1_204' title='bbox 488 1747 674 1780; x_wconf 89' lang='lat' dir='ltr'>humiliori</span> <span class='ocrx_word' id='word_1_205' title='bbox 704 1747 748 1780; x_wconf 86' lang='lat' dir='ltr'>ad</span> <span class='ocrx_word' id='word_1_206' title='bbox 778 1746 1030 1780; x_wconf 88' lang='lat' dir='ltr'>sublimiorem</span> <span class='ocrx_word' id='word_1_207' title='bbox 1059 1747 1226 1792; x_wconf 87' lang='lat' dir='ltr'>gradum,</span> <span class='ocrx_word' id='word_1_208' title='bbox 1257 1759 1275 1780; x_wconf 90' lang='lat' dir='ltr'>a</span> <span class='ocrx_word' id='word_1_209' title='bbox 1305 1747 1466 1780; x_wconf 88' lang='lat' dir='ltr'>scabello</span> <span class='ocrx_word' id='word_1_210' title='bbox 1496 1747 1541 1780; x_wconf 87' lang='lat' dir='ltr'>ad</span> <span class='ocrx_word' id='word_1_211' title='bbox 1571 1746 1792 1789; x_wconf 87' lang='lat' dir='ltr'>cathedram,</span> <span class='ocrx_word' id='word_1_212' title='bbox 1827 1759 1845 1780; x_wconf 89' lang='lat' dir='ltr'>a</span> <span class='ocrx_word' id='word_1_213' title='bbox 1875 1747 2026 1792; x_wconf 88' lang='lat' dir='ltr'>pulvere</span> <span class='ocrx_word' id='word_1_214' title='bbox 2056 1747 2298 1792; x_wconf 86' lang='lat' dir='ltr'>subjectionis</span> <span class='ocrx_word' id='word_1_215' title='bbox 2326 1747 2394 1796; x_wconf 17' lang='lat' dir='ltr'>ad·-</span> 
     </span>
     <span class='ocr_line' id='line_1_20' title="bbox 489 1778 2437 1860; baseline 0 -13"><span class='ocrx_word' id='word_1_216' title='bbox 489 1814 673 1859; x_wconf 88' lang='lat' dir='ltr'>speculam</span> <span class='ocrx_word' id='word_1_217' title='bbox 698 1813 889 1859; x_wconf 89' lang='lat' dir='ltr'>regiminis</span> <span class='ocrx_word' id='word_1_218' title='bbox 917 1825 999 1846; x_wconf 90' lang='lat' dir='ltr'>eum</span> <span class='ocrx_word' id='word_1_219' title='bbox 1024 1814 1145 1847; x_wconf 85' lang='lat' dir='ltr'>vocari</span> <span class='ocrx_word' id='word_1_220' title='bbox 1172 1814 1381 1859; x_wconf 89' lang='lat' dir='ltr'>contigerit,</span> <span class='ocrx_word' id='word_1_221' title='bbox 1409 1814 1446 1846; x_wconf 92' lang='lat' dir='ltr'>in</span> <span class='ocrx_word' id='word_1_222' title='bbox 1472 1813 1540 1847; x_wconf 90' lang='lat' dir='ltr'>hoc</span> <span class='ocrx_word' id='word_1_223' title='bbox 1566 1813 1739 1847; x_wconf 89' lang='lat' dir='ltr'>laudabili</span> <span class='ocrx_word' id='word_1_224' title='bbox 1765 1814 1931 1860; x_wconf 88' lang='lat' dir='ltr'>profectu</span> <span class='ocrx_word' id='word_1_225' title='bbox 1958 1820 1994 1847; x_wconf 90' lang='lat' dir='ltr'>et</span> <span class='ocrx_word' id='word_1_226' title='bbox 2021 1820 2200 1859; x_wconf 88' lang='lat' dir='ltr'>proventu</span> <span class='ocrx_word' id='word_1_227' title='bbox 2227 1778 2437 1860; x_wconf 38' lang='lat' dir='ltr'>plenamssffi</span> 
     </span>
    </p>
   </div>
   <div class='ocr_carea' id='block_1_5' title="bbox 489 1853 2451 1925">
    <p class='ocr_par' dir='ltr' id='par_1_5' title="bbox 489 1853 2451 1925">
     <span class='ocr_line' id='line_1_21' title="bbox 489 1853 2451 1925; baseline 0.001 -13"><span class='ocrx_word' id='word_1_228' title='bbox 489 1880 522 1913; x_wconf 91' lang='lat' dir='ltr'>ei</span> <span class='ocrx_word' id='word_1_229' title='bbox 543 1879 810 1913; x_wconf 89' lang='lat' dir='ltr'>absolutionem</span> <span class='ocrx_word' id='word_1_230' title='bbox 832 1879 1079 1925; x_wconf 86' lang='lat' dir='ltr'>indulgemus,</span> <span class='ocrx_word' id='word_1_231' title='bbox 1102 1880 1244 1925; x_wconf 86' lang='lat' dir='ltr'>plenam</span> <span class='ocrx_word' id='word_1_232' title='bbox 1266 1880 1502 1914; x_wconf 88' lang='lat' dir='ltr'>concedimus</span> <span class='ocrx_word' id='word_1_233' title='bbox 1523 1880 1740 1914; x_wconf 84' lang='lat' dir='ltr'>libertatem.</span> <span class='ocrx_word' id='word_1_234' title='bbox 2425 1853 2451 1876; x_wconf 34' lang='grc' dir='ltr'><strong>ἦ</strong></span> 
     </span>
    </p>
   </div>
   <div class='ocr_carea' id='block_1_6' title="bbox 582 1973 2030 2006">
    <p class='ocr_par' dir='ltr' id='par_1_6' title="bbox 582 1973 2030 2006">
     <span class='ocr_line' id='line_1_22' title="bbox 582 1973 2030 2006; baseline 0.001 -10"><span class='ocrx_word' id='word_1_235' title='bbox 582 1973 708 1997; x_wconf 84' lang='lat' dir='ltr'>Biblioth.</span> <span class='ocrx_word' id='word_1_236' title='bbox 724 1977 778 1997; x_wconf 81' lang='lat' dir='ltr'>nat.</span> <span class='ocrx_word' id='word_1_237' title='bbox 795 1973 879 1997; x_wconf 76' lang='lat' dir='ltr'>Paris.</span> <span class='ocrx_word' id='word_1_238' title='bbox 896 1982 945 1997; x_wconf 73' lang='lat' dir='ltr'>ms,</span> <span class='ocrx_word' id='word_1_239' title='bbox 962 1974 1007 1997; x_wconf 77' lang='lat' dir='ltr'>lat.</span> <span class='ocrx_word' id='word_1_240' title='bbox 1025 1975 1094 2003; x_wconf 81' lang='lat'>2923,</span> <span class='ocrx_word' id='word_1_241' title='bbox 1113 1974 1156 1997; x_wconf 82' lang='lat' dir='ltr'>fol.</span> <span class='ocrx_word' id='word_1_242' title='bbox 1175 1974 1240 1997; x_wconf 64' lang='lat'>12812.</span> <span class='ocrx_word' id='word_1_243' title='bbox 1257 1987 1289 1992; x_wconf 88' lang='lat'>·—</span> <span class='ocrx_word' id='word_1_244' title='bbox 1303 1974 1399 2006; x_wconf 82' lang='lat' dir='ltr'>Migne,</span> <span class='ocrx_word' id='word_1_245' title='bbox 1415 1974 1528 1999; x_wconf 74' lang='lat' dir='ltr'>Patrol.</span> <span class='ocrx_word' id='word_1_246' title='bbox 1544 1974 1604 2003; x_wconf 66' lang='lat' dir='ltr'>lat„</span> <span class='ocrx_word' id='word_1_247' title='bbox 1620 1977 1684 1998; x_wconf 79' lang='lat' dir='ltr'>tom.</span> <span class='ocrx_word' id='word_1_248' title='bbox 1701 1974 1786 2003; x_wconf 80' lang='lat' dir='ltr'>CCXI,</span> <span class='ocrx_word' id='word_1_249' title='bbox 1803 1982 1844 2006; x_wconf 83' lang='lat' dir='ltr'>ep.</span> <span class='ocrx_word' id='word_1_250' title='bbox 1862 1974 1916 2003; x_wconf 80' lang='lat'>136,</span> <span class='ocrx_word' id='word_1_251' title='bbox 1932 1982 1960 2006; x_wconf 89' lang='lat' dir='ltr'>p.</span> <span class='ocrx_word' id='word_1_252' title='bbox 1975 1974 2030 1998; x_wconf 80' lang='lat'>418.</span> 
     </span>
    </p>
   </div>
   <div class='ocr_carea' id='block_1_7' title="bbox 488 2140 2373 2235">
    <p class='ocr_par' dir='ltr' id='par_1_7' title="bbox 488 2140 2373 2235">
     <span class='ocr_line' id='line_1_23' title="bbox 488 2140 2373 2186; baseline 0.001 -11"><span class='ocrx_word' id='word_1_253' title='bbox 488 2140 569 2177; x_wconf 82' lang='grc'>44.</span> <span class='ocrx_word' id='word_1_254' title='bbox 594 2149 757 2185; x_wconf 81' lang='lat' dir='ltr'>Stephanus</span> <span class='ocrx_word' id='word_1_255' title='bbox 786 2150 972 2175; x_wconf 80' lang='lat' dir='ltr'>Tornaeensis</span> <span class='ocrx_word' id='word_1_256' title='bbox 1001 2149 1042 2175; x_wconf 85' lang='lat' dir='ltr'>ad</span> <span class='ocrx_word' id='word_1_257' title='bbox 1065 2149 1240 2176; x_wconf 79' lang='lat' dir='ltr'>Absalonem</span> <span class='ocrx_word' id='word_1_258' title='bbox 1268 2150 1447 2176; x_wconf 84' lang='lat' dir='ltr'>Lundensem</span> <span class='ocrx_word' id='word_1_259' title='bbox 1475 2150 1724 2186; x_wconf 76' lang='lat' dir='ltr'>archiepiscopum</span> <span class='ocrx_word' id='word_1_260' title='bbox 1753 2149 1789 2176; x_wconf 85' lang='lat' dir='ltr'>de</span> <span class='ocrx_word' id='word_1_261' title='bbox 1818 2154 1919 2186; x_wconf 82' lang='lat' dir='ltr'>nepote</span> <span class='ocrx_word' id='word_1_262' title='bbox 1950 2149 2111 2186; x_wconf 78' lang='lat' dir='ltr'>Salomone,</span> <span class='ocrx_word' id='word_1_263' title='bbox 2143 2150 2193 2186; x_wconf 84' lang='lat' dir='ltr'>qui</span> <span class='ocrx_word' id='word_1_264' title='bbox 2222 2150 2251 2176; x_wconf 86' lang='lat' dir='ltr'>in</span> <span class='ocrx_word' id='word_1_265' title='bbox 2279 2152 2373 2177; x_wconf 70' lang='lat' dir='ltr'>monte</span> 
     </span>
     <span class='ocr_line' id='line_1_24' title="bbox 581 2198 1853 2235; baseline 0.001 -11"><span class='ocrx_word' id='word_1_266' title='bbox 581 2200 607 2224; x_wconf 90' lang='lat' dir='ltr'>S.</span> <span class='ocrx_word' id='word_1_267' title='bbox 629 2199 785 2233; x_wconf 72' lang='lat' dir='ltr'>Genovefae</span> <span class='ocrx_word' id='word_1_268' title='bbox 800 2199 841 2224; x_wconf 82' lang='lat' dir='ltr'>sic</span> <span class='ocrx_word' id='word_1_269' title='bbox 857 2198 1017 2225; x_wconf 82' lang='lat' dir='ltr'>litterarum</span> <span class='ocrx_word' id='word_1_270' title='bbox 1033 2198 1139 2224; x_wconf 83' lang='lat' dir='ltr'>studiis</span> <span class='ocrx_word' id='word_1_271' title='bbox 1155 2198 1286 2235; x_wconf 82' lang='lat' dir='ltr'>intendit,</span> <span class='ocrx_word' id='word_1_272' title='bbox 1305 2203 1335 2225; x_wconf 79' lang='lat' dir='ltr'>ut</span> <span class='ocrx_word' id='word_1_273' title='bbox 1350 2208 1369 2225; x_wconf 84' lang='lat' dir='ltr'>a</span> <span class='ocrx_word' id='word_1_274' title='bbox 1385 2200 1516 2226; x_wconf 76' lang='lat' dir='ltr'>vir-tutum</span> <span class='ocrx_word' id='word_1_275' title='bbox 1532 2199 1642 2225; x_wconf 80' lang='lat' dir='ltr'>semitis</span> <span class='ocrx_word' id='word_1_276' title='bbox 1658 2207 1712 2225; x_wconf 85' lang='lat' dir='ltr'>non</span> <span class='ocrx_word' id='word_1_277' title='bbox 1728 2198 1853 2225; x_wconf 83' lang='lat' dir='ltr'>recedat.</span> 
     </span>
    </p>
   </div>
   <div class='ocr_carea' id='block_1_8' title="bbox 1540 2302 2083 2338">
    <p class='ocr_par' dir='ltr' id='par_1_8' title="bbox 1540 2302 2083 2338">
     <span class='ocr_line' id='line_1_25' title="bbox 1540 2302 2083 2338; baseline 0.002 -9"><span class='ocrx_word' id='word_1_278' title='bbox 1540 2302 1694 2333; x_wconf 82' lang='grc'><strong><em>1178-1192,</em></strong></span> <span class='ocrx_word' id='word_1_279' title='bbox 1710 2302 1755 2338; x_wconf 85' lang='grc' dir='ltr'>[Ιη</span> <span class='ocrx_word' id='word_1_280' title='bbox 1768 2305 1856 2330; x_wconf 76' lang='lat' dir='ltr'>monte</span> <span class='ocrx_word' id='word_1_281' title='bbox 1872 2303 1894 2330; x_wconf 82' lang='lat' dir='ltr'>S.</span> <span class='ocrx_word' id='word_1_282' title='bbox 1911 2302 2083 2338; x_wconf 74' lang='lat' dir='ltr'>oenorofaeJ.</span> 
     </span>
    </p>
   </div>
   <div class='ocr_carea' id='block_1_9' title="bbox 491 2388 2427 2970">
    <p class='ocr_par' dir='ltr' id='par_1_9' title="bbox 491 2388 2427 2970">
     <span class='ocr_line' id='line_1_26' title="bbox 581 2388 2374 2437; baseline 0.002 -16"><span class='ocrx_word' id='word_1_283' title='bbox 581 2388 767 2421; x_wconf 88' lang='lat' dir='ltr'>Lundensi</span> <span class='ocrx_word' id='word_1_284' title='bbox 807 2388 1083 2435; x_wconf 90' lang='lat' dir='ltr'>archiepiscopo</span> <span class='ocrx_word' id='word_1_285' title='bbox 1123 2390 1274 2423; x_wconf 85' lang='lat' dir='ltr'>salutem</span> <span class='ocrx_word' id='word_1_286' title='bbox 1315 2390 1549 2436; x_wconf 88' lang='lat' dir='ltr'>temporalem</span> <span class='ocrx_word' id='word_1_287' title='bbox 1590 2391 1724 2436; x_wconf 85' lang='lat' dir='ltr'>pariter</span> <span class='ocrx_word' id='word_1_288' title='bbox 1762 2398 1798 2424; x_wconf 92' lang='lat' dir='ltr'>et</span> <span class='ocrx_word' id='word_1_289' title='bbox 1834 2398 2007 2425; x_wconf 87' lang='lat' dir='ltr'>eternam.</span> <span class='ocrx_word' id='word_1_290' title='bbox 2051 2390 2151 2424; x_wconf 87' lang='lat' dir='ltr'>Felix</span> <span class='ocrx_word' id='word_1_291' title='bbox 2190 2403 2300 2437; x_wconf 86' lang='lat' dir='ltr'>opera</span> <span class='ocrx_word' id='word_1_292' title='bbox 2338 2397 2374 2425; x_wconf 89' lang='lat' dir='ltr'>et</span> 
     </span>
     <span class='ocr_line' id='line_1_27' title="bbox 491 2454 2373 2503; baseline 0.002 -16"><span class='ocrx_word' id='word_1_293' title='bbox 491 2454 668 2500; x_wconf 87' lang='lat' dir='ltr'>impensa,</span> <span class='ocrx_word' id='word_1_294' title='bbox 703 2456 808 2500; x_wconf 89' lang='lat' dir='ltr'>cujus</span> <span class='ocrx_word' id='word_1_295' title='bbox 843 2455 1082 2489; x_wconf 86' lang='lat' dir='ltr'>intentionem</span> <span class='ocrx_word' id='word_1_296' title='bbox 1117 2457 1328 2490; x_wconf 86' lang='lat' dir='ltr'>fructuosus</span> <span class='ocrx_word' id='word_1_297' title='bbox 1363 2457 1446 2491; x_wconf 88' lang='lat' dir='ltr'>finis</span> <span class='ocrx_word' id='word_1_298' title='bbox 1481 2457 1627 2503; x_wconf 89' lang='lat' dir='ltr'>excipit,</span> <span class='ocrx_word' id='word_1_299' title='bbox 1667 2457 1891 2491; x_wconf 88' lang='lat' dir='ltr'>desiderium</span> <span class='ocrx_word' id='word_1_300' title='bbox 1930 2457 2090 2503; x_wconf 85' lang='lat' dir='ltr'>complet</span> <span class='ocrx_word' id='word_1_301' title='bbox 2122 2457 2253 2500; x_wconf 86' lang='lat' dir='ltr'>exitus,</span> <span class='ocrx_word' id='word_1_302' title='bbox 2293 2457 2373 2503; x_wconf 84' lang='lat' dir='ltr'>spei</span> 
     </span>
     <span class='ocr_line' id='line_1_28' title="bbox 491 2520 2371 2570; baseline 0.002 -17"><span class='ocrx_word' id='word_1_303' title='bbox 491 2520 621 2553; x_wconf 90' lang='lat' dir='ltr'>fiducia</span> <span class='ocrx_word' id='word_1_304' title='bbox 643 2533 708 2554; x_wconf 88' lang='lat' dir='ltr'>nec</span> <span class='ocrx_word' id='word_1_305' title='bbox 730 2522 882 2563; x_wconf 76' lang='lat' dir='ltr'>tollitur,</span> <span class='ocrx_word' id='word_1_306' title='bbox 905 2534 971 2555; x_wconf 92' lang='lat' dir='ltr'>nec</span> <span class='ocrx_word' id='word_1_307' title='bbox 992 2523 1176 2556; x_wconf 89' lang='lat' dir='ltr'>mentitur.</span> <span class='ocrx_word' id='word_1_308' title='bbox 1200 2525 1273 2556; x_wconf 90' lang='lat' dir='ltr'>Hec</span> <span class='ocrx_word' id='word_1_309' title='bbox 1295 2524 1331 2556; x_wconf 91' lang='lat' dir='ltr'>in</span> <span class='ocrx_word' id='word_1_310' title='bbox 1354 2523 1546 2557; x_wconf 89' lang='lat' dir='ltr'>Salomone</span> <span class='ocrx_word' id='word_1_311' title='bbox 1562 2531 1684 2558; x_wconf 88' lang='lat' dir='ltr'>vestro</span> <span class='ocrx_word' id='word_1_312' title='bbox 1705 2537 1790 2558; x_wconf 89' lang='lat' dir='ltr'>vere</span> <span class='ocrx_word' id='word_1_313' title='bbox 1811 2523 1935 2559; x_wconf 89' lang='lat' dir='ltr'>verbis</span> <span class='ocrx_word' id='word_1_314' title='bbox 1956 2531 1992 2558; x_wconf 88' lang='lat' dir='ltr'>et</span> <span class='ocrx_word' id='word_1_315' title='bbox 2011 2523 2186 2569; x_wconf 90' lang='lat' dir='ltr'>operibus</span> <span class='ocrx_word' id='word_1_316' title='bbox 2206 2523 2371 2570; x_wconf 81' lang='lat' dir='ltr'>pacifico,</span> 
     </span>
     <span class='ocr_line' id='line_1_29' title="bbox 492 2587 2427 2636; baseline 0.003 -17"><span class='ocrx_word' id='word_1_317' title='bbox 492 2598 565 2619; x_wconf 91' lang='lat' dir='ltr'>non</span> <span class='ocrx_word' id='word_1_318' title='bbox 586 2587 680 2620; x_wconf 87' lang='lat' dir='ltr'>inter</span> <span class='ocrx_word' id='word_1_319' title='bbox 700 2600 765 2621; x_wconf 89' lang='lat' dir='ltr'>vos</span> <span class='ocrx_word' id='word_1_320' title='bbox 785 2588 936 2621; x_wconf 86' lang='lat' dir='ltr'>invitare</span> <span class='ocrx_word' id='word_1_321' title='bbox 959 2589 1106 2631; x_wconf 86' lang='lat' dir='ltr'>debent,</span> <span class='ocrx_word' id='word_1_322' title='bbox 1129 2597 1168 2623; x_wconf 90' lang='lat' dir='ltr'>ut</span> <span class='ocrx_word' id='word_1_323' title='bbox 1188 2590 1286 2635; x_wconf 92' lang='lat' dir='ltr'>quod</span> <span class='ocrx_word' id='word_1_324' title='bbox 1307 2590 1344 2623; x_wconf 92' lang='lat' dir='ltr'>in</span> <span class='ocrx_word' id='word_1_325' title='bbox 1366 2603 1408 2623; x_wconf 87' lang='lat' dir='ltr'>eo</span> <span class='ocrx_word' id='word_1_326' title='bbox 1430 2590 1609 2624; x_wconf 88' lang='lat' dir='ltr'>benevole</span> <span class='ocrx_word' id='word_1_327' title='bbox 1630 2591 1793 2636; x_wconf 88' lang='lat' dir='ltr'>cepistis,</span> <span class='ocrx_word' id='word_1_328' title='bbox 1815 2590 1979 2624; x_wconf 90' lang='lat' dir='ltr'>benefice</span> <span class='ocrx_word' id='word_1_329' title='bbox 2001 2590 2227 2636; x_wconf 89' lang='lat' dir='ltr'>compleatis,</span> <span class='ocrx_word' id='word_1_330' title='bbox 2249 2602 2372 2636; x_wconf 88' lang='lat' dir='ltr'>prose·</span> <span class='ocrx_word' id='word_1_331' title='bbox 2421 2599 2427 2607; x_wconf 91' lang='grc'>·</span> 
     </span>
     <span class='ocr_line' id='line_1_30' title="bbox 493 2653 2371 2706; baseline 0.003 -21"><span class='ocrx_word' id='word_1_332' title='bbox 493 2659 646 2698; x_wconf 89' lang='lat' dir='ltr'>quentes</span> <span class='ocrx_word' id='word_1_333' title='bbox 672 2653 804 2686; x_wconf 88' lang='lat' dir='ltr'>bonam</span> <span class='ocrx_word' id='word_1_334' title='bbox 824 2655 972 2699; x_wconf 88' lang='lat' dir='ltr'>juvenis</span> <span class='ocrx_word' id='word_1_335' title='bbox 997 2655 1172 2698; x_wconf 90' lang='lat' dir='ltr'>indolem,</span> <span class='ocrx_word' id='word_1_336' title='bbox 1199 2657 1258 2702; x_wconf 87' lang='lat' dir='ltr'>qui</span> <span class='ocrx_word' id='word_1_337' title='bbox 1286 2657 1338 2690; x_wconf 88' lang='lat' dir='ltr'>sic</span> <span class='ocrx_word' id='word_1_338' title='bbox 1363 2657 1564 2691; x_wconf 87' lang='lat' dir='ltr'>litterarum</span> <span class='ocrx_word' id='word_1_339' title='bbox 1591 2657 1723 2691; x_wconf 87' lang='lat' dir='ltr'>studiis</span> <span class='ocrx_word' id='word_1_340' title='bbox 1748 2658 1916 2699; x_wconf 88' lang='lat' dir='ltr'>intendit,</span> <span class='ocrx_word' id='word_1_341' title='bbox 1939 2664 1979 2690; x_wconf 89' lang='lat' dir='ltr'>ut</span> <span class='ocrx_word' id='word_1_342' title='bbox 1998 2669 2017 2690; x_wconf 90' lang='lat' dir='ltr'>a</span> <span class='ocrx_word' id='word_1_343' title='bbox 2035 2657 2209 2691; x_wconf 81' lang='lat' dir='ltr'>virtutum</span> <span class='ocrx_word' id='word_1_344' title='bbox 2231 2656 2371 2706; x_wconf 83' lang='lat' dir='ltr'>semitis</span> 
     </span>
     <span class='ocr_line' id='line_1_31' title="bbox 492 2719 2373 2770; baseline 0.003 -18"><span class='ocrx_word' id='word_1_345' title='bbox 492 2731 566 2752; x_wconf 91' lang='lat' dir='ltr'>non</span> <span class='ocrx_word' id='word_1_346' title='bbox 591 2719 747 2753; x_wconf 87' lang='lat' dir='ltr'>recedat.</span> <span class='ocrx_word' id='word_1_347' title='bbox 775 2720 898 2754; x_wconf 90' lang='lat' dir='ltr'>Planta</span> <span class='ocrx_word' id='word_1_348' title='bbox 923 2728 991 2763; x_wconf 90' lang='lat' dir='ltr'>est,</span> <span class='ocrx_word' id='word_1_349' title='bbox 1018 2734 1088 2766; x_wconf 94' lang='lat' dir='ltr'>que</span> <span class='ocrx_word' id='word_1_350' title='bbox 1114 2734 1179 2767; x_wconf 89' lang='lat' dir='ltr'>per</span> <span class='ocrx_word' id='word_1_351' title='bbox 1205 2723 1271 2756; x_wconf 87' lang='lat' dir='ltr'>Dei</span> <span class='ocrx_word' id='word_1_352' title='bbox 1297 2724 1447 2768; x_wconf 88' lang='lat' dir='ltr'>gratiam</span> <span class='ocrx_word' id='word_1_353' title='bbox 1474 2731 1509 2757; x_wconf 90' lang='lat' dir='ltr'>et</span> <span class='ocrx_word' id='word_1_354' title='bbox 1533 2723 1783 2770; x_wconf 85' lang='lat' dir='ltr'>irrigationem</span> <span class='ocrx_word' id='word_1_355' title='bbox 1804 2731 1961 2758; x_wconf 83' lang='lat' dir='ltr'>vestram</span> <span class='ocrx_word' id='word_1_356' title='bbox 1987 2723 2179 2756; x_wconf 90' lang='lat' dir='ltr'>secundam</span> <span class='ocrx_word' id='word_1_357' title='bbox 2200 2723 2373 2757; x_wconf 86' lang='lat' dir='ltr'>coalescit</span> 
     </span>
     <span class='ocr_line' id='line_1_32' title="bbox 492 2785 2373 2836; baseline 0.003 -18"><span class='ocrx_word' id='word_1_358' title='bbox 492 2786 529 2818; x_wconf 92' lang='lat' dir='ltr'>in</span> <span class='ocrx_word' id='word_1_359' title='bbox 549 2785 729 2828; x_wconf 87' lang='lat' dir='ltr'>arborem,</span> <span class='ocrx_word' id='word_1_360' title='bbox 752 2788 856 2832; x_wconf 87' lang='lat' dir='ltr'>cujus</span> <span class='ocrx_word' id='word_1_361' title='bbox 878 2794 913 2820; x_wconf 89' lang='lat' dir='ltr'>et</span> <span class='ocrx_word' id='word_1_362' title='bbox 932 2787 1058 2820; x_wconf 88' lang='lat' dir='ltr'>folium</span> <span class='ocrx_word' id='word_1_363' title='bbox 1079 2788 1150 2821; x_wconf 88' lang='lat' dir='ltr'>cito</span> <span class='ocrx_word' id='word_1_364' title='bbox 1172 2801 1246 2822; x_wconf 92' lang='lat' dir='ltr'>non</span> <span class='ocrx_word' id='word_1_365' title='bbox 1268 2789 1403 2822; x_wconf 88' lang='lat' dir='ltr'>dessuat</span> <span class='ocrx_word' id='word_1_366' title='bbox 1422 2797 1458 2823; x_wconf 92' lang='lat' dir='ltr'>et</span> <span class='ocrx_word' id='word_1_367' title='bbox 1477 2791 1633 2823; x_wconf 81' lang='lat' dir='ltr'>fructum</span> <span class='ocrx_word' id='word_1_368' title='bbox 1655 2802 1761 2824; x_wconf 91' lang='lat' dir='ltr'>suum</span> <span class='ocrx_word' id='word_1_369' title='bbox 1783 2789 1883 2823; x_wconf 83' lang='lat' dir='ltr'>dabit</span> <span class='ocrx_word' id='word_1_370' title='bbox 1901 2790 1939 2823; x_wconf 91' lang='lat' dir='ltr'>in</span> <span class='ocrx_word' id='word_1_371' title='bbox 1960 2797 2123 2836; x_wconf 88' lang='lat' dir='ltr'>tempore</span> <span class='ocrx_word' id='word_1_372' title='bbox 2145 2802 2224 2823; x_wconf 90' lang='lat' dir='ltr'>suo.</span> <span class='ocrx_word' id='word_1_373' title='bbox 2253 2790 2373 2824; x_wconf 82' lang='lat' dir='ltr'>Testi-</span> 
     </span>
     <span class='ocr_line' id='line_1_33' title="bbox 493 2852 2371 2902; baseline 0.003 -17"><span class='ocrx_word' id='word_1_374' title='bbox 493 2853 653 2886; x_wconf 91' lang='lat' dir='ltr'>monium</span> <span class='ocrx_word' id='word_1_375' title='bbox 676 2852 708 2886; x_wconf 92' lang='lat' dir='ltr'>ei</span> <span class='ocrx_word' id='word_1_376' title='bbox 730 2853 965 2898; x_wconf 89' lang='lat' dir='ltr'>perhibemus</span> <span class='ocrx_word' id='word_1_377' title='bbox 986 2855 1223 2888; x_wconf 86' lang='lat' dir='ltr'>commoranti</span> <span class='ocrx_word' id='word_1_378' title='bbox 1247 2855 1438 2889; x_wconf 90' lang='lat' dir='ltr'>nobiscum</span> <span class='ocrx_word' id='word_1_379' title='bbox 1460 2857 1497 2889; x_wconf 93' lang='lat' dir='ltr'>in</span> <span class='ocrx_word' id='word_1_380' title='bbox 1518 2863 1654 2898; x_wconf 86' lang='lat' dir='ltr'>monte,</span> <span class='ocrx_word' id='word_1_381' title='bbox 1681 2856 1764 2902; x_wconf 89' lang='lat' dir='ltr'>quia</span> <span class='ocrx_word' id='word_1_382' title='bbox 1789 2857 1826 2890; x_wconf 94' lang='lat' dir='ltr'>in</span> <span class='ocrx_word' id='word_1_383' title='bbox 1852 2857 1962 2890; x_wconf 91' lang='lat' dir='ltr'>scolis</span> <span class='ocrx_word' id='word_1_384' title='bbox 1983 2857 2166 2899; x_wconf 86' lang='lat' dir='ltr'>assiduus,</span> <span class='ocrx_word' id='word_1_385' title='bbox 2193 2856 2371 2891; x_wconf 88' lang='lat' dir='ltr'>honestus</span> 
     </span>
     <span class='ocr_line' id='line_1_34' title="bbox 492 2919 2372 2970; baseline 0.003 -18"><span class='ocrx_word' id='word_1_386' title='bbox 492 2919 529 2952; x_wconf 90' lang='lat' dir='ltr'>in</span> <span class='ocrx_word' id='word_1_387' title='bbox 554 2919 727 2965; x_wconf 85' lang='lat' dir='ltr'>hospitio,</span> <span class='ocrx_word' id='word_1_388' title='bbox 755 2932 821 2953; x_wconf 93' lang='lat' dir='ltr'>nec</span> <span class='ocrx_word' id='word_1_389' title='bbox 847 2921 985 2954; x_wconf 79' lang='lat' dir='ltr'>effusus</span> <span class='ocrx_word' id='word_1_390' title='bbox 1010 2921 1047 2954; x_wconf 93' lang='lat' dir='ltr'>in</span> <span class='ocrx_word' id='word_1_391' title='bbox 1074 2922 1284 2967; x_wconf 89' lang='lat' dir='ltr'>superfluis,</span> <span class='ocrx_word' id='word_1_392' title='bbox 1311 2935 1378 2955; x_wconf 88' lang='lat' dir='ltr'>nec</span> <span class='ocrx_word' id='word_1_393' title='bbox 1403 2923 1441 2955; x_wconf 92' lang='lat' dir='ltr'>in</span> <span class='ocrx_word' id='word_1_394' title='bbox 1466 2923 1686 2957; x_wconf 84' lang='lat' dir='ltr'>necessariis</span> <span class='ocrx_word' id='word_1_395' title='bbox 1706 2930 1762 2957; x_wconf 88' lang='lat' dir='ltr'>est</span> <span class='ocrx_word' id='word_1_396' title='bbox 1781 2930 1972 2970; x_wconf 87' lang='lat' dir='ltr'>angustus.</span> <span class='ocrx_word' id='word_1_397' title='bbox 2001 2924 2190 2957; x_wconf 90' lang='lat' dir='ltr'>Sociorum</span> <span class='ocrx_word' id='word_1_398' title='bbox 2211 2923 2372 2958; x_wconf 91' lang='lat' dir='ltr'>benevo-</span> 
     </span>
    </p>
   </div>
   <div class='ocr_carea' id='block_1_10' title="bbox 492 2986 2371 3036">
    <p class='ocr_par' dir='ltr' id='par_1_10' title="bbox 492 2986 2371 3036">
     <span class='ocr_line' id='line_1_35' title="bbox 492 2986 2371 3036; baseline 0.003 -17"><span class='ocrx_word' id='word_1_399' title='bbox 492 2986 638 3020; x_wconf 90' lang='lat' dir='ltr'>lentiam</span> <span class='ocrx_word' id='word_1_400' title='bbox 665 2987 717 3020; x_wconf 89' lang='lat' dir='ltr'>sic</span> <span class='ocrx_word' id='word_1_401' title='bbox 743 2994 914 3030; x_wconf 91' lang='lat' dir='ltr'>meretur,</span> <span class='ocrx_word' id='word_1_402' title='bbox 944 2994 983 3021; x_wconf 89' lang='lat' dir='ltr'>ut</span> <span class='ocrx_word' id='word_1_403' title='bbox 1007 2988 1167 3021; x_wconf 88' lang='lat' dir='ltr'>omnium</span> <span class='ocrx_word' id='word_1_404' title='bbox 1183 2989 1344 3034; x_wconf 82' lang='lat' dir='ltr'>gratiam</span> <span class='ocrx_word' id='word_1_405' title='bbox 1371 3002 1444 3023; x_wconf 92' lang='lat' dir='ltr'>non</span> <span class='ocrx_word' id='word_1_406' title='bbox 1469 2990 1617 3023; x_wconf 88' lang='lat' dir='ltr'>amittat.</span> <span class='ocrx_word' id='word_1_407' title='bbox 1645 2990 1810 3024; x_wconf 87' lang='lat' dir='ltr'>Gaudeat</span> <span class='ocrx_word' id='word_1_408' title='bbox 1834 3002 1946 3036; x_wconf 87' lang='lat' dir='ltr'>super</span> <span class='ocrx_word' id='word_1_409' title='bbox 1966 3003 2009 3024; x_wconf 94' lang='lat' dir='ltr'>eo</span> <span class='ocrx_word' id='word_1_410' title='bbox 2031 2997 2152 3024; x_wconf 87' lang='lat' dir='ltr'>sancta</span> <span class='ocrx_word' id='word_1_411' title='bbox 2174 2990 2371 3036; x_wconf 86' lang='lat' dir='ltr'>paternitas</span> 
     </span>
    </p>
   </div>
   <div class='ocr_carea' id='block_1_11' title="bbox 2550 0 2618 3640">
    <p class='ocr_par' dir='ltr' id='par_1_11' title="bbox 2550 0 2618 3640">
     <span class='ocr_line' id='line_1_36' title="bbox 2550 0 2618 3640; baseline 0 0"><span class='ocrx_word' id='word_1_412' title='bbox 2550 0 2618 3640; x_wconf 95' lang='lat' dir='ltr'> </span> 
     </span>
    </p>
   </div>
  </div>
 </body>
</html>
