2580 3528
506 383 570 416 476
1079 388 1393 413 CHARTULARIUM
1428 386 1615 409 UvaEas.
1653 385 1783 407 rmus.
2271 375 2373 418 [1268

505 504 618 541 422.
644 512 769 538 Clemens
786 513 829 538 IV
838 510 998 546 Reginaldo
1014 511 1145 546 episcopo
1161 509 1322 535 Parisiensi
1337 508 1459 543 injungit
1481 510 1511 532 ut
1533 506 1680 540 magistris
1700 505 1900 532 sacerdotibus
1922 505 2041 540 Collegit*
2059 505 2095 532 de
2116 505 2245 532 Sor-bona
2261 509 2289 532 ct
2303 505 2372 532 aliie

594 561 755 598 capellanis
771 561 799 587 in
815 569 908 586 eorum
924 559 1048 585 oratorio
1065 559 1161 584 divina
1177 557 1342 584 celebrandi
1357 556 1405 582 det
1418 555 1599 590 facultatem.
1890 591 1905 596 ..
2000 590 2006 596 .
2069 591 2084 597 ..

1726 590 1801 620 7268,
1817 591 1903 617 Har-tn
1915 591 1961 620 30.
1978 590 2086 617 utet-⁶11.
2103 620 2105 622 ,

596 671 765 704 Clemens
800 670 993 714 episcopus
1029 680 1156 701 servus
1191 678 1377 700 servorum
1413 665 1479 697 Dei
1512 663 1713 697 venerabili
1746 665 1846 697 fratri
1884 691 1905 697 ..
1946 665 2120 710 episcopo
2154 665 2370 699 Parisiensi¹

507 737 657 770 salutem
686 743 720 769 et
746 735 978 780 apostolicam
1006 733 1308 766 benedictionem.
1341 731 1616 776 Supplicationi,
1645 742 1714 775 qua
1741 730 1864 764 dilecti
1892 730 1957 764 filii
1985 731 2148 777 magistri
2178 743 2372 777 pauperes,

507 804 567 848 qui
596 804 631 835 in
658 802 794 835 artibus
821 801 939 845 adepti
968 799 1166 845 magisterii
1195 798 1405 843 dignitatem
1432 798 1469 830 in
1495 797 1699 842 theologica
1725 797 1893 830 facultate
1921 797 2070 831 student
2096 804 2131 831 et
2157 798 2194 830 in
2220 798 2301 832 vico
2327 798 2372 831 ad

507 876 626 914 portas
653 875 733 901 ante
759 867 925 912 palatium
954 866 998 898 de
1025 866 1165 898 Termis
1191 865 1351 897 Parisius
1376 863 1445 897 sub
1470 863 1653 896 communi
1680 863 1752 897 vita
1779 863 1930 909 degunt,
1952 870 2085 897 attenta
2109 864 2279 898 instantia
2305 876 2372 898 nos

506 935 691 980 pulsarunt
726 934 923 978 benignum
959 932 1234 965 accomodantes
1268 930 1444 972 auditum,
1479 930 1739 963 fraternitatem
1773 936 1868 963 tuam
1903 942 2075 976 rogamus
2114 937 2150 964 et
2186 930 2373 965 hortamur

503 1007 634 1034 attente
661 1000 828 1045 quatinus
858 999 1041 1043 magistris
1072 998 1162 1042 ipsis
1187 997 1343 1030 habendi
1366 996 1563 1030 oratorium
1585 997 1622 1029 in
1643 996 1751 1030 domo
1773 997 1865 1042 ipsa,
1887 997 1925 1030 in
1950 1009 2022 1042 quo
2047 996 2100 1030 illi
2125 1009 2170 1030 ex
2193 997 2285 1043 ipsis
2309 997 2372 1043 qui

503 1067 633 1099 suerint
660 1066 695 1098 in
722 1065 923 1098 sacerdotio
949 1064 1136 1097 constituti
1157 1063 1237 1096 aliis
1259 1063 1433 1108 predictis
1454 1063 1639 1109 magistris
1659 1063 1894 1108 presentibus
1919 1070 1954 1096 et
1978 1063 2224 1105 audientibus,
2247 1075 2286 1098 ac
2310 1063 2372 1098 alii

502 1133 604 1166 ctiam
635 1132 766 1177 ydonei
796 1131 983 1176 capellani,
1012 1142 1103 1175 quos
1133 1130 1176 1163 ab
1204 1130 1294 1175 ipsis
1325 1130 1508 1175 magistris
1538 1130 1582 1162 ad
1611 1129 1679 1163 hoc
1709 1130 1847 1175 requiri
1877 1130 2073 1176 contigerit
2101 1130 2308 1176 specialiter
2337 1137 2373 1164 et

501 1199 632 1239 vocari,
663 1210 742 1231 cum
772 1210 863 1243 opus
893 1197 1014 1238 suerit,
1042 1197 1226 1242 magistris
1257 1197 1394 1229 eisdem
1426 1196 1547 1230 divina
1577 1196 1692 1230 officia
1723 1196 1910 1230 celebrare
1940 1197 2084 1242 possint
2111 1197 2250 1243 absque
2273 1197 2370 1243 juris

502 1265 701 1311 prejudicio
722 1264 842 1305 alieni,
861 1263 906 1296 ob
928 1270 1086 1296 nostram
1109 1270 1143 1296 et
1163 1263 1362 1308 apostolice
1383 1263 1483 1296 sedis
1504 1263 1744 1297 reverentiam
1765 1263 1946 1297 licentiam
1968 1276 2075 1309 quam
2095 1263 2229 1297 habere
2250 1270 2371 1310 postu-

502 1332 574 1365 lant
593 1338 628 1364 et
647 1331 824 1372 affectant,
847 1331 877 1363 si
899 1330 1068 1375 expedire
1089 1330 1240 1372 videris,
1262 1330 1462 1363 liberaliter
1487 1330 1668 1375 largiaris,
1690 1337 1729 1363 ut
1749 1337 1936 1364 eisnostra
1962 1331 2241 1373 intercessione,
2264 1342 2371 1376 quam

499 1398 568 1431 sibi
594 1398 785 1431 efficaciter
810 1404 956 1442 sperant
980 1397 1171 1442 prodesse,
1200 1396 1346 1430 salubre
1372 1409 1478 1430 suum
1506 1397 1543 1429 in
1568 1396 1636 1430 hoc
1658 1397 1886 1442 propositum
1911 1397 2027 1430 fuisse
2052 1397 2232 1443 gaudeant
2257 1397 2371 1431 adim-

501 1465 647 1509 pletum,
666 1471 700 1497 et
720 1476 787 1497 nos
807 1464 1035 1497 devotionem
1059 1470 1152 1496 tuam
1175 1463 1298 1509 dignis
1318 1463 1473 1508 proinde
1494 1463 1664 1497 laudibus
1685 1464 1860 1509 prosequi
1882 1463 2092 1497 debeamus.
2115 1465 2193 1497 Dat.
2215 1463 2371 1498 Viterbii

499 1532 534 1576 iij
558 1531 626 1564 kal.
648 1530 798 1576 Aprilis,
820 1530 1049 1576 pontificatus
1070 1530 1185 1563 nostri
1206 1542 1301 1563 auno
1323 1537 1463 1575 quarto.

592 1628 726 1659 Originale
742 1628 767 1651 in
782 1628 857 1651 Arch.
874 1631 926 1651 nat.
944 1628 1029 1652 Paris.
1044 1629 1072 1652 L.
1094 1629 1147 1656 262,
1163 1632 1193 1651 11⁰
1207 1628 1263 1652 126.
1279 1629 1387 1652 Restant
1402 1628 1447 1651 fila
1462 1628 1574 1652 cannah.
1591 1629 1620 1651 In
1641 1628 1795 1652 membrana
1815 1636 1910 1652 aversa
1926 1637 1931 1652 :
1949 1637 1960 1651 «
1977 1628 2138 1652 Guillermus
2153 1629 2185 1652 de
2200 1629 2288 1653 Duaco
2303 1637 2325 1652 »-
2339 1641 2372 1647 -

498 1673 535 1695 Ad
550 1673 613 1696 haec
628 1672 687 1695 vide
702 1681 782 1704 supra
797 1672 935 1703 epistolum
951 1672 1051 1696 Urbani
1067 1673 1100 1696 1v
1115 1672 1210 1696 similis
1226 1672 1333 1701 tenoris,
1348 1677 1377 1695 n⁰
1392 1673 1445 1696 388.
1463 1672 1599 1704 Capellam
1614 1673 1756 1704 quamdam
1769 1681 1821 1696 non
1837 1673 1919 1696 multo
1933 1676 1995 1704 post
2009 1681 2067 1697 esse
2083 1673 2248 1702 fabricatam,
2260 1675 2372 1705 apparet

498 1725 549 1740 non
568 1720 670 1740 tantum
685 1725 715 1740 ex
732 1717 874 1748 primaevis
892 1717 1001 1740 statutis
1023 1718 1062 1746 (no
1076 1718 1141 1747 448).
1159 1725 1225 1749 quae
1240 1720 1327 1740 tamen
1342 1717 1470 1748 temporis
1493 1720 1554 1740 nota
1569 1721 1666 1746 carent,
1686 1718 1731 1740 sed
1746 1717 1889 1749 praecipue
1904 1726 1934 1741 ex
1954 1718 2109 1741 documento
2129 1726 2171 1741 an.
2187 1718 2257 1747 1281,
2273 1717 2371 1742 mensis

498 1761 658 1792 Septembris
680 1762 799 1790 (Cartul.
820 1763 852 1785 de
876 1761 904 1785 la
925 1762 1080 1790 sorbonne,
1101 1761 1169 1785 Bibl.
1192 1765 1245 1785 nat.
1267 1761 1362 1790 Paris„
1378 1770 1427 1785 ms.
1444 1762 1490 1785 lat.
1509 1762 1593 1789 16069,
1615 1762 1659 1785 soi.
1676 1762 1728 1793 9⁵),
1749 1762 1897 1786 continente
1919 1762 2106 1786 canonicorum
2128 1762 2217 1786 Sancti
2236 1762 2370 1787 Benedicti

492 1805 707 1834 declarationem,
726 1806 851 1828 nonnulla
866 1806 897 1829 de
920 1806 1008 1835 terris,
1031 1806 1163 1834 domibus,
1180 1806 1272 1834 vineis,
1288 1806 1504 1837 possessionibus
1525 1809 1550 1829 et
1569 1806 1628 1829 aliis
1650 1806 1726 1829 bonis
1750 1814 1765 1829 a
1779 1806 1918 1838 provisore
1932 1810 1957 1830 et
1972 1806 2108 1838 magistris
2125 1807 2260 1831 Sol-bonae
2278 1806 2370 1839 acqui-

497 1850 547 1872 sita
562 1850 704 1873 consistere
719 1850 744 1873 in
760 1850 901 1878 territorio,
917 1850 943 1873 in
959 1859 1009 1882 quo
1025 1851 1163 1874 memorati
1178 1850 1296 1874 canonici
1309 1851 1522 1882 jurisdictionem
1536 1851 1655 1874 obtinent
1668 1851 1851 1882 temporalem.
1869 1851 1939 1874 Inter
1954 1851 2007 1874 alia
2021 1851 2167 1875 afferuntur
2183 1859 2188 1875 :
2207 1860 2218 1874 «
2234 1851 2328 1875 domus
2342 1851 2370 1875 in

497 1902 548 1925 qua
562 1897 602 1917 est
616 1894 750 1923 celarium,
771 1903 820 1926 que
841 1898 880 1918 est
894 1903 957 1926 pars
973 1895 1044 1918 illius
1060 1895 1163 1923 domus,
1179 1895 1206 1918 in
1223 1903 1274 1926 qua
1289 1895 1388 1918 mansit
1402 1895 1529 1926 magister
1545 1895 1678 1919 Gerardus
1694 1895 1726 1918 de
1741 1895 1870 1919 Remis....
1886 1896 1984 1919 Domus
2004 1895 2031 1918 in
2051 1904 2103 1927 qua
2126 1899 2215 1919 manet
2234 1895 2369 1927 portarius

497 1938 605 1961 interior
607 1956 654 1962 .....
668 1939 731 1962 Item
747 1947 835 1962 omncs
851 1947 952 1962 camere
970 1939 1018 1962 site
1034 1939 1059 1962 in
1075 1939 1148 1962 curia
1163 1947 1311 1971 pauperum
1327 1939 1516 1971 magistrorum
1532 1948 1615 1971 usque
1630 1940 1663 1963 ad
1683 1940 1772 1963 aulam
1786 1948 1886 1968 eorum,
1903 1939 2004 1963 scilicet
2019 1940 2134 1970 capella,
2151 1940 2263 1972 coquina
2278 1943 2304 1963 et
2318 1940 2370 1964 alie

499 1991 599 2006 ramere
614 1991 629 2005 a
648 1983 758 2014 coquina
780 1983 827 2006 site
842 1984 963 2015 contigue
978 1992 1061 2015 usque
1076 1984 1110 2007 ad
1129 1984 1236 2007 domum
1252 1984 1278 2006 in
1298 1992 1350 2015 qua
1365 1984 1463 2007 mansit
1483 1987 1575 2007 cantor
1593 1984 1786 2012 Noviomensis,
1807 1992 1867 2007 cum
1888 1984 1960 2007 curin
1981 1984 2113 2007 dictorum
2134 1984 2324 2016 magistrorum
2343 1988 2370 2008 et

496 2027 608 2058 jardinis
624 2027 681 2050 sitis
700 2031 769 2051 retro
789 2029 926 2058 capellam
947 2036 1037 2051 eorum
1057 2037 1139 2060 usque
1160 2029 1193 2051 ad
1216 2037 1340 2060 magnam
1360 2029 1467 2052 domum
1491 2029 1624 2060 quondam
1648 2029 1770 2060 magistri
1786 2029 1856 2052 Petri
1871 2029 1903 2052 de
1919 2029 2117 2057 Chumberiaco,
2138 2029 2257 2052 canonici
2278 2029 2368 2053 Sancti

499 2072 639 2094 Audomari
654 2080 675 2095 1).
691 2072 835 2104 Episcopus
850 2072 1006 2096 Parisicnsis
1023 2073 1113 2096 Simon
1128 2073 1237 2104 insuper
1252 2073 1388 2104 magistris
1405 2073 1539 2096 Sorbonae
1554 2081 1596 2096 au.
1614 2073 1674 2096 1304
1689 2073 1828 2102 concessit,
1846 2082 1858 2096 «
1874 2077 1903 2097 ut
1918 2073 1944 2096 in
1960 2073 2076 2097 oratorio
2091 2074 2186 2097 domus
2201 2074 2233 2097 de
2249 2073 2369 2098 Sol-bona

499 2115 587 2138 divina
602 2116 671 2140 licite
685 2117 816 2139 celebrent
830 2120 855 2140 et
870 2117 966 2140 faciant
981 2117 1106 2149 obsequia
1122 2117 1250 2140 celebrari
1267 2126 1288 2140 ».
1306 2117 1380 2149 Orig.
1398 2117 1424 2140 in
1440 2117 1516 2141 Arch.
1533 2121 1588 2141 nat.
1606 2117 1689 2141 Paris.
1707 2118 1739 2141 M.
1758 2118 1796 2146 74,
1813 2122 1842 2140 η’·
1855 2119 1877 2141 3.

592 2200 613 2223 1.
630 2201 772 2232 Reginaldo
784 2201 815 2223 de
830 2201 951 2224 Corbolio
966 2202 1014 2224 hoc
1029 2210 1105 2230 anno,
1122 2203 1136 2224 6
1148 2201 1239 2234 jJunii,
1261 2205 1372 2230 mortuo,
1394 2202 1542 2233 Stephanus
1558 2201 1688 2233 Tempier‚
1706 2202 1751 2233 qui
1766 2202 1816 2225 suit
1830 2202 2004 2225 cancellarius
2025 2202 2184 2226 Parisiensis
2201 2202 2271 2233 (vide
2286 2210 2368 2234 supra

500 2248 528 2266 n⁰
543 2244 605 2275 396),
621 2244 647 2267 in
664 2245 816 2276 episcopum
831 2246 1005 2269 Parisiensem
1020 2246 1117 2269 electus
1137 2249 1185 2270 est.
1205 2245 1295 2270 Octob.
1314 2247 1326 2269 7
1338 2246 1439 2277 juravit
1461 2255 1488 2269 se
1508 2250 1675 2270 servaturum
1687 2246 1748 2278 jura
1763 2246 1889 2270 ecclesiae
1904 2246 1987 2270 Paris.
2009 2247 2048 2270 Cf.
2065 2247 2193 2275 Guerard,
2214 2247 2323 2272 cartul.
2336 2248 2370 2272 de

501 2288 599 2318 l'e'ylise
617 2290 650 2313 de
663 2289 856 2318 Notre-Dame‚
873 2291 892 2318 1,
909 2291 961 2313 168.
979 2290 1105 2322 Stephani
1126 2298 1262 2314 successor
1282 2290 1308 2313 in
1328 2290 1415 2314 officio
1434 2291 1587 2314 cancellarii
1606 2291 1655 2314 fuit
1675 2291 1802 2322 magister
1823 2291 1956 2319 Nicolaus,
1973 2291 2018 2323 qui
2031 2291 2086 2323 jam
2104 2293 2118 2315 8
2133 2291 2226 2315 Octob.
2243 2299 2287 2316 an.
2308 2292 2369 2316 1268

501 2336 529 2355 ut
543 2333 712 2356 cancellarius
729 2334 877 2357 nominatur
893 2334 1029 2363 (Gudrard,
1046 2335 1062 2358 l.
1080 2344 1112 2362 c„
1129 2335 1148 2363 1,
1166 2335 1228 2366 169),
1243 2338 1268 2357 ct
1283 2343 1324 2358 an.
1338 2335 1396 2358 1271
1409 2335 1555 2358 Johannem
1570 2335 1785 2359 Aurelianensem
1798 2343 1977 2359 successorem
1988 2336 2090 2359 habuit.
2107 2336 2171 2359 Vide
2185 2336 2254 2359 infra
2269 2339 2299 2359 n⁰
2312 2337 2367 2360 437.

502 2503 802 2539 423.G11illelmus
818 2513 852 2539 de
869 2516 977 2549 Saana,
995 2514 1133 2541 ecclesiae
1149 2516 1366 2549 Rotomagensis
1383 2515 1594 2551 thesaurarius,
1613 2516 1649 2542 de
1665 2516 1745 2542 bonis
1760 2516 1822 2542 suis
1837 2516 1954 2542 ordinat
1967 2520 1995 2542 et
2009 2516 2138 2552 disponit
2148 2524 2202 2552 pro
2218 2515 2368 2542 duodecim

591 2560 770 2586 scholaribus
786 2562 945 2596 theologiae
961 2567 987 2589 et
1002 2563 1151 2590 duodecim
1163 2564 1263 2599 parvis
1277 2564 1459 2590 scholaribus
1479 2565 1592 2591 artistis
1608 2565 1888 2600 Rotomagensibus5
1902 2564 2084 2591 scholaribus
2101 2564 2240 2599 theologis
2255 2564 2368 2590 domum

594 2612 619 2633 et
635 2608 722 2634 libros
737 2609 834 2637 donat.

1754 2650 1829 2679 1268,
1844 2657 1933 2676 mense
1947 2649 2082 2676 novembri.

594 2717 771 2751 Omnibus
805 2718 869 2751 hec
903 2720 1036 2753 visuris
1062 2721 1286 2755 Guillermus
1322 2723 1365 2755 de
1402 2723 1551 2763 Saana¹,
1583 2723 1738 2757 ecclesie
1769 2723 2075 2768 Rothomagensis
2105 2723 2365 2764 thesaurarius,

506 2783 655 2816 salutem
682 2784 718 2816 in
743 2785 908 2817 Domino.
931 2787 1111 2819 Noveritis
1139 2789 1235 2832 quod
1263 2801 1343 2821 cum
1373 2801 1441 2834 ego
1469 2790 1723 2834 acquisiissem
1751 2797 1819 2823 tam
1848 2790 1885 2822 in
1913 2790 2055 2822 civitate
2083 2789 2367 2835 Rothomagensi

506 2861 610 2894 quam
635 2857 731 2883 extra
758 2851 1012 2895 possessiones
1033 2859 1065 2885 et
1088 2854 1250 2888 redditus
1272 2867 1388 2901 usquc
1409 2856 1452 2888 ad
1474 2868 1648 2889 summam
1675 2857 1795 2889 sexies
1815 2856 1944 2901 viginti
1969 2855 2142 2889 librarum
2168 2862 2203 2889 et
2228 2862 2366 2901 septem

507 2922 539 2948 et
571 2916 693 2948 decem
725 2916 923 2949 solidorum
955 2924 989 2950 et
1018 2919 1176 2964 quinquo
1207 2921 1439 2955 denariorum
1470 2929 1674 2964 turonens,
1705 2934 1858 2967 quorum
1890 2922 1929 2955 fit
1958 2934 2130 2967 expressa
2161 2922 2296 2955 mentio
2330 2922 2367 2954 in
