2580 3528
246 421 348 468 1253]
587 433 634 454 ΑΒ
668 433 774 455 Anno
808 432 886 454 Mcc
920 432 1052 461 usQus
1087 434 1135 455 Au
1171 433 1397 465 ruiLwruu
1436 435 1474 456 iv
1509 436 1596 457 nuc.
1636 437 1770 458 rimxc.
2055 430 2118 463 247

241 573 355 611 222.
376 583 559 623 &nocentius
573 585 619 610 IV
627 584 775 619 magistris
790 588 817 611 et
833 585 1014 611 universitati
1027 584 1202 627 scholarium
1222 586 1434 612 Parisiensium
1454 586 1574 612 mandat
1594 590 1625 612 ut
1643 589 1751 621 fratres
1767 592 1896 622 regentes
1912 589 1942 615 in
1957 589 2118 625 theologica

267 658 269 661 ,
311 646 314 647 ⁷
327 631 473 667 facultate
491 631 628 659 ordinum
642 632 880 659 praedicatorum
899 637 929 659 et
944 634 1084 660 Minor-um
1101 642 1119 659 a
1135 634 1337 668 magistrorum
1358 634 1477 669 collegio
1497 639 1652 671 separatos
1671 636 1712 661 ad
1731 637 1823 672 ipsum
1839 637 1989 672 collegium
2009 638 2115 664 admit-

330 684 402 707 lant.

1527 743 1607 772 1253,
1623 743 1685 769 ιΙυΙῘῖ
1698 743 1716 773 1,
1732 743 1829 770 Aesim).

329 823 566 856 Innocentius
596 823 793 869 episcopus
823 836 953 857 servus
984 836 1172 857 servorum
1204 825 1269 858 Dei
1301 825 1445 858 dilectis
1482 825 1567 858 filiis
1603 826 1787 871 magistris
1822 834 1857 859 et
1886 820 2113 861 universitati

239 887 432 923 scolarium
468 886 728 923 parisiensium
764 890 915 923 salutem
952 897 987 923 et
1018 890 1253 936 apostolicam
1289 891 1596 926 benedictionem.
1636 893 1774 926 Amena
1812 893 1913 941 flore
1939 894 2111 928 virtutum

239 942 339 990 sacra
368 955 500 1002 religio
534 955 751 990 dilectorum
786 956 943 990 {iliorum
979 956 1127 990 fratrum
1163 950 1434 992 Predicatorum
1469 971 1508 992 ac
1539 959 1721 992 Minorum
1756 972 1839 993 esse
1868 961 2111 1006 dignoscitur,

238 1027 388 1073 propter
414 1022 511 1068 quod
539 1022 633 1069 apud
655 1023 769 1056 Deum
797 1029 829 1056 et
857 1023 1024 1056 homines
1050 1023 1191 1057 honore
1216 1036 1256 1057 ac
1281 1024 1451 1058 laudibus
1478 1025 1693 1071 dignissima
1720 1033 1918 1071 reputatur.
1948 1028 2035 1061 Inde
2060 1027 2112 1069 fit,

237 1088 336 1133 quod
361 1089 397 1122 in
423 1088 530 1122 nobis
557 1089 749 1135 consurgit
774 1090 930 1131 affectio,
956 1097 996 1123 ut
1021 1091 1167 1135 quando
1193 1091 1322 1124 fratres
1348 1091 1450 1136 ipsos
1474 1089 1592 1136 aliqua
1617 1092 1806 1126 vexatione
1833 1093 1968 1126 turbari
1995 1095 2113 1139 perci-

237 1155 370 1200 pimus,
398 1155 469 1188 sihi
493 1155 538 1189 de
565 1155 739 1202 condigni
768 1156 902 1190 favoris
928 1156 1062 1189 auxilio
1084 1168 1352 1190 succurramus.
1383 1158 1474 1191 Sanc
1502 1158 1595 1191 sicut
1621 1158 1744 1191 dilecti
1773 1159 1835 1192 filii
1906 1160 2004 1205 'prior
2031 1167 2067 1194 et

235 1221 460 1267 guardianus
483 1222 631 1255 fratrum
657 1222 837 1256 dictorum
865 1223 1033 1255 ordinum
1061 1223 1216 1257 civitatis
1244 1224 1462 1258 Parisiensis
1488 1225 1531 1257 ad
1559 1232 1717 1258 nostram
1744 1226 1963 1259 audientiam
1990 1234 2112 1272 pertu-

235 1287 370 1329 lerunt,
399 1300 466 1322 vos
493 1289 685 1332 occasione
715 1289 940 1334 quarundam
969 1290 1144 1323 atrocium
1174 1290 1401 1334 injuriarum,
1433 1302 1503 1335 que
1531 1291 1748 1336 quibusdam
1780 1292 1983 1326 scolaribus
2014 1294 2111 1326 Pari-

235 1353 421 1388 siensibus
453 1367 472 1387 a
505 1354 722 1388 custodibus
756 1355 911 1388 civitatis
946 1356 1111 1400 ejusdem
1146 1356 1282 1390 suerint
1316 1356 1426 1398 illate,
1463 1357 1620 1402 petistis,
1655 1359 1752 1403 quod
1787 1359 1916 1392 fratres
1946 1360 2109 1404 ipsorum

234 1421 402 1454 ordinum
424 1420 573 1462 ibidem,
592 1428 631 1454 ut
650 1428 772 1454 vestro
794 1428 935 1455 utamur
955 1421 1116 1467 eloquio,
1134 1429 1214 1456 actu
1236 1430 1408 1468 regentes
1429 1423 1473 1456 ad
1494 1436 1546 1465 ca,
1569 1424 1628 1457 ad¹
1652 1437 1722 1469 que
1743 1437 1821 1466 vos,
1845 1425 1909 1458 filii
1931 1427 2110 1472 magistri,

234 1486 383 1533 obligati
405 1487 514 1521 eratis
535 1494 571 1520 et
590 1488 627 1520 in
648 1494 834 1533 posterum
855 1500 922 1521 vos
943 1488 1098 1534 obligari
1119 1489 1329 1534 contigerit,
1351 1501 1390 1522 se
1412 1489 1580 1535 ligarent.
1606 1491 1676 1523 Sed
1702 1492 1784 1535 quia
1809 1492 1895 1524 dicti
1921 1493 2050 1526 fratres
2072 1493 2107 1526 id

233 1554 313 1588 sine
338 1554 569 1588 conniventia
594 1554 695 1587 sedis
719 1554 919 1600 apostolice
946 1555 1063 1588 facere
1096 1555 1305 1597 noluerunt,
1332 1568 1412 1597 vos,
1439 1557 1592 1602 predicti
1621 1557 1803 1603 magistri,
1831 1565 1914 1603 post
1941 1558 2007 1592 hec
2038 1559 2107 1592 sibi

232 1620 454 1666 multiplices
488 1620 674 1654 molestias
708 1621 897 1655 intulistis.
930 1623 974 1655 Et
1006 1621 1091 1654 licet
1121 1622 1191 1667 ipsi
1220 1622 1264 1655 ad
1295 1623 1447 1655 eandem
1483 1623 1607 1656 sedem
1639 1624 1809 1657 duxerint
1838 1625 2108 1670 appellandum,

231 1698 298 1721 vos
323 1694 463 1730 tamen,
498 1694 671 1733 quantuni
706 1688 743 1721 in
776 1687 882 1721 vobis
921 1688 1049 1729 extitit,
1087 1689 1205 1722 dictos
1243 1689 1372 1723 fratres
1411 1689 1546 1722 ibidem
1588 1697 1759 1735 regentes
1797 1704 1815 1724 a
1851 1679 2107 1737 magistrorum

215 1748 389 1800 'collegio
409 1761 446 1788 et
465 1754 721 1788 Universitatis
746 1754 933 1788 consortio
960 1762 1172 1800 separantes
1198 1755 1344 1789 nomine
1372 1756 1628 1790 Universitatis
1654 1757 1832 1801 ejusdem,
1862 1770 1901 1791 ac
1922 1765 2109 1803 separatos

231 1820 337 1854 etiam
363 1821 585 1862 nuntiantes,
611 1820 816 1854 scolaribus
843 1821 913 1855 sub
940 1834 1045 1867 pena,
1072 1834 1177 1867 quam
1204 1822 1432 1856 Universitas
1457 1823 1534 1868 ipsa
1556 1823 1726 1869 infligere
1747 1830 1879 1869 potest,
1905 1825 2107 1858 districtius

230 1886 455 1932 injunxistis,
489 1894 529 1921 ut
561 1887 738 1921 lectiones
778 1888 977 1921 eorundem
1012 1889 1160 1922 fratrum
1197 1888 1366 1922 decetcro
1402 1901 1474 1922 non
1514 1890 1716 1923 audirent2.
1753 1891 1872 1933 Quare
1908 1903 1973 1936 pro
2007 1898 2107 1937 parte

231 1953 410 1987 dictorum
436 1954 583 2000 prioris,
609 1955 800 2000 guardiani
826 1962 862 1988 et
888 1955 1035 1988 fratrum
1061 1954 1248 1989 humiliter
1273 1955 1463 2001 petebatur
1487 1968 1504 1989 a
1531 1956 1652 1997 nobis,
1681 1963 1717 1990 ut
1744 1969 1824 1990 cum
1850 1970 1957 1990 causa
1986 1958 2107 1992 turba-

232 2020 342 2054 tionis
370 2021 465 2055 inter
494 2021 623 2055 dictam
655 2021 935 2055 Universitatem
967 2033 1010 2054 ex
1038 2029 1137 2067 parte
1168 2034 1237 2055 una
1266 2029 1301 2055 et
1331 2023 1489 2067 prefatos
1519 2023 1619 2056 cives
1652 2035 1695 2056 ex
1729 2023 1838 2056 altera
1870 2036 1986 2069 usque
2016 2025 2107 2058 adeo

231 2086 353 2120 sedata
387 2087 529 2127 existat,
564 2088 662 2132 quod
697 2088 859 2134 magistri
896 2088 1163 2133 resumpserint
1195 2088 1386 2130 lectiones,
1423 2089 1616 2134 providere
1652 2090 1687 2122 in
1723 2089 1787 2123 hac
1822 2097 1922 2135 parte
1956 2091 2025 2124 sibi
2061 2091 2106 2124 de

230 2152 558 2199 circumspectione
584 2154 685 2187 sedis
710 2154 910 2200 apostolice
931 2166 1155 2188 curaremus.
1184 2156 1258 2188 Nos
1283 2155 1404 2200 itaque
1430 2155 1624 2189 credentes
1654 2156 1688 2188 iu
1717 2156 1822 2189 vobis
1850 2157 1951 2189 illum
1981 2157 2105 2190 haberi

231 2219 452 2253 sinceritatis
471 2219 650 2262 affectum,
673 2226 713 2253 ut
731 2232 802 2265 quc¹
823 2219 931 2253 nobis
951 2221 1068 2254 votiva
1091 2233 1174 2254 esse
1195 2221 1383 2266 percipitis
1404 2228 1569 2267 prompte
1596 2222 1802 2255 devotionis
1828 2223 1948 2255 studio
1975 2223 2105 2268 exequi

231 2284 407 2325 debeatis,
442 2298 482 2319 ac
515 2285 611 2319 inter
644 2298 709 2319 vos
743 2293 778 2319 ct
812 2287 940 2319 fratres
974 2287 1124 2320 eosdem
1159 2287 1342 2320 caritatem
1378 2288 1503 2333 vigere
1538 2294 1694 2321 mutuam
1732 2295 1767 2321 ct
1802 2288 1934 2321 nullam
1966 2289 2102 2322 versari

230 2351 448 2386 discordiam
482 2363 548 2385 seu
583 2351 689 2398 litigii
725 2352 907 2386 materiam
943 2353 1147 2398 cupientes,
1182 2353 1284 2399 ipsos
1313 2354 1357 2386 ad
1392 2360 1551 2387 vestrum
1588 2354 1783 2399 collegium
1815 2361 1850 2387 ct
1878 2354 2103 2388 consortium

230 2417 275 2451 de
308 2418 457 2464 speciali
490 2418 604 2464 gratia
640 2418 879 2459 restituimus,
914 2431 953 2452 ac
988 2419 1093 2452 etiam
1130 2419 1334 2452 mandatum
1371 2431 1435 2453 seu
1476 2419 1728 2453 inhibitionem
1770 2420 1894 2453 factam
1935 2432 2014 2465 per·
2038 2432 2104 2454 vos

230 2483 434 2518 scolaribus
462 2484 692 2518 auditoribus
725 2485 924 2518 eorundem
956 2485 1125 2518 duximus
1154 2486 1405 2519 revocandam.
1437 2486 1614 2529 Quocirca
1645 2486 1916 2519 universitatem
1948 2493 2103 2520 vestram

229 2551 426 2597 rogandam
452 2550 622 2584 duximus
645 2550 818 2584 attentius
845 2558 881 2584 et
912 2551 1125 2584 innuendam
1154 2563 1218 2596 per
1244 2551 1443 2597 apostolica
1470 2551 1575 2584 vobis
1602 2551 1735 2597 scripta
1763 2552 1989 2594 mandantes,
2017 2565 2104 2597 qua-

229 2617 327 2651 tinus
366 2617 560 2664 magistros
597 2617 776 2651 dictorum
816 2617 984 2650 ordinum
1025 2624 1196 2663 regentes
1235 2617 1329 2664 apud
1370 2630 1435 2651 vos
1472 2617 1551 2651 sine
1589 2617 1751 2663 qualibet
1789 2618 1998 2652 difficultate
2037 2631 2102 2652 seu

229 2682 402 2718 dilatione
429 2690 658 2718 resumentes
687 2684 730 2717 ad
759 2690 889 2717 statum
919 2684 1111 2729 pristinum
1139 2690 1176 2718 et
1199 2684 1243 2718 ad
1271 2683 1468 2730 collegium
1495 2684 1751 2730 magistrorum
1779 2697 1818 2718 ac
1849 2685 2103 2719 Universitatis

228 2750 452 2784 consortium
479 2750 711 2784 admittentes
738 2762 803 2783 eos
830 2750 1022 2783 occasione
1050 2750 1312 2796 premissorum
1342 2750 1387 2783 de
1414 2756 1535 2784 cetero
1562 2750 1770 2784 nullatenus
1795 2750 2019 2793 molestetis,
2038 2751 2103 2784 sed

228 2815 330 2862 ipsos
350 2816 472 2851 favore
491 2815 664 2851 benivolo
689 2824 725 2850 et
748 2817 895 2850 caritate
916 2817 1057 2850 sincera
1084 2817 1293 2863 provdivina
1314 2823 1350 2850 et
1374 2823 1496 2850 nostra
1521 2817 1722 2851 reverentia
1744 2818 1908 2859 foveatis,
1937 2804 1982 2851 ita
2002 2804 2101 2863 ‘quod

229 2893 305 2925 nos·
322 2881 429 2924 vobis
455 2883 587 2917 exinde
615 2882 794 2929 speciales
821 2883 957 2930 gratias
979 2883 1196 2925 reseramus,
1224 2883 1387 2931 alioquin
1416 2882 1689 2917 venerabilibus
1717 2883 1889 2917 fratribus
1920 2880 2055 2917 nostris
2079 2909 2099 2916 ..

230 2947 492 2983 silvanectensi
516 2956 554 2983 et
574 2949 833 2983 ..Ebroicensi
859 2949 1044 2996 episcopis
1071 2962 1135 2995 per
1162 2941 1302 2984 litteras
1330 2942 1473 2998 nostras
1501 2950 1740 2996 injungimus,
1771 2956 1809 2983 ut
1833 2947 2098 3003 restitutionem
