2580 3528
266 438 362 479 1251]
615 449 662 471 An
695 448 802 470 Anno
836 448 913 471 mcc
947 448 1079 477 usque
1113 449 1162 470 An
1197 446 1427 471 PniLirPUM
1462 450 1502 471 iv
1538 450 1626 472 nne.
1663 450 1801 472 Fame.
2075 442 2138 474 221

262 522 380 555 anima
408 529 513 556 exuta
542 534 560 556 a
594 534 749 568 corpore
778 529 834 556 est
863 534 1032 567 persona.
1065 523 1109 556 Et
1137 521 1206 556 1100
1236 522 1324 555 dicit
1353 522 1588 556 distinctione
1619 523 1755 568 quinta.
1787 523 1896 557 Aliud
1937 531 2006 565 est,
2042 526 2139 570 quod

263 587 432 622 Christus
461 589 530 622 fuit
556 588 665 622 homo
694 589 732 622 in
761 588 896 622 triduo.
926 590 967 622 Et
998 588 1066 622 hoc
1097 589 1185 622 dicit
1213 589 1449 622 distinctione
1479 590 1655 635 vigesima
1683 590 1856 623 secunda.
1878 611 1922 615 -
1943 592 1983 623 In
2013 598 2140 636 quarto

263 655 432 689 similiter
457 655 530 689 duo
557 655 646 689 dicit
667 667 674 688 :
698 667 810 689 unum
837 662 906 698 est,
932 655 1031 701 quod
1055 655 1259 701 baptismus
1284 655 1462 690 Johannis
1487 668 1568 690 eum
1590 657 1825 702 impositione
1847 669 2016 690 manuum
2039 658 2141 703 equi-

264 721 424 768 pollebat
451 722 631 768 baptismo
652 722 803 764 Christi,
834 723 881 756 ita
901 722 1000 768 quod
1028 722 1229 768 baptizatus
1256 722 1470 769 baptismate
1499 723 1676 757 Johannis
1703 724 1740 756 in
1761 723 1832 757 fide
1858 724 2046 757 Trinitatis
2068 737 2140 757 non

263 796 340 823 erat
367 789 657 836 rebaptizandus.
684 791 728 823 Et
756 789 824 823 hoc
855 789 943 823 dicit
969 789 1204 823 distinctione
1225 790 1398 823 secunda.
1426 790 1538 824 Aliud
1567 797 1623 824 est
1653 790 1698 824 de
1728 797 1906 836 potestate
1936 790 2141 836 baptizandi

263 856 430 899 interius,
464 868 569 902 quam
597 856 699 898 dixit,
731 856 830 902 quod
857 857 956 890 Deus
983 857 1102 902 potuit
1126 856 1187 890 alii
1217 857 1316 899 dare,
1345 863 1381 890 et
1407 857 1506 902 quod
1533 864 1696 891 creatura
1724 858 1841 903 potuit
1867 858 2076 903 suscipere;
2107 865 2141 891 et

263 923 445 966 similiter,
483 923 582 969 quod
616 924 715 957 Deus
754 930 874 969 potest
899 930 1114 969 potestatem
1141 923 1288 957 creandi
1321 924 1589 958 communicare
1623 931 1659 958 et
1689 936 1812 957 creare
1845 936 1911 970 per
1940 931 2139 958 creaturam

265 997 431 1036 tanquam
445 1002 522 1037 per
541 991 760 1024 ministrum.
783 991 828 1024 Et
846 989 915 1023 hoc
936 990 1023 1023 dicit
1044 990 1278 1024 distinctione
1299 990 1435 1036 quinta.

353 1059 395 1091 ln
414 1057 486 1092 hiis
506 1064 588 1091 oeto
609 1056 855 1103 positionibus
875 1057 1116 1091 communiter
1137 1056 1306 1091 doctores
1331 1057 1558 1091 Parisienses
1584 1070 1657 1091 non
1681 1065 1885 1104 sequuntur
1911 1058 2138 1104 magistrum,

264 1136 330 1158 nec
351 1125 476 1167 credo,
502 1125 539 1158 in
565 1124 736 1158 omnibus
759 1124 831 1158 hiis
852 1136 932 1157 011111
960 1135 1043 1157 esse
1069 1123 1339 1166 sustinendum,
1367 1136 1413 1157 ne
1438 1136 1559 1158 amore
1584 1124 1744 1158 hominis
1768 1125 1910 1158 veritati
1937 1124 1998 1158 fiat
2017 1126 2139 1170 preju-

264 1191 411 1225 dicium.

357 1291 383 1314 S.
400 1290 585 1328 Bonaventura
603 1290 630 1313 in
650 1291 664 1314 2
683 1290 760 1315 Sem.
775 1290 837 1314 dist.
853 1291 883 1313 44
898 1290 961 1314 dub.
977 1291 1000 1313 3.
1017 1289 1115 1313 Eodem
1130 1291 1184 1313 fere
1199 1290 1276 1313 modo
1292 1289 1318 1312 in
1334 1289 1470 1313 Prooemio
1485 1289 1603 1321 ejusdem
1619 1291 1652 1314 ad
1667 1291 1680 1313 2
1696 1290 1785 1319 Sene„
1800 1290 1917 1322 primum
1931 1298 1962 1314 ex
1977 1290 2034 1314 cod.
2051 1290 2137 1314 Ande—

262 1334 372 1367 guen-i
386 1338 417 1358 11ο
435 1334 490 1363 193,
506 1334 552 1358 rol.
572 1333 627 1363 164,
642 1334 712 1358 edito
731 1342 747 1358 a
766 1334 815 1358 PP.
832 1333 942 1366 Collegii
959 1334 986 1358 S.
1002 1334 1202 1357 Bonaventurae
1216 1333 1263 1366 (Ad
1284 1333 1376 1357 Clarus
1396 1334 1493 1365 Aquas,
1510 1334 1589 1366 1885),
1610 1334 1680 1366 Opp.
1697 1337 1762 1358 tom.
1777 1335 1810 1363 11,
1830 1343 1856 1366 p.
1878 1335 1901 1358 1.
1922 1334 1961 1358 Cf.
1982 1343 2007 1366 p.
2030 1335 2053 1358 2.
2074 1336 2138 1358 Ante

263 1380 289 1405 S.
304 1379 516 1403 Bonaventuram
530 1387 583 1402 non
598 1378 713 1402 occurrit
727 1378 778 1402 ista
791 1378 911 1402 collectio
926 1378 1043 1410 capitum
1062 1377 1266 1410 reprehensione
1281 1378 1432 1410 dignorum,
1454 1378 1516 1402 licet
1535 1379 1591 1410 jam
1612 1380 1665 1403 fere
1684 1379 1773 1403 omnia
1797 1379 1947 1411 improbata
1969 1379 2137 1403 inveniantur

262 1431 279 1447 ι
291 1423 437 1455 magistris,
453 1431 479 1447 v.
493 1431 519 1455 g.
535 1423 570 1447 ab
585 1423 731 1447 Alexandro
746 1423 778 1446 de
788 1423 867 1446 Hales
882 1426 907 1447 et
922 1423 1028 1446 Alberto
1043 1423 1148 1454 Magno.
1168 1423 1308 1454 Nunquam
1323 1426 1411 1446 tamen
1426 1423 1515 1454 aliquo
1530 1423 1634 1447 decreto
1651 1423 1784 1447 facultatis
1801 1423 1964 1455 theologicae
1980 1423 2137 1447 Parisiensis

262 1468 328 1492 istae
342 1467 486 1492 sententiae
506 1467 673 1500 proscriptae
692 1470 761 1495 sunt,
783 1467 852 1491 sieut
869 1467 959 1491 decem
978 1475 1082 1491 errores
1102 1475 1184 1499 supra
1199 1467 1233 1490 ad
1247 1475 1346 1490 annum
1362 1467 1420 1490 1241
1442 1467 1527 1495 relati,
1544 1467 1590 1491 sed
1605 1468 1788 1491 tantummodo
1802 1476 1932 1491 consensu
1947 1468 2136 1499 magistrorum

262 1512 436 1545 interpretum
450 1512 571 1544 Magistri
586 1511 789 1540 Sententiarum,
805 1515 830 1535 et
845 1511 951 1543 quidem
966 1511 1086 1536 Parisiis.
1102 1512 1134 1535 Et
1149 1511 1206 1535 ideo
1218 1511 1244 1535 in
1255 1511 1323 1535 Bibl.
1336 1511 1442 1535 Balliol.
1454 1511 1519 1535 Coll.
1532 1511 1659 1540 Oxoniac,
1672 1520 1720 1535 ms.
1739 1513 1792 1540 2:30,
1806 1512 1851 1536 sot.
1862 1512 1916 1541 167,
1932 1515 1989 1535 octo
2000 1512 2137 1544 opiniones

261 1557 412 1581 referuntur
426 1556 464 1581 sic
479 1564 486 1580 z
503 1565 515 1580 α
531 1556 675 1589 Opiniones
689 1556 811 1588 magistri
827 1555 1021 1580 Sententiarum
1037 1556 1177 1588 reprobate
1191 1555 1310 1580 Parisius
1326 1563 1349 1580 1).
1365 1556 1459 1580 Postea
1474 1564 1599 1579 numerus
1619 1556 1792 1580 articulorum
1813 1556 1970 1588 augebatur,
1990 1560 2016 1580 ct
2030 1557 2056 1580 in
2072 1565 2137 1581 mss.

261 1604 340 1634 etque
353 1601 432 1626 editis
451 1601 592 1626 Sententiis
607 1601 635 1625 P.
652 1600 794 1625 Lombardi
809 1609 888 1632 saepe
907 1601 1032 1633 leguntur
1051 1601 1084 1624 ad
1103 1601 1202 1624 calcem
1223 1600 1310 1632 quarti
1325 1600 1399 1625 libri.
1415 1601 1445 1624 In
1459 1600 1528 1624 Bihl.
1545 1601 1686 1632 Burghes.,
1703 1605 1732 1624 n⁰
1747 1602 1792 1624 ‘203
1806 1605 1884 1632 (saec.
1902 1601 1980 1630 xm),
1996 1604 2139 1625 occurrunt

262 1654 355 1671 novem
376 1645 533 1678 opiniones;
555 1646 624 1670 Bibl.
647 1649 702 1670 nat.
716 1645 812 1674 Paris.,
828 1653 877 1669 ms.
893 1645 939 1669 lat.
956 1645 1042 1673 15761,
1059 1645 1104 1669 fol.
1120 1646 1134 1668 2
1157 1644 1236 1677 (saec.
1251 1645 1330 1677 XIII),
1347 1645 1392 1674 17;
1413 1645 1440 1668 in
1456 1653 1505 1668 mS.
1526 1645 1573 1669 lat.
1592 1645 1675 1674 15702‚
1693 1645 1736 1669 fol.
1754 1646 1784 1668 86
1805 1645 1898 1677 (ejusd.
1915 1645 2003 1677 seem),
2020 1654 2082 1669 vero
2098 1646 2137 1671 18.

262 1691 428 1723 D'Argeutre,
441 1690 507 1716 Goll.
515 1690 707 1720 judiciorum,
716 1690 736 1719 I,
748 1690 802 1719 118,
814 1690 897 1714 edidit
905 1689 1054 1722 quindecim
1065 1689 1200 1718 articulos,
1213 1689 1257 1722 qui
1267 1689 1347 1714 etiam
1359 1689 1530 1714 inveniuntur
1539 1689 1565 1713 in
1576 1690 1640 1728 Cod.
1652 1690 1709 1714 Vat.
1720 1690 1766 1714 lat.
1777 1691 1848 1718 4847,
1862 1690 1907 1714 fol.
1921 1691 1951 1714 66
1963 1691 2041 1720 (saec.
2053 1691 2118 1720 XIV)
2130 1698 2136 1719 ;

262 1735 331 1760 nihl.
351 1735 429 1760 Univ.
450 1735 604 1767 Lipsiensis,
621 1743 671 1759 ms.
684 1735 732 1759 416
747 1736 826 1765 (saec.
842 1734 920 1767 xm),
936 1734 963 1758 in
977 1734 1028 1758 fine
1044 1734 1131 1766 quarti
1146 1734 1210 1758 libri
1225 1734 1430 1758 Sententiarum.
1447 1735 1579 1758 Adauctao
1595 1735 1701 1758 suerunt
1715 1734 1853 1766 opiniones
1869 1743 1899 1758 ex
1914 1734 2001 1766 primo
2019 1738 2044 1758 et
2057 1743 2137 1766 prae-

261 1780 339 1812 cipue
353 1783 447 1812 quarto
460 1779 530 1804 libro
544 1782 690 1812 excerptae.
706 1779 848 1808 Sententia,
864 1779 934 1811 quod
949 1778 1071 1803 Christus
1087 1779 1231 1802 secundum
1252 1779 1322 1811 quod
1342 1779 1421 1802 homo
1440 1787 1493 1802 non
1512 1782 1552 1803 est
1571 1779 1681 1811 aliquid,
1697 1779 1864 1803 desideratur
1883 1779 1909 1803 in
1929 1779 1991 1808 illis,
2008 1779 2071 1811 quia
2086 1787 2137 1803 non

262 1833 278 1848 n
295 1819 448 1849 doctoribus
467 1824 514 1848 sed
533 1824 568 1848 ab
586 1824 733 1848 Alexandro
752 1824 789 1848 111
808 1823 951 1856 reprobata
969 1826 1010 1847 est
1029 1823 1072 1856 (cf.
1092 1831 1183 1856 supra,
1203 1826 1279 1856 parte
1298 1823 1405 1852 introd„
1426 1828 1465 1847 n0·
1489 1825 1503 1847 3
1524 1827 1550 1847 et
1572 1823 1605 1855 9).
1626 1823 1768 1848 Posteriori
1787 1827 1906 1856 tempore
1925 1824 2024 1856 legitur
2043 1824 2136 1848 titulus

262 1869 307 1894 ille
322 1877 328 1893 :
346 1878 359 1893 ιι
374 1869 518 1901 Opinione:
534 1868 658 1899 (articuli)
673 1877 744 1901 mag.
760 1868 964 1897 Sententiarum,
980 1876 1031 1900 que
1046 1868 1124 1892 modo
1140 1868 1316 1892 communiter
1328 1877 1380 1892 non
1395 1871 1517 1892 tenentur
1532 1876 1554 1896 11,
1566 1869 1607 1892 vel
1624 1867 1705 1892 simili
1716 1869 1803 1897 modo,
1814 1877 1839 1892 v.
1855 1877 1881 1900 g.
1894 1868 1920 1892 in
1932 1868 2000 1892 Bibl.
2014 1869 2135 1900 Amplon.

262 1913 288 1938 in
302 1914 394 1938 Erfnrt
407 1913 463 1938 Fol.
478 1921 531 1939 ms.
545 1913 608 1942 179;
623 1914 652 1937 4⁰
665 1921 715 1937 ms.
733 1913 787 1942 1³0.
803 1917 853 1938 etc.
2030 1915 2033 1919 '

2088 2014 2095 2048 J

267 2067 375 2105 195.
392 2077 579 2116 Lnnocentius
594 2077 611 2102 1
614 2077 638 2103 V
647 2075 782 2112 querelae
794 2075 995 2112 praelatorum
1006 2076 1087 2111 regni
1100 2076 1212 2102 Daciae
1223 2075 1374 2102 consulens
1385 2075 1519 2102 hortatur
1528 2075 1670 2102 Blancam
1680 2076 1810 2110 reginam
1822 2075 1973 2110 Franciae,
1984 2074 2139 2112 prohibeat

351 2123 517 2152 melones-iia
531 2125 612 2160 regni
626 2125 776 2159 Fvaneiae,
793 2133 829 2150 ne
843 2124 1013 2151 accedentes
1028 2124 1069 2151 ad
1082 2124 1179 2151 sedem
1195 2124 1387 2162 apostolicam
1402 2133 1509 2151 necnon
1525 2124 1643 2151 clericos
1659 2123 1786 2160 ejusdem
1807 2125 1888 2159 regni
1907 2125 2019 2150 Daciae
2039 2128 2138 2150 euntes

351 2173 392 2200 ad
405 2173 520 2201 scholas
535 2173 759 2210 clericorumque
773 2174 891 2200 nuntios
906 2173 1065 2200 molestent.

1498 2232 1568 2262 1251,
1583 2231 1671 2258 uma·
1683 2232 1721 2261 18,
1737 2232 1852 2264 Lugduni.

356 2338 378 2344 ..
402 2311 539 2345 lllustri
566 2311 694 2357 regine
722 2311 883 2344 Francic.
912 2312 953 2344 ln
977 2311 1106 2344 affectu
1135 2317 1169 2344 tc
1196 2322 1326 2357 gerere
1355 2310 1506 2344 firmiter
1533 2310 1718 2344 credimus
1745 2310 1842 2355 quod
1870 2310 1907 2343 in
1934 2322 2048 2355 reguo
2077 2316 2138 2343 tuo

265 2377 355 2412 nulli
376 2378 507 2424 injuria
528 2378 715 2412 inseratur.
738 2378 830 2411 Sane
851 2377 978 2424 prelati
1001 2377 1104 2423 regni
1126 2377 1228 2411 Datie
1249 2389 1394 2423 gravem
1417 2377 1461 2410 ad
1482 2389 1550 2410 nos
1578 2377 1811 2410 transmisere
1833 2376 2016 2422 querelam
2039 2376 2137 2421 quod

265 2444 408 2491 quidam
432 2443 625 2478 thelonerii
646 2443 883 2490 quorumdam
906 2443 1069 2477 locorum
1091 2443 1207 2489 ipsius
1228 2443 1333 2489 regni
1358 2443 1409 2477 tui
1435 2443 1583 2476 nuntios
1604 2442 1825 2488 prelatorum
1850 2442 2015 2488 ipsorum
2036 2454 2138 2476 acce-

264 2511 393 2545 dentes
413 2511 457 2545 ad
478 2511 602 2545 sedem
630 2510 879 2557 apostolicam,
905 2522 971 2544 nec
997 2522 1070 2543 non
1095 2509 1250 2543 clericos
1277 2509 1442 2555 ejusdem
1468 2509 1572 2555 regni
1601 2509 1702 2543 Datie
1729 2515 1858 2542 euntes
1879 2509 1922 2542 ad
1944 2508 2076 2551 scolas,
2097 2521 2137 2542 ac

263 2578 480 2612 clericorum
509 2578 670 2623 ipsorum
699 2577 848 2611 nuntios
875 2589 914 2611 ac
941 2577 1158 2622 peregrinos
1186 2588 1251 2622 per
1278 2575 1355 2609 loca
1377 2576 1501 2609 eadem
1523 2576 1713 2609 transitum
1739 2576 1914 2609 facientes
1940 2587 2005 2621 pro
2031 2575 2136 2621 equis

264 2644 343 2679 suis
367 2651 403 2678 et
427 2643 538 2679 rebus
563 2655 653 2690 quas
678 2655 801 2677 secum
828 2643 1010 2685 deferunt,
1037 2654 1251 2688 quamquam
1278 2642 1426 2676 minime
1452 2649 1671 2676 mercatores
1696 2642 1863 2683 existant,
1886 2642 1979 2675 sicut
2000 2654 2138 2675 merca-

264 2717 363 2746 tores
387 2710 611 2757 compellunt
633 2710 677 2744 ad
702 2709 870 2744 thelonea
896 2717 931 2743 et
956 2710 1107 2756 pedagia
1135 2709 1390 2756 persolvenda,
1416 2708 1500 2742 11001
1526 2709 1600 2742 sint
1619 2709 1743 2754 jurare
1771 2709 1880 2755 parati
1910 2709 2008 2754 quod
2029 2721 2135 2742 causa

265 2778 496 2812 mercationis
525 2789 641 2823 equos
671 2783 704 2811 et
735 2789 794 2811 res
824 2776 1032 2822 hujusmodi
1064 2788 1137 2810 non
1165 2776 1361 2810 adducunt.
1392 2777 1512 2819 Quare
1542 2775 1627 2809 dicti
1658 2775 1786 2821 prelati
1817 2775 1923 2809 nobis
1951 2775 2136 2809 humiliter

264 2844 515 2890 supplicarunt
539 2850 578 2878 ut
602 2843 794 2890 providere
820 2855 931 2889 super
958 2842 1026 2876 hoc
1048 2850 1194 2889 paterna
1215 2842 1440 2889 providentia
1463 2853 1685 2876 curaremus.
1715 2842 1805 2886 Quia
1826 2854 1913 2876 vero
1934 2842 1976 2875 ad
1999 2842 2134 2887 regiam

264 2910 495 2944 serenitatem
517 2916 611 2944 tuam
634 2909 791 2956 pertinet
810 2916 1042 2943 transeuntes
1068 2922 1132 2955 per
1157 2909 1291 2943 dictum
1319 2921 1472 2955 regnum
1495 2916 1595 2942 tuum
1615 2921 1633 2942 a
1655 2908 1896 2954 malignorum
1926 2907 2134 2941 incursibus

265 2976 470 3015 defensare,
499 2975 657 3023 regalem
679 2975 928 3010 excellentiam
951 2988 1122 3021 rogamus
1142 2982 1175 3010 et
1197 2975 1383 3009 hortamur
1403 2981 1536 3010 attente
1555 2975 1739 3020 quatinus,
1761 2975 1791 3008 si
1813 2981 1865 3008 est
1887 2974 1946 3015 ita,
1969 2973 2015 3007 ol)
2037 2986 2133 3007 reve-
