2580 3528
483 394 548 426 250
1062 399 1377 423 (311A11'r111,A12115M
1414 396 1603 419 mvivssns.
1642 396 1772 418 PAntS.
2253 386 2352 427 [1253

480 478 570 523 ipsis
605 476 776 510 fratribus
810 483 845 509 et.
883 475 1073 509 ordinibus
1108 475 1185 507 suis
1217 473 1410 505 christiana
1446 471 1671 503 incessanter
1710 469 1895 514 experitur
1934 469 2117 515 professio
2155 469 2250 503 circa
2287 482 2352 511 eos

479 544 634 577 sollicite
669 543 860 576 attendatis
895 549 930 575 et
961 541 1247 581 consideranteS,
1285 538 1382 584 quod
1421 536 1618 582 apostolica
1658 536 1767 570 sedes
1801 537 1874 581 jam
1915 536 2033 570 dictos
2071 536 2202 570 fratres
2241 536 2350 570 velud

479 611 709 655 coadjutores
729 609 904 643 catholice
926 608 1009 641 fidei
1034 614 1065 640 et
1093 612 1348 651 cooperatores
1374 604 1553 637 bonorum
1581 602 1757 648 perutiles
1782 602 2028 636 benivolentia
2053 603 2202 649 speciali
2224 615 2351 649 prose-

479 677 614 722 quitur,
645 677 769 709 intime
800 675 1017 709 sinceritatis
1045 674 1086 707 ad
1115 685 1178 705 eos
1208 671 1409 704 extendatis
1439 670 1589 703 affectus
1620 669 1777 715 quodam
1806 669 1936 703 ardore
1971 670 2145 716 precipue
2177 671 2348 713 caritatis,

480 751 515 776 ut
551 756 622 776 non
658 743 774 776 solum
810 742 953 786 quietos
986 753 1051 773 vos
1086 746 1119 772 et
1154 751 1226 771 non
1257 738 1432 770 molestos
1463 736 1635 770 exhibere
1665 736 1801 770 curetis
1832 736 1986 778 eisdem,
2016 736 2082 770 sed
2111 736 2349 779 honorificos,

478 810 668 843 benivolos
695 816 730 842 et
754 809 946 853 plurimum
973 807 1166 852 gratiosos.
1196 806 1287 838 Sane
1313 804 1456 837 dilectis
1483 803 1568 837 filiis
1592 830 1612 836 ..
1636 803 1758 849 priore
1786 803 2057 837 Predicatorum
2086 810 2122 837 et
2148 804 2349 850 guardiano

478 877 657 910 'Minorum
679 877 825 908 fratrum
848 874 1104 907 l’arisiensium
1128 871 1378 905 intimantibus
1400 870 1507 904 nobis
1528 871 1747 916 accepimus,
1771 870 1869 915 quod
1888 882 1955 904 vos
1976 871 2215 916 quorumdam
2237 878 2350 904 statu·
2371 917 2375 921 ἢ

479 951 593 976 torum
623 942 813 975 occasione
839 952 954 985 nuper
980 952 1044 985 pro
1072 946 1194 972 vestro
1222 938 1325 971 libito
1355 938 1535 970 editorum
1563 949 1581 970 a
1607 937 1727 979 vobis,
1754 938 1856 982 ipsos
1881 944 1917 970 et
1940 937 2097 971 liberum
2121 950 2160 970 ac
2186 938 2348 983 quietum

475 1016 604 1043 statum
627 1009 881 1053 magistrorum
903 1014 938 1039 et
961 1007 1109 1039 fratrum
1136 1005 1346 1038 eorumdem
1374 1005 1542 1038 ordinum
1569 1005 1730 1038 Parisius
1755 1004 1877 1038 studio
1903 1004 2150 1037 insistentium
2172 1017 2211 1038 ac
2233 997 2350 1038 scola-

476 1077 567 1108 rium
595 1087 743 1107 suorum
774 1073 935 1107 indebite
966 1072 1219 1118 perturbastis.
1252 1072 1343 1116 Quia
1372 1071 1484 1117 igitur
1512 1083 1578 1104 nec
1610 1071 1810 1117 expediens
1840 1078 1896 1105 est
1925 1083 1991 1105 nec
2022 1071 2171 1113 decens,
2203 1071 2301 1117 quod
2329 1084 2349 1105 a

472 1142 575 1175 vobis
608 1141 774 1174 molestie
807 1141 864 1174 vel
899 1152 1070 1185 pressure
1105 1140 1306 1172 inferantur
1341 1139 1492 1180 eisdem,
1528 1150 1621 1184 quos
1655 1138 1726 1184 piis
1755 1138 1924 1172 convenit
1954 1138 2074 1183 juvari
2105 1138 2282 1172 subsidiis
2311 1145 2348 1172 et

473 1208 653 1254 presidiis
677 1207 875 1248 confoveri,
917 1207 1189 1240 universitatem
1229 1213 1384 1239 vestram
1425 1205 1636 1251 rogandam,
1678 1205 1895 1239 monendam
1932 1212 2067 1239 attente
2108 1205 2278 1239 duximus
2311 1212 2348 1239 et

471 1275 680 1308 hortandam
710 1287 775 1319 per
801 1274 998 1319 apostolica
1025 1273 1130 1307 vobis
1158 1274 1291 1319 scripta
1319 1273 1546 1315 mandantes,
1573 1273 1744 1318 quatinus
1774 1272 1821 1305 ob
1851 1272 2092 1306 reverentiam
2123 1272 2218 1306 dicte
2246 1272 2346 1307 sedis

471 1349 506 1375 et
530 1348 687 1375 nostram
716 1341 760 1374 ab
787 1342 949 1386 ipsorum
978 1340 1203 1386 quibuslibet
1230 1340 1335 1374 novis
1363 1340 1542 1374 molestiis
1569 1347 1604 1373 et
1630 1339 1970 1385 inquietationibus,
1999 1339 2174 1385 predictis
2202 1339 2346 1374 statutis

471 1421 695 1454 nequaquam
724 1408 966 1450 obstantibus,
995 1408 1216 1441 desistentes
1244 1407 1357 1440 nichil
1383 1407 1529 1453 penitus
1556 1419 1673 1452 usque
1702 1407 1747 1440 ad
1775 1407 1908 1440 festum
1937 1407 2212 1452 Assumptionis
2241 1406 2346 1440 beate

469 1476 633 1521 Virginis
661 1476 777 1521 primo
804 1476 1016 1508 venturum¹
1048 1475 1084 1508 in
1112 1487 1237 1508 eorum
1258 1474 1316 1508 vel
1344 1474 1489 1520 pristini
1517 1481 1632 1507 status
1660 1474 1717 1507 sui
1746 1473 1988 1519 prejudicium
2016 1474 2249 1519 attemptetis,
2279 1463 2346 1507 sed

471 1543 507 1575 in
528 1555 567 1575 ea
589 1542 754 1575 libertate
775 1555 813 1575 ae
835 1543 955 1587 quiete
977 1542 1108 1575 sistere
1129 1542 1345 1587 permittatis
1371 1541 1535 1583 eosdem,
1562 1541 1599 1574 in
1625 1553 1694 1587 qua
1715 1553 1733 1574 a
1759 1540 1904 1574 duobus
1929 1540 2035 1574 annis
2061 1547 2158 1574 retro
2180 1540 2345 1575 extitisse

471 1616 671 1642 noscuntur
700 1609 817 1642 taliter
847 1621 957 1654 super
986 1609 1054 1642 hoc
1083 1609 1295 1654 apostolicis
1325 1620 1391 1642 vos
1412 1614 1622 1654 coaptantes
1650 1608 1798 1641 monitis
1826 1614 1862 1641 et
1888 1607 2079 1649 mandatis,
2108 1607 2207 1652 quod
2233 1607 2344 1641 iidem

472 1676 738 1721 tranquillitatis
760 1677 813 1709 eis
834 1676 1026 1721 provenire
1053 1676 1186 1709 solacia
1207 1683 1242 1709 et
1266 1675 1454 1721 prehabite
1475 1675 1653 1708 libertatis
1674 1681 1805 1708 statum
1827 1674 1897 1708 sibi
1917 1674 2101 1720 gaudeant
2120 1674 2344 1716 conservari,

471 1755 610 1790 nosque
636 1743 865 1777 devotionem
891 1750 1045 1776 vestram
1075 1743 1205 1776 exinde
1233 1743 1356 1789 dignis
1385 1742 1570 1788 possimus
1597 1742 1768 1775 laudibus
1797 1742 2064 1775 commendare.
2096 1743 2233 1776 Verum
2261 1741 2344 1787 quia

469 1810 634 1855 cupimus
669 1811 762 1843 inter
794 1823 859 1843 vos
894 1817 929 1843 et
962 1811 1063 1856 ipsos
1098 1823 1241 1844 omnem
1273 1809 1433 1843 scandali
1464 1816 1500 1843 et
1528 1809 1714 1843 discordie
1747 1816 1933 1855 amputare
1968 1809 2167 1849 materiam,
2203 1814 2243 1841 ut
2274 1807 2344 1842 sub

468 1877 612 1910 vinculo
641 1877 738 1922 pacis
765 1890 891 1910 vacare
922 1877 1074 1910 liberius
1105 1878 1226 1911 studio
1256 1877 1419 1918 valeatis,
1449 1876 1721 1910 venerabilibus
1751 1876 1924 1910 fratribus
1955 1875 2092 1909 nostris
2116 1902 2136 1908 ..
2161 1874 2345 1909 Silvanec-

470 1944 563 1976 tensi
584 1951 619 1976 et
641 1971 660 1976 ..
684 1944 898 1977 Ebroicensi
920 1945 1103 1990 episcopis
1130 1945 1267 1977 nostris
1293 1943 1554 1977 nichilominus
1580 1943 1808 1989 injungimus
1828 1943 1973 1984 litteris,
2001 1949 2040 1976 ut
2064 1954 2130 1976 vos
2156 1948 2192 1975 et
2216 1954 2281 1976 eos
2300 1954 2344 1975 ex

470 2017 567 2055 parte
589 2017 711 2043 nostra
732 2011 975 2056 peremptorie
995 2012 1105 2044 citare
1126 2018 1336 2056 procurent,
1364 2011 1461 2056 quod
1488 2011 1524 2043 in
1550 2011 1731 2056 premisso
1752 2010 1859 2051 sesto,
1888 2010 1959 2042 nisi
1980 2009 2125 2042 interim
2147 2008 2343 2042 concordia

470 2088 579 2121 super
606 2077 676 2110 hiis
704 2078 924 2123 provenerit,
954 2090 1018 2123 per
1045 2085 1301 2123 procuratores
1321 2078 1486 2123 ydoneos
1512 2084 1581 2110 tam
1607 2089 1672 2111 vos
1694 2089 1798 2122 quam
1826 2077 1896 2122 ipsi
1922 2088 2043 2122 eoram
2070 2075 2178 2109 nobis
2198 2087 2343 2121 compa—

470 2156 548 2176 rere
583 2145 730 2186 curetis,
766 2151 801 2177 ut
833 2158 943 2190 super
977 2145 1168 2190 premissis
1198 2145 1294 2190 quod
1326 2145 1428 2186 utile,
1464 2144 1610 2178 salubre
1639 2156 1678 2178 ae
1709 2143 1933 2177 conveniens
1963 2143 2164 2176 viderimus
2194 2149 2342 2176 auctore

469 2211 623 2243 Domino
658 2218 868 2254 statuamus,
904 2224 968 2245 nec
1004 2213 1210 2257 permittant
1245 2212 1394 2245 eosdem
1436 2225 1453 2245 a
1492 2211 1597 2245 vobis
1636 2218 1761 2245 contra
1801 2211 1978 2256 premissa
2019 2209 2140 2243 medio
2179 2216 2342 2254 tempore

470 2278 664 2320 molestari,
698 2279 949 2312 molestatores
979 2279 1189 2324 hujusmodi
1220 2292 1284 2324 per
1316 2291 1507 2312 censuram
1543 2278 1826 2311 ecclesiasticam
1862 2277 2104 2323 appellatione
2140 2276 2342 2322 postposita

468 2345 746 2390 compescendo.
770 2347 847 2378 Dat.
870 2346 1016 2388 Assisii,
1039 2346 1086 2391 vij
1109 2346 1177 2378 kal.
1202 2345 1440 2391 SeptembriS,
1463 2345 1694 2391 pontificatus
1716 2345 1832 2378 nostri
1854 2356 1948 2378 anno
1968 2343 2176 2377 undecimo.
2336 2347 2338 2349 ’

562 2444 615 2466 Duo
635 2444 775 2475 originalia
798 2444 823 2467 in
844 2445 919 2467 Arch-
937 2448 989 2467 nat.
1012 2445 1095 2468 Paris.
1113 2445 1139 2468 L.
1157 2446 1211 2472 2¹18,
1235 2444 1267 2467 1¹¹⁸
1290 2445 1351 2467 237¹·
1373 2447 1398 2467 et
1421 2444 1474 2467 238.
1492 2444 1599 2467 Restant
1623 2444 1667 2466 titu
1691 2443 1801 2466 cannah.
1826 2443 1962 2470 Neutrum,
1984 2445 2013 2465 ut
2034 2441 2147 2469 videtur,
2167 2439 2289 2472 provenit
2310 2448 2342 2463 ex

464 2488 578 2510 Art-him
596 2488 713 2512 [nivers.
725 2503 755 2506 —
766 2489 850 2513 Μόνη.
865 2490 898 2513 de
913 2489 940 2513 la
957 2491 1016 2513 Soc.
1032 2491 1064 2513 de
1079 2489 1159 2513 l'hist.
1177 2490 1210 2513 de
1227 2489 1312 2513 Paris
1322 2493 1347 2513 et
1357 2490 1391 2512 cle
1402 2488 1637 2517 l‘lle-de-France,
1650 2488 1678 2516 Χ,
1692 2489 1745 2511 257.
1756 2487 1820 2511 Vidn
1835 2495 1915 2518 supra
1927 2487 1959 2510 ud
1972 2491 2010 2509 n⁰⁶
2022 2487 2068 2510 222
2078 2489 2104 2509 et
2114 2487 2168 2509 224.

564 2573 582 2594 l.
604 2573 630 2594 ld
647 2576 782 2603 estusque
799 2574 829 2595 ud
848 2574 876 2595 15
892 2574 1001 2604 Augusti
1018 2574 1086 2596 12:3¹1.

469 2702 579 2738 226.
603 2712 782 2737 Innocentius
799 2714 842 2739 JV
852 2712 887 2739 de
903 2713 1001 2739 eadem
1018 2723 1047 2739 re
1063 2715 1204 2750 episcopis
1220 2714 1332 2740 Adamo
1350 2714 1557 2740 Silvanectensi
1572 2717 1598 2740 el
1613 2713 1737 2739 Iohanni
1752 2713 1930 2739 Ebroicensi.

1687 2803 1736 2828 125
1737 2804 1762 2832 3,
1777 2802 1886 2835 Augusti
1895 2802 1940 2832 26.
1955 2801 2053 2827 lentuli.

561 2871 793 2907 innocentius
820 2872 1014 2916 episcopus
1042 2873 1210 2906 venerab.
1242 2873 1411 2907 fratribus
1440 2900 1460 2906 ..
1491 2873 1753 2907 Silvanectensi
1783 2879 1818 2905 et
1848 2899 1868 2905 ..
1902 2871 2117 2905 Ebroicensi
2153 2869 2338 2915 episeopis

467 2937 617 2971 salutem
645 2944 678 2969 et
707 2937 938 2981 apostolicam
965 2938 1269 2972 benedictionem.
1304 2940 1446 2974 Excelsi
1477 2940 1636 2981 dextera,
1667 2945 1745 2981 etc„
1779 2939 1927 2973 mutat-is
1956 2936 2149 2978 mutandis,
2179 2937 2272 2971 sicut
2302 2936 2338 2970 in

592 2996 629 3018 ³2.
