2580 3528
455 396 519 430 290
1035 403 1355 426 CHARTULARIUM
1389 401 1580 424 umvnns.
1617 401 1746 423 mnis.
2226 388 2326 429 [1255

457 479 613 513 dationis
644 478 847 513 lnnocentii
881 489 971 522 pape
1005 476 1279 522 predecessoris
1314 475 1430 508 nostri
1464 474 1529 508 tibi
1559 486 1598 507 ac
1626 474 1809 507 universis
1841 473 2033 506 abbatibus
2068 471 2327 507 Cisterciensis

458 546 608 580 Ordinis
633 551 672 579 ut
696 545 732 578 id
757 544 871 577 libere
897 544 1047 589 possitis
1072 543 1214 575 efficere
1235 542 1446 575 auctoritate
1476 540 1701 586 presentium
1727 540 1975 586 indulgemus.
2003 539 2101 572 Nulli
2122 550 2225 584 ergo,
2245 543 2325 581 etc.‚

458 618 582 645 nostre
608 610 874 652 concessionis,
899 615 962 644 etc.
987 610 1022 643 Si
1052 609 1134 654 quis
1159 615 1290 648 autem,
1313 613 1377 642 etc.
1400 609 1478 640 Dat.
1505 606 1673 651 Anagnie
1698 618 1720 639 x
1744 606 1813 639 kal.
1835 606 1936 648 Julii,
1958 605 2190 651 pontificatus
2210 605 2328 639 nostri

459 690 554 712 anno
575 679 703 723 primo.

553 776 688 808 Originule
703 775 728 798 in
744 775 821 798 Arch.
838 774 939 805 depart.
955 774 987 796 de
1001 773 1092 796 l’Aube
1107 772 1235 803 (Troyes),
1252 771 1366 801 311s260.
1381 771 1458 794 Deest
1472 770 1546 793 bulla
1561 770 1694 801 plumbea.

460 983 570 1019 254.
598 989 748 1016 Guillelma
773 988 925 1014 abbatissa
948 991 975 1013 et
997 990 1146 1013 conventus
1172 987 1199 1012 S.
1219 986 1338 1011 Antonii
1353 985 1448 1011 Paris.
1470 984 1536 1011 ord.
1562 985 1677 1011 cisterc.
1701 983 1823 1011 vendunt
1841 984 1997 1010 dominium
2017 976 2046 1011 et
2060 985 2112 1020 jus
2132 993 2221 1021 super
2234 993 2330 1011 novem

547 1039 645 1065 domos
657 1039 685 1064 in
702 1038 758 1064 vico
771 1037 820 1073 qui
829 1037 936 1062 dicitur
946 1044 962 1062 ‹
973 1044 1034 1061 aux
1048 1036 1167 1061 Estuves
1179 1035 1289 1070 »juxta
1304 1034 1417 1060 domum
1431 1035 1557 1068 fratrum
1569 1034 1710 1059 Minor-um
1725 1033 1828 1059 abbati
1839 1037 1867 1059 et
1877 1033 2025 1059 conventui
2034 1033 2327 1060 Praemonstratensi.

1637 1123 1711 1153 1255,
1726 1131 1816 1149 menso
1830 1123 1911 1153 dunin,
1926 1122 2044 1149 Ρω-Ιεῐῐο.
2075 1148 2078 1150 .

546 1200 738 1234 Universis
766 1205 956 1244 presentes
981 1198 1120 1231 litteras
1145 1197 1367 1242 inspecturis
1393 1209 1499 1230 soror
1519 1197 1719 1231 Guillerma
1743 1197 1893 1230 humilis
1918 1196 2101 1230 abbatissa
2122 1197 2157 1230 S.
2179 1195 2330 1230 Antonii

458 1267 674 1301 Parisiensi's
708 1273 879 1310 totusque
915 1265 1078 1309 ejusdem
1117 1264 1189 1297 loci
1223 1270 1425 1297 conventus
1460 1263 1612 1297 salutem
1647 1264 1684 1297 in
1718 1264 1887 1297 Domino.
1923 1264 2074 1298 Noverit
2110 1263 2330 1297 universitas

457 1341 588 1375 vestra,
611 1333 708 1378 quod
730 1345 809 1365 cum
831 1331 1049 1364 haberemus
1071 1330 1271 1363 dominium
1292 1330 1396 1363 fundi
1418 1337 1514 1363 terre
1535 1337 1571 1364 et
1589 1337 1777 1364 ventarum
1798 1343 1942 1363 necnon
1964 1337 1999 1363 et
2019 1342 2169 1363 censum
2191 1336 2330 1375 septem

457 1401 629 1434 librarum
652 1406 687 1432 et
705 1411 769 1432 sex
790 1398 990 1431 solidorum
1012 1397 1269 1442 parisiensium
1295 1397 1405 1430 annui
1431 1397 1596 1430 redditus
1622 1409 1734 1442 super
1758 1409 1888 1431 novem
1911 1397 2040 1430 domos
2061 1397 2148 1430 sitas
2169 1397 2331 1430 Parisius

453 1469 554 1512 juxta
575 1467 720 1499 domum
742 1466 890 1498 fratrum
917 1464 1099 1497 Minoi-um
1125 1463 1162 1496 in
1186 1464 1267 1497 vico
1293 1464 1355 1508 qui
1381 1463 1513 1497 dicitur
1538 1476 1607 1497 aux
1627 1465 1796 1505 Estuves,
1817 1463 1991 1498 videlicet
2015 1470 2171 1508 quatuor
2190 1462 2331 1496 solidos

458 1533 629 1579 parisien.
652 1532 755 1565 sundi
775 1538 870 1564 tcrre
892 1542 1003 1575 super
1023 1530 1169 1563 domum
1195 1530 1395 1563 liberorum
1422 1531 1546 1563 uxoris
1568 1531 1645 1564 Ade
1670 1530 1757 1564 dicti
1783 1530 1951 1572 Romani3
1975 1529 2169 1563 duodecim
2191 1529 2332 1563 solidos

459 1600 629 1646 parisien.
659 1599 762 1632 fundi
789 1605 884 1631 terre
913 1609 1024 1642 super
1048 1597 1194 1630 domum
1223 1597 1384 1630 defuncti
1409 1597 1505 1630 Petri
1528 1597 1748 1639 Sarraceni¹;
1771 1603 1807 1630 et
1825 1604 1969 1630 centum
1996 1596 2137 1629 solidos
2158 1596 2329 1642 parisien.

459 1666 672 1700 incrementi
697 1677 830 1698 census
856 1676 966 1709 super
991 1664 1142 1697 eandem
1169 1663 1333 1705 domu1n;
1365 1676 1429 1697 sex
1456 1664 1596 1697 solidos
1617 1664 1789 1709 parisien.
1811 1663 1915 1697 fundi
1936 1670 2031 1696 terre
2053 1675 2164 1708 super
2184 1663 2332 1696 domum

458 1733 607 1767 Joannis
638 1732 682 1765 de
710 1731 954 1773 Bellomonte3
984 1742 1047 1763 sex
1074 1730 1214 1763 solidos
1243 1730 1415 1775 parisien.
1446 1731 1550 1764 fundi
1575 1737 1671 1764 terre
1699 1742 1810 1776 super
1834 1731 1980 1763 domum
2007 1731 2210 1775 Margarete
2237 1729 2332 1763 dicte

460 1801 539 1832 Dou
569 1799 706 1839 Celier;
737 1804 890 1843 quatuor
924 1797 1064 1830 solidos
1098 1797 1270 1842 parisien.
1301 1797 1404 1830 fundi
1434 1803 1530 1830 terre
1557 1809 1668 1843 super
1698 1797 1845 1830 domum
1877 1796 2015 1830 Nicolai
2046 1796 2132 1829 dicti
2162 1795 2331 1838 Romani;

460 1872 613 1911 quatuor
642 1865 782 1898 solidos
807 1864 978 1909 parisien.
1006 1863 1109 1896 fundi
1134 1870 1230 1896 terre
1256 1875 1367 1909 super
1392 1863 1539 1897 domum
1565 1864 1726 1897 defuncti
1756 1863 1925 1897 Richardi
1951 1863 2038 1896 dicti
2065 1863 2146 1895 Dou
2173 1861 2331 1904 Porche;

461 1932 696 1977 quadraginta
732 1931 900 1964 denarios
937 1930 1109 1975 parisien.
1145 1930 1248 1963 fundi
1282 1937 1378 1963 terre
1418 1942 1529 1976 super
1567 1930 1713 1963 domum
1752 1930 1917 1975 magistri
1953 1929 2129 1963 Johannis
2167 1927 2334 1962 canonici

462 2000 495 2032 S.
520 1998 707 2031 Benedicti
731 1997 966 2038 Parisiensis3
990 1997 1227 2042 quadraginta
1248 1996 1418 2030 denarios
1439 1997 1611 2042 parisien.
1632 1997 1736 2030 fundi
1756 2004 1852 2030 terre
1877 2008 1988 2042 super
2011 1996 2158 2029 domum
2178 1994 2334 2040 Agnetis

461 2065 506 2098 de
538 2065 711 2106 Vitriaco,
741 2071 776 2097 et
801 2064 1038 2109 quadraginta
1073 2063 1242 2096 denarios
1277 2063 1448 2108 parisien.
1484 2064 1588 2097 fundi
1622 2070 1718 2097 terre
1753 2075 1864 2109 super
1897 2063 2045 2096 domum
2079 2061 2254 2107 Dionysie
2289 2061 2334 2094 de

463 2131 637 2176 Campis:
664 2143 731 2164 nos
765 2143 830 2176 pro
865 2130 1025 2163 evidenti
1059 2129 1212 2163 utilitate
1242 2129 1372 2163 domus
1403 2137 1541 2172 nostre,
1572 2130 1616 2163 de
1647 2130 1829 2163 communi
1863 2141 2047 2163 consensu
2081 2135 2117 2162 et
2148 2127 2334 2162 voluntate

462 2205 585 2231 nostra
605 2210 644 2231 ac
666 2198 710 2230 de
730 2197 875 2230 licentia
900 2196 1038 2230 domini
1063 2196 1203 2229 abbatis
1229 2196 1486 2230 Cisterciensis
1514 2197 1626 2242 patris
1656 2197 1771 2230 nostri
1801 2197 1838 2229 in
1864 2196 1932 2230 hoc
1962 2195 2153 2229 utilitatem
2179 2193 2334 2228 ecclesie

463 2272 586 2298 nostre
613 2264 831 2298 attendentis
857 2270 893 2296 et
916 2264 1035 2308 ipsum
1066 2269 1288 2296 contractum
1314 2263 1358 2296 ad
1383 2263 1595 2308 petitionem
1621 2270 1781 2297 nostram
1807 2275 1872 2309 per
1897 2275 1982 2296 suas
2007 2268 2171 2308 patentes
2195 2261 2335 2294 litteras

464 2331 724 2372 confirmantis,
746 2330 840 2363 sicut
864 2330 900 2362 in
925 2330 1063 2363 eisdem
1088 2329 1220 2362 litteris
1248 2329 1393 2374 plenius
1418 2330 1638 2372 continetur,
1664 2342 1703 2364 ac
1730 2330 1835 2363 etiam
1855 2328 2076 2363 venerabilis
2102 2327 2214 2373 patris
2238 2327 2336 2372 epis-

464 2398 545 2443 copi
578 2397 795 2451 Parisiensis
831 2396 985 2429 eundem
1020 2402 1243 2429 contractum
1278 2408 1431 2430 assensu
1466 2408 1533 2430 suo
1568 2404 1604 2430 et
1637 2397 1792 2431 consilio
1826 2395 2061 2442 approbantis
2092 2401 2128 2428 et
2157 2405 2222 2439 per
2250 2404 2336 2427 suas

464 2465 600 2497 litteras
630 2463 845 2504 attestantis,
879 2462 1111 2496 vendidimus
1145 2462 1265 2495 abbati
1300 2469 1334 2496 et
1363 2463 1493 2496 Ordini
1526 2463 1856 2497 Premonstratensi
1892 2463 2069 2508 prefatum
2102 2460 2206 2493 fundi
2239 2466 2336 2492 terre

466 2530 664 2563 dominium
699 2536 734 2562 et
765 2536 965 2570 ventarum,
997 2541 1140 2562 necnon
1168 2536 1203 2562 et
1232 2541 1338 2562 omne
1367 2531 1443 2574 jus⁷
1472 2530 1571 2575 quod
1604 2542 1685 2563 cum
1713 2530 1794 2575 ipso
1825 2529 1986 2563 dominio
2015 2534 2050 2561 et
2078 2538 2159 2560 cum
2187 2525 2336 2571 prefatis

467 2603 604 2641 septem
633 2595 737 2628 libris
767 2602 802 2628 et
831 2607 893 2628 sex
923 2595 1052 2628 solidis
1079 2595 1250 2640 parisien.
1280 2607 1414 2629 census
1443 2597 1553 2629 annui
1583 2597 1620 2630 in
1650 2596 1823 2642 predictis
1857 2607 1987 2629 novem
2018 2591 2208 2627 domibus²
2235 2598 2271 2625 et
2298 2591 2336 2626 in

470 2674 590 2695 earum
607 2661 719 2694 sundo
735 2661 956 2694 habebamus
974 2668 1009 2694 et
1026 2660 1159 2694 habere
1176 2668 1384 2706 poteramus
1401 2674 1466 2707 pro
1483 2663 1656 2696 trecentis
1672 2669 1708 2696 et
1723 2661 1985 2707 quinquaginta
2000 2659 2105 2693 libris
2121 2657 2337 2704 parisiensis

471 2735 613 2761 monete
634 2728 670 2759 in
691 2727 795 2760 aliam
819 2727 1054 2760 hereditatem
1081 2727 1263 2761 utiliorem
1292 2735 1416 2761 nostre
1442 2728 1597 2762 ecclesie
1622 2730 1695 2774 jam
1726 2728 1926 2762 conversis.
1954 2727 2033 2770 Que
2063 2725 2182 2759 omnia
2210 2735 2338 2769 supra-

472 2795 579 2835 dicta,
599 2793 769 2827 videlicet
795 2800 864 2826 tam
893 2794 1026 2826 dictum
1054 2794 1158 2826 sundi
1186 2801 1280 2827 terre
1311 2795 1511 2828 dominium
1539 2801 1575 2828 et
1600 2802 1787 2829 ventarum
1817 2806 1857 2827 ac
1885 2805 1992 2827 omne
2021 2793 2084 2838 jus
2117 2790 2337 2835 contingens

473 2860 663 2894 occasione
684 2859 799 2904 ipsius
821 2859 971 2892 dominii
991 2860 1094 2892 fundi
1115 2866 1224 2902 terre,
1242 2872 1347 2905 quam
1369 2861 1550 2906 predictas
1571 2867 1709 2906 septem
1730 2860 1843 2894 libras
1864 2866 1900 2893 et
1919 2871 1983 2893 sex
2002 2858 2142 2892 solidos
2163 2856 2335 2902 parisien.

472 2927 583 2960 annui
612 2937 757 2967 census,
786 2937 855 2970 que
885 2925 991 2958 nobis
1019 2937 1130 2970 super
1159 2926 1287 2960 domos
1316 2927 1541 2972 supradictas
1568 2928 1673 2961 annis
1700 2926 1857 2972 singulis
1887 2925 2127 2966 debebantur,
2162 2930 2199 2956 et
2231 2922 2337 2955 etiam

597 2985 635 3008 37.
