2580 3528
448 365 511 397 172
1032 373 1352 395 ann‘rULAmUM
1387 372 1578 395 salvans.
1616 373 1746 394 mnis.
2228 363 2329 404 [1241

445 444 614 479 summopere
628 455 718 470 omnes
734 448 899 478 professores
915 447 976 470 fidei
991 447 1135 471 orthodoxe
1150 455 1172 471 i).
1190 447 1219 470 In
1234 447 1285 470 fine
1300 454 1420 470 errorum
1437 448 1498 476 (non
1512 446 1539 470 in
1553 446 1637 470 Paris.
1654 447 1740 476 16360)
1754 454 1759 470 :
1772 455 1783 469 c(
1799 444 1853 470 Pax
1864 444 1892 470 ct
1906 446 1992 478 gratia
2007 446 2130 470 omnibus
2146 446 2326 470 asserentibus

444 492 513 515 hanc
534 491 679 515 veritatem.
697 492 763 515 Data
784 491 833 515 fuit
854 491 901 515 hec
917 491 1046 515 sententia
1065 491 1184 515 Parisius
1199 499 1267 515 anno
1286 491 1391 514 Domini
1411 491 1534 515 MocCXL
1549 491 1575 514 in
1590 491 1691 515 octavis
1706 491 1855 523 Epiphanie
1871 500 1892 514 υ.
1910 492 1939 515 In
1958 491 2015 514 cod.
2037 490 2121 515 Paris.
2138 491 2216 514 16533
2229 491 2333 522 legitur,

445 540 506 560 ante
527 546 538 559 «
559 537 612 560 Pax
628 545 640 559 u
658 544 664 560 ε
686 545 697 560 «
718 536 749 559 lii
770 544 873 560 errores
893 536 1010 559 evitandi
1025 539 1051 560 et
1068 536 1174 568 penitus
1194 535 1342 559 detestandi
1358 539 1384 559 ct
1400 535 1525 559 veritates
1543 535 1664 567 opposite
1684 535 1795 559 firmiter
1814 536 1943 559 credende
1962 539 1988 559 et
2007 536 2158 559 nullatenus
2173 535 2326 559 dubitande.

445 581 538 605 Gratia
557 584 583 604 et
601 589 654 612 pax
669 588 691 610 »,
712 585 761 606 etc.
784 581 809 604 S.
826 581 1011 604 Bonuventura
1029 580 1106 604 affert
1123 580 1150 603 in
1165 581 1179 603 2
1194 577 1271 604 Sen't.
1289 580 1350 603 dist.
1368 581 1398 603 23
1412 577 1436 603 a.
1453 580 1468 603 2
1487 588 1531 611 qu.
1552 580 1567 603 3
1586 580 1634 603 bos
1654 587 1757 603 errores
1773 588 1833 603 cum
1851 580 1902 604 isto
1920 580 2020 604 monito
2038 588 2044 604 ι
2063 588 2074 603 (‹
2090 579 2138 604 liic
2157 583 2198 603 est
2212 588 2280 603 unus
2296 580 2328 603 de

445 626 535 649 decem
556 625 675 649 articulis
697 625 848 657 reprobatis
870 625 904 649 ab
924 625 1097 649 universitate
1117 625 1307 656 magistrorum
1329 624 1521 648 Parisiensium
1540 627 1659 656 tempore
1678 624 1798 656 episcopi
1817 624 1953 648 Guillelmi
1972 627 1998 648 et
2017 624 2117 649 Odonis
2136 624 2288 648 cancellarii
2303 627 2329 648 et

446 670 537 694 fratris
553 670 693 694 Alexandri
709 671 741 694 dc
759 670 837 694 Hales
852 670 937 702 patris
953 673 978 693 ct
993 669 1115 701 magistri
1131 669 1224 698 nostri,
1241 669 1285 700 qui
1301 672 1330 692 ut
1344 669 1475 692 evitentur
1491 668 1635 700 subscripti
1651 672 1713 692 sunt
1727 676 1749 692 ι).
1766 669 1795 692 In
1810 669 1862 692 fine
1877 677 1968 692 corum
1983 672 2089 693 notatur
2103 669 2130 692 in
2145 670 2202 693 cod.
2219 669 2252 694 N.
2270 669 2327 693 vll.

447 715 475 739 C.
492 715 522 738 12
541 715 609 739 Bibl.
626 718 680 738 nat.
696 715 804 746 Neapol.
821 723 826 738 ·.
843 723 855 737 (ι
871 715 923 738 Hoc
939 714 1067 737 sententia
1083 714 1144 737 data
1165 713 1214 737 fuit
1229 713 1347 737 Parisius
1365 721 1434 736 anno
1450 713 1542 737 M⁰CC‘’
1556 713 1597 736 XL
1612 713 1639 736 in
1654 710 1747 736 octava
1762 713 1910 744 Epiphanio
1924 721 1945 736 ».
1960 714 1999 737 Ex
2013 714 2039 737 S.
2056 713 2242 737 Bonaventura
2255 713 2327 737 istud

446 760 575 783 monitum
597 760 767 791 desumptum
790 763 830 783 est
844 759 871 782 in
891 759 959 782 Bibl.
983 758 1110 782 Escorial.
1124 759 1152 782 T.
1170 759 1190 782 I.
1208 759 1237 781 15
1258 758 1294 788 (in
1309 758 1360 781 fine
1376 758 1388 781 1
1402 766 1428 789 p.
1447 758 1473 781 S.
1495 757 1635 787 Thomna„
1652 757 1715 781 Cod.
1732 758 1790 781 Vnt.
1806 758 1853 781 lat.
1869 758 1940 786 9821,
1964 758 2008 781 sol.
2025 758 2084 787 128;
2105 758 2174 782 Bibl.
2191 759 2223 782 de
2237 759 2327 782 Rouen

447 805 534 833 A.263‚
556 805 600 828 sol.
622 804 700 833 306b;
721 804 790 827 Bibl.
812 803 934 828 Univers.
956 803 1038 834 Lips.‚
1062 807 1091 826 n⁰
1106 803 1160 826 416.
1177 803 1207 826 In
1228 803 1332 826 duobus
1354 802 1455 826 ultimis
1475 802 1574 834 legitur
1588 810 1673 825 annus
1694 802 1850 827 MCCXLIII.
1873 803 1902 826 ln
1923 802 1992 826 Bibl.
2009 802 2109 834 Colleg.
2131 803 2192 827 novi
2211 802 2328 827 Oxoniae

447 857 496 872 ms.
512 850 558 872 109
572 849 724 872 nominatur
739 848 921 872 tantummodo
937 847 1111 870 cancellarius
1129 847 1185 871 Odo
1201 847 1232 870 de
1248 847 1341 870 Castro
1357 846 1491 878 Rudulphi
1510 847 1545 876 (in
1561 846 1693 878 principio
1708 847 1765 870 cod.
1783 846 1932 870 Sententias
1947 846 2089 870 Lombardi
2106 847 2282 877 continentis).
2298 848 2327 871 ln

447 894 570 925 Capitulo
591 893 750 925 provinciali
771 892 924 924 provinciae
946 892 1099 916 Provinciae
1116 892 1178 916 Ord.
1206 892 1298 915 Praed.
1321 891 1383 915 anni
1403 892 1465 915 1256
1483 899 1587 914 errores
1611 891 1759 915 afferuntur
1777 899 1837 914 cum
1857 891 1908 915 ista
1930 891 2123 915 introductione
2143 899 2149 915 ε
2172 891 2248 915 «Isti
2266 894 2329 915 sunt

446 946 549 962 errores
572 937 757 969 condempnati
777 937 902 968 Parysius
923 937 957 960 ab
971 936 1096 968 episcopo
1112 936 1256 960 Parisiensi
1275 939 1300 959 ct
1315 935 1452 967 magistris
1470 935 1603 967 theologie
1618 935 1771 967 regentibus
1787 935 1913 967 Parysius
1929 944 1997 959 anno
2017 935 2120 959 Domini
2140 936 2178 959 ΜΟ
2186 936 2239 960 CC⁰
2248 936 2290 960 XL
2303 944 2326 959 a.

447 983 474 1006 S.
491 983 676 1006 Bonaventura
693 982 813 1013 sequitur
830 982 857 1004 in
877 981 1004 1004 relatione
1024 989 1144 1004 errorum
1165 981 1284 1004 ordinem
1304 980 1403 1004 codicis
1424 980 1558 1004 Arsenalis
1579 988 1638 1003 cum
1657 988 1709 1012 quo
1731 980 1811 1003 etiam
1830 980 1917 1012 quoad
1937 980 1990 1003 alia
2012 980 2142 1009 convenit,
2165 981 2212 1004 sed
2233 981 2330 1004 desunt

447 1028 518 1059 apud
533 1027 622 1058 ipsum
637 1027 761 1050 veritates
782 1026 930 1058 oppositae,
946 1034 1013 1057 quae
1026 1029 1113 1049 tamen
1128 1025 1299 1049 inveniuntur
1314 1025 1340 1048 in
1354 1025 1495 1057 Burghes.,
1511 1025 1569 1048 Vnt.
1585 1025 1647 1048 4847
1661 1028 1687 1048 et
1706 1025 1733 1048 in
1752 1024 1838 1048 tribus
1856 1025 1931 1048 codd.
1953 1025 2148 1048 Parisiensibus
2163 1025 2251 1056 primo
2270 1025 2328 1048 loeo

447 1072 546 1095 relatis.
564 1072 593 1095 In
611 1072 686 1095 codd.
704 1071 845 1102 Burghes.,
861 1071 918 1094 Vat.
936 1071 1019 1094 Oxon.
1036 1071 1110 1094 Mert.
1125 1073 1151 1094 et
1164 1070 1191 1093 in
1206 1070 1290 1094 Paris.
1313 1070 1403 1098 15661;
1418 1070 1508 1098 15820;
1525 1070 1611 1098 15702,
1631 1070 1675 1093 fol.
1694 1069 1748 1098 186,
1765 1069 1889 1093 veritates
1904 1069 2051 1093 afferuntur
2065 1069 2145 1093 simul
2162 1072 2224 1101 post
2237 1077 2328 1094 omnes

447 1124 549 1140 errores
563 1119 730 1140 enumeratos
744 1124 803 1139 cum
819 1115 870 1139 isto
884 1115 1058 1147 praeambulo
1073 1123 1078 1138 z
1090 1124 1102 1138 α
1113 1115 1277 1138 Assertiones
1293 1114 1414 1146 opposite
1424 1114 1569 1138 erroribus.
1582 1114 1705 1138 Firmiter
1719 1114 1879 1137 credendum
1889 1117 1930 1138 est
1939 1117 1965 1138 et
1974 1114 2125 1138 nullatenus
2141 1114 2327 1143 dubitandum,

447 1161 516 1192 quod
530 1161 632 1188 Deus»,
647 1165 706 1188 etc..
722 1160 748 1183 in
760 1160 820 1183 aliis
835 1160 911 1184 codd.
923 1168 948 1183 v.
963 1168 988 1191 g.
1001 1160 1085 1183 Paris.
1098 1160 1184 1188 16360,
1200 1159 1306 1182 omnino
1321 1159 1416 1182 desunt
1428 1158 1561 1182 veritates.
1583 1158 1646 1182 Cod.
1667 1158 1802 1181 Arsenalis
1817 1158 1940 1182 omnibus
1954 1159 2145 1190 praeferendus
2160 1161 2208 1187 est,
2224 1158 2329 1182 videtur

446 1205 526 1234 enim,
541 1205 603 1228 licet
621 1213 689 1229 saec.
706 1205 821 1228 le-XV
840 1205 883 1233 sit,
900 1204 1023 1228 exhibere
1042 1204 1157 1236 primam
1179 1204 1366 1232 recensionem,
1388 1212 1455 1235 quae
1470 1203 1613 1226 concordat
1632 1211 1692 1226 cum
1707 1202 1754 1226 illa
1773 1203 1844 1234 apud
1861 1203 1952 1226 Matth.
1970 1202 2054 1227 Paris.
2073 1203 2177 1228 Chron.
2193 1204 2269 1233 mai„
2286 1203 2326 1227 cd.

447 1250 544 1278 Luard,
562 1250 604 1278 lv,
621 1250 664 1273 281
683 1250 725 1278 (ad
741 1257 782 1272 an.
800 1249 879 1281 1243),
894 1249 986 1280 paucis
1002 1252 1105 1272 tantum
1119 1249 1234 1280 demptis
1246 1252 1272 1272 et
1286 1248 1406 1272 variatis.
1422 1262 1449 1266 —
1465 1248 1590 1276 Bulaeus,
1604 1247 1650 1275 111,
1667 1248 1721 1275 177,
1739 1248 1792 1271 179.

543 1335 563 1358 1.
585 1335 613 1358 ln
630 1343 678 1357 ms.
695 1334 779 1358 Paris.
797 1335 882 1362 16360,
904 1334 930 1357 in
948 1342 1000 1366 quo
1018 1334 1074 1357 solo
1094 1337 1186 1357 auctor
1205 1333 1364 1362 nominatur,
1379 1341 1431 1356 non
1449 1332 1614 1364 exprimitur,
1632 1331 1707 1363 cujus
1723 1331 1824 1355 ordinis
1844 1331 1923 1355 fut-rit
1937 1332 1986 1355 iste
2006 1333 2037 1355 fr.
2055 1332 2213 1364 Stephanus.
2234 1332 2327 1356 Matth.

447 1379 530 1402 Paris.
552 1380 569 1402 l.
587 1387 608 1402 c.
630 1379 748 1410 loquitur
763 1379 795 1402 de
812 1387 823 1401 «
843 1378 995 1410 praecipuis
1011 1378 1227 1402 Praedicatorum
1247 1381 1273 1401 et
1291 1377 1422 1401 Minorurn
1440 1376 1587 1400 lectoribus
1607 1385 1629 1400 ».
1651 1376 1737 1399 Habet
1754 1376 1895 1399 maximam
1915 1376 2141 1408 probabilitatem,
2161 1376 2328 1408 praedictum

447 1426 556 1447 fratrem
575 1424 656 1447 fuisse
675 1425 713 1453 sr-
730 1424 908 1454 Stephanum
927 1425 959 1447 de
979 1423 1123 1451 Varnesia,
1144 1423 1200 1446 ord.
1224 1422 1327 1450 Praed.,
1345 1422 1389 1454 qui
1409 1430 1424 1445 a
1445 1421 1580 1453 Stephano
1600 1421 1632 1444 de
1653 1420 1784 1444 Salanhac
1803 1420 1872 1444 inter
1889 1421 1991 1452 primos
2005 1421 2062 1444 ord.
2082 1421 2226 1452 magistros
2241 1421 2325 1446 Paris.

446 1469 555 1492 affertur
574 1468 643 1498 (vide
657 1468 762 1492 Archiv
776 1469 796 1498 f.
811 1468 954 1492 Littercct.—
964 1469 1027 1492 und
1042 1468 1258 1498 Kirchenyeseh.
1270 1468 1297 1491 d.
1310 1466 1461 1494 Mittelalt.,
1478 1466 1510 1494 11,
1522 1466 1575 1494 171,
1592 1466 1646 1495 205)
1658 1468 1684 1488 et
1696 1465 1782 1488 adhuc
1795 1473 1864 1488 anno
1881 1466 1941 1489 1248
1955 1465 2066 1489 Parisiis
2081 1465 2200 1489 docebat.
2217 1466 2327 1489 Errores

446 1522 528 1545 supra
543 1514 640 1536 relatos
660 1513 694 1536 ab
709 1512 844 1544 aliquibus
859 1520 890 1535 ex
905 1512 968 1536 Ord.
990 1513 1082 1536 Praed.
1101 1512 1182 1535 fuisse
1197 1514 1380 1543 progugnatos
1395 1511 1552 1534 concludere
1566 1509 1693 1533 debemus
1709 1518 1740 1533 ex
1751 1518 1781 1533 eo
1794 1510 1864 1542 quod
1875 1510 1941 1542 Cap.
1955 1510 2072 1542 general.
2089 1518 2131 1534 an.
2150 1511 2212 1534 1243
2225 1513 2252 1534 et
2266 1510 2328 1534 1256

445 1561 471 1581 et
485 1558 638 1589 Capitulum
652 1557 816 1589 provinciale
830 1557 983 1588 provinciae
998 1557 1152 1580 Provinciae
1170 1556 1231 1579 anni
1247 1557 1311 1579 1256
1324 1557 1419 1579 fratres
1432 1555 1572 1586 obligavit,
1585 1562 1689 1578 errores
1702 1554 1890 1578 condemnatos
1903 1563 1914 1578 α
1926 1555 1957 1578 dc
1971 1555 2106 1586 quaternis
2120 1563 2132 1578 a
2144 1555 2281 1578 abradere.
2297 1568 2328 1572 —

446 1604 467 1626 2.
486 1603 514 1626 ln
528 1603 584 1625 cod.
604 1602 688 1626 Paris.
708 1602 784 1625 16533
800 1610 806 1625 ;
825 1610 835 1624 (ι
852 1610 898 1625 nec
916 1610 930 1624 a
950 1601 1048 1624 sanctis
1069 1601 1208 1624 animabus
1224 1600 1380 1632 glorificatis
1397 1608 1443 1623 nec
1458 1600 1492 1623 ab
1512 1599 1614 1631 angelis
1630 1599 1735 1622 videtur
1749 1599 1791 1622 vel
1810 1599 1944 1623 videbitur
1960 1608 1981 1622 12.
2000 1600 2028 1623 ln
2043 1599 2174 1631 Burghes.
2190 1600 2245 1628 296,
2261 1602 2287 1623 et
2300 1599 2328 1622 in

445 1647 549 1670 duobus
562 1647 656 1678 primis
672 1647 747 1670 codd.
759 1646 886 1670 Parisien.
897 1646 977 1669 etiarn
989 1655 1000 1669 «
1011 1646 1116 1669 videtur
1130 1646 1172 1669 vel
1187 1645 1320 1669 videbitur
1331 1653 1352 1668 ».
1368 1659 1397 1662 —
1408 1646 1431 1668 3.
1445 1653 1456 1668 (ι
1470 1645 1544 1668 Hunc
1558 1651 1675 1667 errorem
1724 1643 1980 1667 excommunicamus
1992 1651 2004 1667 i>
2017 1644 2090 1668 deest
2104 1644 2211 1676 ubique,
2221 1647 2328 1676 praeter

445 1691 513 1715 Bibl.
531 1693 621 1715 Arsen.
638 1695 664 1715 et
678 1691 769 1714 Matth.
787 1690 870 1714 Paris.
887 1704 918 1708 —
932 1692 954 1714 [ι.
973 1691 1053 1714 Codd.
1073 1690 1173 1722 Burgh.
1190 1693 1216 1713 et
1230 1690 1394 1713 Parisicnses
1409 1690 1511 1712 addunt
1527 1697 1532 1712 :
1551 1697 1563 1712 «
1578 1689 1620 1712 vel
1636 1691 1731 1711 natura
1747 1696 1768 1711 ι).
1785 1701 1817 1706 —
1836 1690 1858 1711 5.
1878 1688 1940 1712 Cod.
1958 1688 2058 1720 Burgh.
2075 1689 2121 1712 296
2135 1691 2161 1712 et
2174 1692 2229 1712 tres
2246 1688 2328 1720 primi

445 1736 528 1760 Paris.
547 1744 552 1760 ε
571 1745 582 1759 (ι
603 1737 694 1760 eadem
710 1744 731 1759 a.
748 1750 779 1753 —
795 1737 818 1759 6.
836 1735 935 1767 Burgh.
958 1735 1051 1764 Oxon„
1066 1736 1125 1759 Vat.
1141 1738 1167 1758 et
1181 1743 1271 1758 omnes
1293 1734 1377 1758 Paris.
1396 1742 1401 1758 ⁴.
1421 1743 1432 1757 (t
1448 1737 1536 1757 tamen
1549 1737 1579 1757 ut
1595 1733 1643 1756 hec
1658 1732 1773 1756 essentia
1793 1736 1833 1756 est
1852 1733 1878 1756 in
1898 1733 2000 1757 ratione
2019 1735 2103 1757 forme
2119 1741 2140 1757 ».
2156 1746 2188 1751 —·
2203 1734 2225 1757 7.
2243 1733 2323 1757 Codd.

445 1781 517 1804 citati
535 1789 540 1804 :
562 1790 572 1804 (ι
592 1784 617 1804 et
635 1781 662 1804 in
682 1781 734 1804 hiis
754 1784 841 1804 tamen
862 1781 946 1803 forma
967 1780 1036 1803 idem
1059 1783 1100 1803 est
1116 1780 1186 1811 quod
1203 1788 1225 1808 »‚
1243 1783 1292 1803 etc.
1310 1792 1341 1797 -
1358 1780 1380 1802 8.
1401 1788 1412 1802 «
1432 1779 1506 1802 Hunc
1527 1787 1643 1802 errorem
1708 1779 1841 1803 credimus
1858 1787 1869 1801 υ
1886 1778 1912 1802 in
1931 1778 2019 1802 citatis
2039 1778 2114 1801 codd.
2133 1777 2176 1801 hic
2196 1781 2222 1801 et
2234 1781 2328 1809 postea

444 1826 526 1850 deest.
544 1839 572 1843 -
588 1827 611 1849 9.
628 1825 707 1849 Citati
720 1826 795 1848 codd.
812 1825 913 1848 addunt
929 1834 941 1847 «
957 1828 1086 1848 natura».
1101 1838 1133 1842 -—-
1148 1825 1186 1847 10.
1203 1824 1294 1847 Matth.
1311 1827 1337 1847 et
1351 1824 1435 1847 Paris.
1452 1824 1554 1847 addunt
1567 1832 1572 1847 2
1591 1833 1603 1847 «
1619 1825 1711 1848 eadem
1726 1827 1767 1848 est
1780 1824 1807 1847 in
1824 1824 1901 1847 Patre
1916 1826 1942 1847 et
1958 1823 2024 1846 Filio
2039 1826 2066 1846 et
2080 1822 2181 1854 Spiritu
2195 1823 2290 1846 Sancto
2303 1830 2326 1846 ι).

444 1884 475 1888 -
486 1871 523 1894 11.
538 1870 617 1894 Citati
632 1870 708 1893 codd.
725 1873 751 1893 et
765 1869 847 1893 Oxon.
865 1870 967 1893 addunt
982 1877 987 1892 z
1010 1878 1022 1892 α
1041 1869 1141 1892 scilicet
1160 1877 1175 1892 a
1190 1872 1265 1900 patre
1281 1871 1306 1892 et
1321 1868 1375 1891 filio
1391 1877 1413 1892 ».
1429 1882 1461 1886 ——
1476 1869 1516 1892 12.
1536 1869 1588 1892 Iste
1607 1877 1682 1892 error
1701 1869 1728 1892 in
1745 1869 1832 1892 citatis
1853 1868 1927 1891 codd.
1945 1867 2053 1899 ponitur
2066 1867 2188 1899 septimo,
2204 1867 2231 1890 in
2247 1866 2327 1898 Capi-

444 1916 500 1938 tulo
515 1914 672 1946 provinciali
688 1914 751 1938 Ord.
769 1914 861 1937 Praed.
879 1914 970 1946 quinto
986 1914 1051 1937 loco.
1067 1927 1098 1931 ——
1111 1914 1150 1937 13.
1166 1913 1244 1936 Deest
1258 1913 1329 1944 apud
1343 1913 1368 1936 S.
1386 1913 1615 1942 Bonaventuram;
1632 1914 1658 1937 in
1674 1913 1761 1937 citatis
1777 1913 1853 1937 codd.
1869 1916 1895 1936 et
1910 1912 1980 1944 apud
1996 1911 2088 1935 Matth.
2102 1911 2187 1935 Paris.
2205 1919 2211 1934 :
2229 1919 2241 1935 (ι
2257 1911 2327 1943 quod

445 1960 531 1983 dicere
546 1959 626 1982 etiam
642 1962 799 1990 presumunt
815 1959 847 1982 de
862 1958 938 1982 beata
954 1958 1061 1990 Virgine
1077 1967 1099 1986 υ,
1118 1958 1144 1981 in
1164 1958 1248 1981 Paris.
1266 1958 1342 1981 15702
1359 1966 1370 1980 «
1389 1957 1468 1981 ctiam
1483 1958 1508 1981 b.
1526 1958 1607 1989 Virgo
1623 1966 1645 1982 ».
1663 1971 1693 1975 --
1708 1958 1746 1981 14.
1763 1957 1841 1981 Citati
1857 1957 1932 1980 codd.
1953 1959 1979 1980 ct
1993 1956 2084 1980 Matth.
2101 1956 2185 1979 Paris.
2202 1956 2304 1979 addunt
2319 1963 2325 1979 z

446 2013 458 2027 «
474 2007 499 2027 ct
514 2004 637 2027 similiter
652 2004 725 2026 locus
741 2003 811 2026 idem
826 2003 974 2034 spiritualis
990 2006 1142 2026 sanctorum
1157 2003 1312 2034 angelorum
1330 2003 1364 2031 (ct
1376 2002 1514 2025 beatorum
1528 2002 1702 2034 hominum)».
1720 2002 1804 2026 Paris.
1822 2002 1898 2025 15702
1913 2001 1987 2024 addit
2008 2000 2095 2024 adhuc
2111 2009 2123 2023 «
2143 2000 2200 2024 scil.
2218 2000 2286 2023 Deus
2302 2008 2325 2024 υ.

444 2062 475 2066 -
490 2049 528 2072 15.
546 2049 598 2071 Iste
612 2056 686 2071 error
703 2048 729 2070 in
745 2047 831 2070 citatis
850 2048 924 2070 codd.
949 2047 1056 2078 ponitur
1078 2050 1159 2075 sexto,
1176 2047 1247 2078 apud
1270 2047 1360 2070 Matth.
1386 2047 1469 2070 Paris.
1487 2046 1609 2078 septimo,
1626 2047 1652 2070 in
1668 2047 1731 2078 Cap.
1750 2045 1909 2078 provinciali
1929 2048 2021 2069 octavo
2041 2045 2107 2068 loco.
2128 2058 2159 2063 --
2174 2045 2212 2068 16.
2233 2045 2325 2069 Arsen.

446 2102 458 2116 (ι
476 2093 517 2117 vel
531 2101 554 2116 ».
573 2106 600 2110 —
617 2093 655 2115 17.
675 2092 724 2116 eit.
741 2092 816 2115 codd.
834 2100 839 2115 2
859 2101 870 2114 a
889 2092 958 2123 quod
975 2092 1060 2115 malus
1076 2092 1186 2123 angelus
1202 2091 1344 2123 aliquando
1364 2091 1413 2114 suit
1428 2091 1513 2114 bonus
1533 2094 1559 2115 et
1577 2099 1630 2114 non
1645 2091 1731 2114 malus
1747 2099 1769 2119 n,
1786 2095 1834 2115 etc.
1851 2104 1882 2108 —-
1896 2090 1934 2113 18.
1952 2090 1981 2113 1n
1998 2089 2041 2112 cit.
2058 2089 2134 2113 codd.
2153 2092 2193 2112 est
2207 2092 2326 2118 octavus,

444 2138 515 2169 apud
533 2137 624 2160 Matth.
646 2136 730 2160 Paris.
752 2136 869 2168 quintus,
891 2136 917 2159 in
938 2136 1001 2168 Cap.
1022 2136 1180 2167 provinciali
1198 2136 1336 2167 septimus,
1360 2144 1420 2159 cum
1444 2135 1599 2159 differentiis
1620 2135 1730 2159 minoris
1750 2139 1835 2159 notae.
1853 2148 1885 2152 -—
1905 2135 1989 2158 19.1n
2009 2134 2052 2157 cit.
2069 2134 2144 2157 codd.
2166 2137 2192 2157 et
2212 2133 2239 2156 in
2261 2133 2325 2165 Cap.

443 2182 601 2214 provinciali
617 2181 725 2213 ponitur
740 2184 843 2213 quarto,
859 2181 931 2212 apud
946 2181 1037 2204 Matth.
1052 2180 1136 2204 Paris.
1153 2183 1226 2204 sexto
1241 2181 1306 2204 loco.
1316 2194 1347 2198 —
1360 2181 1397 2203 20.
1413 2181 1442 2204 In
1458 2188 1522 2204 mss.
1539 2180 1643 2204 citatis:
1661 2189 1673 2204 (‹
1689 2181 1795 2203 fuerunt
1810 2188 1832 2203 ».
1846 2193 1873 2197 —
1885 2179 1923 2202 21.
1938 2178 2050 2202 Additur
2064 2178 2162 2210 ubique
2178 2186 2184 2201 z
2198 2187 2209 2202 a
2221 2181 2246 2201 et
2256 2177 2326 2210 quod

446 2227 521 2250 nulla
535 2226 633 2250 veritas
650 2226 700 2250 suit
711 2226 745 2249 ab
760 2229 858 2254 eterno,
873 2234 923 2257 que
938 2234 989 2248 non
1004 2225 1039 2249 sit
1054 2225 1100 2248 illa
1115 2225 1213 2248 veritas
1225 2233 1245 2248 ».
1257 2239 1288 2242 —
1299 2226 1336 2248 22.
1349 2226 1377 2248 ln
1391 2225 1427 2248 cit
1441 2225 1637 2257 codd0ponitur
1652 2225 1752 2256 quinto,
1767 2224 1794 2247 in
1810 2224 1873 2256 Cap.
1891 2223 2049 2255 provinciali
2064 2226 2136 2246 sexto
2146 2223 2212 2246 loco.
2223 2221 2327 2254 Ubique

446 2274 552 2303 praeter
567 2272 657 2294 Arsen.
669 2279 674 2294 z
686 2271 776 2302 «quod
791 2270 908 2302 primum
924 2278 992 2294 nunc
1009 2274 1035 2293 et
1051 2270 1256 2301 creatio-passio
1272 2278 1323 2293 non
1334 2273 1396 2293 sunt
1408 2273 1511 2293 creator
1526 2270 1566 2293 vel
1582 2273 1732 2298 creatura»,
1744 2272 1770 2293 et
1784 2269 1871 2301 quoad
1887 2268 2024 2292 veritatem
2039 2267 2190 2299 oppositam
2204 2275 2210 2290 2
2224 2275 2236 2290 (ι
2251 2266 2327 2295 Quod

446 2316 563 2348 primum
576 2324 645 2339 nunc
662 2319 688 2339 et
705 2315 905 2347 creatio-passio
922 2318 963 2338 est
977 2318 1098 2338 creatura
1114 2323 1135 2338 ».
1151 2328 1183 2332 —
1197 2315 1235 2337 23.
1254 2323 1265 2337 (ι
1281 2315 1314 2338 Et
1328 2314 1414 2346 gloria
1426 2322 1437 2337 ))
1455 2315 1625 2346 desumptum
1640 2317 1681 2338 est
1694 2322 1725 2337 ex
1740 2314 1766 2337 S.
1783 2314 1976 2337 Bonaventura.
1994 2312 2043 2336 Cit.
2061 2312 2137 2335 codd.
2155 2319 2160 2335 2
2176 2320 2188 2335 a
2199 2311 2327 2343 majorem

447 2361 562 2392 gratiam
577 2364 603 2384 et
617 2360 763 2392 gloriam».
782 2359 942 2383 «Naturalia
954 2368 966 2382 υ
982 2367 1033 2383 om.
1050 2360 1141 2383 Arsen.
1158 2372 1186 2377 —
1202 2360 1239 2382 24.
1257 2359 1319 2382 cod.
1337 2359 1421 2383 Puris.
1440 2359 1517 2382 16533
1532 2367 1538 2382 2
1556 2367 1568 2382 «
1584 2359 1729 2382 secundum
1743 2357 1986 2390 preordinationem
2001 2360 2026 2380 ct
2040 2355 2292 2388 predestinationem
2302 2363 2324 2379 υ.

447 2405 498 2428 Alii
513 2406 589 2428 codd.
604 2413 609 2428 ·.
628 2414 639 2427 «
656 2405 800 2428 secundum
815 2404 884 2436 quod
900 2403 1099 2436 preordinatum
1114 2407 1154 2427 est
1168 2407 1194 2427 et
1207 2404 1416 2435 predestinatum
1433 2411 1459 2432 »;
1476 2403 1560 2427 Paris.
1578 2403 1654 2427 15702
1667 2411 1741 2426 «sec.
1759 2403 1828 2434 quod
1840 2403 1908 2426 Deus
1921 2400 2105 2433 preordinavit
2119 2409 2141 2424 i).
2152 2401 2231 2424 ——25.
2243 2399 2325 2423 Codd.

447 2450 490 2473 cit.
509 2458 514 2473 :
531 2459 543 2473 «
561 2450 684 2473 diabolus
702 2458 724 2472 ».
740 2463 773 2467 -
787 2450 824 2472 26.
846 2449 908 2472 Cod.
930 2448 1014 2473 Paris.
1035 2449 1112 2472 16533
1134 2448 1327 2472 solummmodo
1344 2456 1349 2471 z
1368 2457 1380 2471 a
1396 2448 1430 2471 ab
1446 2448 1530 2477 initio,
1554 2448 1623 2471 unde
1642 2451 1752 2479 possent
1770 2447 1898 2479 proficere
1918 2455 1939 2470 υ.
1957 2446 2032 2477 Apud
2052 2445 2144 2469 Matth.
2169 2444 2255 2469 Paris.
2274 2444 2326 2467 duo

449 2494 534 2518 ultimi
549 2502 652 2517 errores
667 2497 885 2525 transponuntur.

455 2633 562 2670 129.
585 2644 718 2668 Decanus
734 2646 761 2668 et
776 2642 934 2678 capitulum
957 2644 983 2668 S.
1010 2642 1140 2675 Quintini
1161 2642 1356 2668 Noviomensis
1378 2642 1520 2668 dioecesis
1538 2641 1682 2676 fratribus
1702 2639 1960 2667 Praedicator-ibus
1982 2640 2009 2665 S.
2031 2637 2132 2664 Jacobi
2149 2636 2327 2663 parisiensis

539 2691 637 2717 domos
653 2691 694 2717 eis
710 2700 728 2716 α
743 2691 872 2717 Johanne
887 2690 996 2717 decano
1013 2692 1040 2717 S.
1061 2691 1190 2724 Quintini
1205 2690 1331 2716 donatas
1347 2690 1375 2716 in
1388 2694 1559 2726 perpetuum
1574 2690 1729 2716 remittunt.
1974 2688 1976 2690 ’

1463 2779 1533 2809 1241,
1548 2786 1637 2805 mense
1652 2778 1772 2810 Augusto,
1787 2777 1898 2812 [Sancti
1908 2776 2017 2805 Quintius
2013 2775 2039 2811 J.

541 2852 708 2884 Decanus
729 2857 764 2882 et
790 2849 986 2894 capitulum
1013 2849 1133 2882 Sancti
1159 2849 1323 2892 Quintini
1351 2848 1522 2881 omnibus
1549 2848 1593 2881 ad
1620 2859 1713 2893 quos
1735 2853 1925 2893 presentes
1951 2846 2072 2879 littere
2093 2845 2327 2891 pervenerint

451 2918 604 2952 salutem
625 2918 661 2950 in
684 2917 851 2950 Domino.
883 2916 1033 2949 Noverit
1052 2915 1271 2949 universitas
1291 2922 1410 2948 vestra
1432 2915 1543 2960 quod,
1565 2926 1645 2948 cum
1672 2915 1767 2947 inter
1786 2914 1885 2947 viros
1906 2913 2104 2959 religiosos
2122 2938 2143 2944 ..
2167 2912 2325 2957 priorem

2578 907 2580 910 .
2574 854 2580 890 ...n-
2575 812 2580 847 n...
2575 791 2580 803 -
2570 522 2580 782 imma-undam„
