2580 3528
257 441 354 484 1237]
597 440 643 474 Aa
677 451 782 474 anno
816 450 893 474 mcc
927 450 1059 480 usous
1093 450 1142 472 At>
1177 450 1407 472 PHILIPPUM
1442 451 1483 473 lv
1517 450 1605 473 nso.
1643 451 1781 474 rame.
2067 443 2130 476 163

253 538 376 561 suram
391 525 673 560 ecclesiasticam
690 524 933 571 appellatione
949 530 1087 558 remota
1102 523 1307 570 compellat.
1327 525 1405 558 Dat.
1419 523 1575 558 Viterbii
1591 525 1624 569 vj
1644 524 1694 557 id.
1710 525 1881 570 Augusti,
1897 525 2129 570 pontificatus

254 593 371 628 nostri
390 605 486 627 anno
506 592 714 626 undecimo.

346 691 412 716 Cod.
427 691 487 715 Vnt.
502 691 566 722 Reg.
581 691 636 718 406,
654 690 699 714 rol.
716 690 771 714 12⁵.
782 690 961 719 -Jourduim
977 694 1007 713 11⁰
1017 690 1055 714 52.
1072 703 1102 708 —
1116 689 1152 713 De
1167 689 1218 713 isto
1234 691 1370 712 contractu
1385 688 1428 712 hie
1443 692 1587 713 memorato
1603 689 1662 712 vide
1677 689 1747 713 infra
1761 693 1790 712 n⁰
1804 690 1858 712 330.
1876 690 1904 713 In
1920 689 1977 713 cod.
1993 689 2129 714 Cheltenh.

253 733 328 760 dcent.
341 736 529 760 documentum
543 743 626 767 supra
640 734 814 767 publicatum.

347 820 370 844 1.
386 819 592 844 Banholomaei.
608 834 639 838 -
653 820 676 844 2.
694 820 730 844 La
746 818 812 842 foire
826 819 858 843 de
873 819 973 851 Lugny.

258 1000 366 1038 117.
393 1010 545 1045 Gregorius
565 1010 611 1036 IX
623 1009 772 1044 magistris
791 1012 819 1036 et
841 1008 1024 1035 scholaribus
1044 1008 1262 1034 Parisiensibus
1281 1010 1434 1043 confirmat
1458 1012 1571 1034 statuta
1590 1007 1629 1034 ab
1649 1008 1712 1045 ipso
1732 1007 1799 1034 olim
1818 1007 1898 1034 edita
1919 1008 1996 1034 cir-ca
2019 1007 2132 1034 modum

341 1058 514 1086 IIcentiandi
528 1058 557 1084 in
574 1057 718 1094 theologia
734 1062 762 1084 ee
775 1057 908 1093 decretis,
926 1057 1092 1094 inhibetque
1106 1066 1141 1084 ne
1155 1057 1333 1084 Parisiensis
1347 1058 1499 1094 episcopus
1514 1061 1614 1084 contra
1629 1060 1710 1092 agat.

1422 1148 1501 1177 1237,
1518 1146 1678 1180 septembris
1694 1147 1718 1177 7.
1735 1146 1844 1173 riter-bii.

342 1222 548 1268 Gregorius
575 1222 772 1268 episcopus
802 1234 932 1256 servus
957 1234 1147 1256 servorum
1177 1222 1243 1255 Dei
1268 1221 1414 1255 dilectis
1439 1221 1525 1255 filiis
1546 1221 1730 1255 universis
1751 1221 1937 1267 magistris
1956 1227 1993 1255 et
2016 1220 2133 1255 scola-

254 1289 357 1324 ribus
386 1288 658 1323 parisiensibus
688 1288 842 1322 salutem
873 1295 910 1322 et
935 1288 1172 1334 apostolicam
1202 1287 1510 1322 benedictionem.
1545 1288 1632 1331 Qui¹
1661 1288 1706 1321 ad
1733 1287 1802 1321 hoc
1829 1288 2020 1334 potissime
2050 1294 2131 1322 vota

252 1362 376 1390 nostra
401 1355 610 1402 dirigimuS,
637 1361 677 1389 ut
700 1354 856 1388 ecclesie
882 1354 969 1388 filiis
994 1354 1129 1400 quietis
1155 1361 1360 1400 opportune
1386 1355 1536 1400 gratiam
1563 1366 1816 1400 procuremus,
1843 1354 1929 1387 olim
1951 1366 2016 1400 pro
2038 1361 2132 1388 statu

251 1429 375 1456 vestro
398 1421 548 1468 pacifico
573 1422 632 1467 pie
658 1422 851 1456 statuimus
876 1421 1159 1463 observandum,
1183 1421 1282 1467 quod
1305 1421 1461 1467 quilibet
1484 1421 1723 1454 cancellarius
1744 1421 1963 1454 Parisiensis
1984 1433 2027 1454 ex
2048 1428 2133 1454 tunc

251 1488 432 1523 creandus
456 1500 577 1522 coram
603 1488 778 1534 episcopo
802 1487 861 1522 vel
885 1488 931 1522 de
957 1487 1074 1534 ipsius
1102 1487 1270 1521 mandato
1297 1488 1334 1521 in
1359 1487 1517 1534 capitulo
1544 1487 1755 1528 parisiensi,
1778 1487 1915 1521 vocatis
1940 1487 1984 1521 ad
2009 1487 2078 1521 hoc
2099 1494 2135 1521 et

252 1555 487 1602 presentibus
514 1567 580 1602 pro
605 1555 842 1589 universitate
863 1554 1058 1588 scolarium
1080 1554 1226 1588 duobus
1247 1555 1447 1600 magistris,
1468 1555 1506 1588 in
1527 1566 1591 1588 sua
1612 1554 1842 1588 institutione
1862 1554 2013 1599 jurabit,
2035 1554 2133 1599 quod

251 1623 296 1657 ad
330 1622 496 1669 regimen
530 1621 716 1668 theologie
744 1634 784 1655 ac
818 1622 1049 1656 decretorum
1083 1621 1179 1655 bona
1211 1621 1282 1655 fide
1317 1621 1519 1655 secundum
1554 1621 1815 1654 conscientiam
1851 1633 1952 1654 suam
1984 1621 2066 1654 loco
2099 1627 2135 1654 et

252 1697 416 1736 tempore
443 1689 646 1723 secundum
673 1695 804 1722 statum
829 1689 986 1722 civitatis
1011 1694 1048 1722 et
1066 1687 1243 1722 honorem
1265 1700 1305 1722 ac
1325 1687 1552 1722 honestatem
1573 1687 1781 1721 facultatum
1804 1688 1963 1733 ipsarum
1986 1688 2134 1721 nonnisi

252 1756 376 1803 dignis
400 1756 583 1790 licentiam
611 1755 799 1802 largietur,
827 1767 894 1789 nec
923 1755 1089 1789 admittet
1114 1755 1289 1801 indignos
1316 1767 1555 1801 personarum
1583 1755 1793 1800 acceptione
1819 1761 2010 1788 summota.
2039 1754 2133 1788 Ante

251 1835 338 1857 vero
359 1834 466 1869 quam
488 1834 705 1868 quemquam
726 1822 891 1856 licentiet
910 1822 1001 1855 insra
1023 1828 1097 1855 tres
1118 1833 1266 1856 menses
1286 1834 1304 1855 a
1326 1828 1489 1868 tempore
1510 1822 1621 1867 petite
1641 1821 1788 1855 licentie
1809 1828 1879 1855 tam
1900 1821 1945 1854 ab
1962 1821 2132 1855 omnibus

251 1889 437 1936 magistris
461 1888 646 1935 theologie
672 1889 710 1922 in
729 1889 873 1923 civitate
894 1888 1142 1935 presentibus,
1165 1900 1271 1934 quam
1296 1888 1378 1922 aliis
1396 1889 1485 1922 viris
1505 1887 1671 1922 honestis
1693 1894 1728 1921 et
1752 1888 1933 1929 litteratis,
1956 1900 2020 1934 per
2039 1900 2132 1933 quos

250 1957 383 1991 veritas
411 1956 497 1990 sciri
527 1956 657 2002 possit,
689 1955 734 1989 de
762 1956 847 1997 vita,
879 1955 1031 1989 scientia
1060 1961 1097 1989 et
1121 1955 1288 1989 facundia
1318 1967 1462 1988 necnon
1493 1955 1682 2000 proposito
1703 1961 1739 1988 et
1765 1966 1830 2000 spe
1855 1954 2071 2000 proficiendi
2092 1967 2132 1988 ac

250 2022 344 2065 aliis,
378 2034 449 2069 que
474 2029 560 2056 sunt
586 2023 623 2056 in
654 2021 787 2056 talibus
821 2021 1054 2067 requirenda,
1085 2021 1284 2068 diligenter
1316 2022 1476 2067 inquirat
1505 2028 1540 2055 et
1573 2021 1812 2067 inquisitione
1842 2021 1895 2055 sic
1924 2022 2014 2055 sacta
2044 2021 2131 2067 quid

251 2089 378 2124 deceat
402 2096 439 2123 et
466 2089 555 2135 quid
584 2089 752 2135 expediat
781 2088 875 2122 bona
906 2088 977 2122 lide
1007 2088 1069 2122 det
1094 2088 1152 2122 vel
1182 2095 1294 2135 neget
1326 2088 1527 2122 secundum
1563 2100 1663 2122 suam
1699 2088 1959 2122 conscientiam
1994 2088 2131 2134 petenti

251 2156 434 2190 licentiam
455 2155 685 2202 postulatam,
707 2162 816 2201 prout
840 2155 876 2188 in
896 2154 1110 2201 apostolicis
1134 2155 1267 2189 litteris
1287 2166 1400 2201 super
1419 2154 1488 2188 hoc
1508 2154 1698 2188 concessis
1719 2154 1864 2200 plenius
1889 2155 2129 2188 continetur⁸.

250 2224 387 2258 Verum
412 2222 496 2268 quia
528 2228 659 2256 statuta
693 2221 855 2256 edidisse
885 2233 959 2255 non
986 2221 1132 2264 sufficit,
1163 2221 1195 2255 si
1226 2221 1327 2255 firma
1357 2221 1504 2255 illorum
1536 2221 1732 2255 auctoritas
1767 2233 1839 2254 non
1870 2220 2052 2263 subsistit,
2083 2233 2128 2254 ne

251 2287 470 2322 Parisiensis
497 2287 706 2334 episcopus,
735 2287 798 2334 qui
827 2300 893 2334 pro
921 2293 1084 2334 tempore
1110 2287 1232 2330 suerit,
1261 2299 1327 2322 seu
1353 2287 1508 2333 quilibet
1531 2287 1625 2321 alius
1650 2293 1775 2321 contra
1796 2287 1993 2333 predictam
2014 2286 2128 2320 licen-

250 2354 364 2390 tiandi
384 2354 534 2389 sormam
559 2353 682 2400 aliquo
703 2354 812 2388 modo
831 2354 958 2388 venire
979 2360 1176 2400 presumat,
1198 2354 1410 2388 auctoritate
1434 2354 1658 2400 presentium
1680 2354 1882 2387 districtius
1903 2353 2124 2387 inhibemus.

250 2421 348 2456 Nulli
369 2433 459 2467 ergo
479 2420 666 2455 hominum
693 2420 799 2454 liceat
822 2419 914 2454 hanc
939 2420 1105 2466 paginam
1127 2427 1252 2454 nostre
1273 2420 1503 2454 inhibitionis
1525 2420 1739 2466 infringere,
1761 2419 1819 2453 vel
1839 2420 1871 2453 ei
1897 2431 1988 2453 ausu
2014 2426 2126 2454 teme-

250 2488 346 2523 rario
365 2487 559 2522 contraire.
589 2487 625 2522 Si
651 2487 734 2533 quis
761 2493 879 2521 autem
906 2486 975 2520 hoc
1000 2493 1211 2534 attemptare
1236 2487 1515 2533 presumpserit,
1545 2486 1833 2532 indignationem
1865 2486 2125 2532 omnipotentis

250 2554 318 2590 Dei
346 2561 384 2589 et
410 2554 599 2588 beatorum
633 2554 730 2588 Petri
761 2560 798 2588 et
821 2553 922 2587 Pauli
948 2553 1196 2600 apostolorum
1235 2554 1316 2599 ejus
1351 2565 1391 2587 se
1419 2553 1562 2588 noverit
1588 2553 1834 2587 incursurum.
1865 2554 1942 2587 Dat.
1969 2553 2126 2587 Viterbii

249 2621 297 2668 vij
326 2621 375 2656 id.
399 2619 638 2668 Septembris,
660 2620 892 2667 pontificatus
913 2620 1029 2654 nostri
1049 2632 1144 2654 anno
1165 2620 1372 2654 undecimo.

343 2720 406 2752 Reg-
426 2720 484 2744 Vnt.
500 2719 623 2752 Gregorii
644 2719 677 2744 ΙΧ
696 2727 738 2743 ιη.
761 2719 798 2748 11,
819 2727 861 2751 ep.
884 2719 938 2748 24³,
960 2719 1006 2743 fol.
1026 2719 1082 2744 ³27.
1102 2718 1172 2743 Bibl.
1187 2718 1319 2751 rhinipp·
1341 2718 1367 2742 in
1382 2718 1562 2748 Cheltcnham,
1587 2727 1635 2743 mn.
1652 2719 1707 2747 87⁰,
1730 2719 1775 2743 sol.
1796 2720 1818 2743 7.
1835 2719 1896 2745 Cod.
1914 2719 1970 2743 Vnt.
1987 2719 2050 2750 Reg.
2069 2720 2115 2742 406

249 2764 295 2790 fol.
310 2764 350 2790 ⁵¹¹.
365 2778 398 2784 —
411 2764 535 2795 Bulaeus.
550 2764 597 2794 ΙΙΙ,
612 2764 666 2788 181.

343 2848 366 2874 1.
381 2849 438 2875 eoo.
453 2849 511 2873 vn.
529 2849 591 2881 neg.
610 2849 705 2878 :Quim
720 2862 751 2867 --
766 2850 790 2873 2.
806 2848 894 2881 Supra
909 2853 939 2872 n⁰
951 2849 991 2872 7⁹.
