2580 3528
432 391 476 425 82
1019 398 1340 421 ann’rnLAmUM
1375 398 1567 421 untvnns.
1604 398 1733 420 rmus.
2216 383 2316 429 [1215

434 474 609 520 magister
631 468 798 520 ydoneus
823 485 842 507 a
868 473 1006 518 prelato
1033 485 1113 506 cum
1142 472 1312 518 capitulo,
1340 484 1405 506 seu
1431 472 1558 517 majori
1583 484 1623 505 ac
1649 472 1786 506 saniori
1806 478 1907 518 parte
1932 471 2080 517 capituli
2106 471 2314 517 eligendus,

435 542 498 587 qui
532 541 686 574 clericos
721 540 957 574 ecclesiarum
992 539 1151 585 ipsarum
1187 551 1227 572 ac
1265 539 1419 572 aliorum
1457 539 1570 585 gratis
1609 539 1646 572 in
1680 539 1911 585 grammatica
1950 539 2118 572 facultate
2156 550 2196 572 ac
2234 538 2315 572 aliis

436 608 593 641 instruat
611 609 713 653 juxta
739 619 805 653 pro
826 618 948 652 posse.
977 607 1070 640 Sane
1089 605 1367 651 metropolitana
1393 605 1547 639 ecclesia
1567 605 1829 639 nichilominus
1856 605 2068 652 theologum
2089 605 2231 647 habeat,
2253 605 2316 650 qui

437 675 647 708 sacerdotes
676 681 711 707 et
736 673 827 707 alios
855 674 892 706 in
919 685 1019 706 sacra
1047 673 1178 718 pagina
1206 673 1346 714 doceat,
1376 679 1411 706 et
1436 673 1474 705 in
1499 672 1571 706 hiis
1598 672 1791 718 presertim
1817 672 2000 714 informet,
2028 684 2100 718 que
2124 672 2169 706 ad
2193 683 2315 705 curam

436 741 636 775 animarum
665 747 829 786 spectare
856 746 1071 773 noscuntur.
1098 739 1347 785 Assignentur
1374 746 1493 772 autem
1518 738 1669 772 cuilibet
1694 739 1950 784 magistrorum
1980 751 1998 772 a
2023 738 2181 784 capitulo
2206 738 2316 772 unius

437 808 624 854 prebende
655 813 868 853 proventus,
900 813 935 840 et.
963 811 1041 851 [pro
1071 805 1256 851 theologo]
1286 818 1304 838 a
1333 805 1613 851 metropolitano
1643 805 1877 847 tantundem;
1913 818 1987 839 non
2022 805 2121 850 quod
2150 817 2215 851 per
2247 805 2316 838 hoc

439 875 613 908 efficiatur
640 874 851 914 canonicus,
881 873 946 906 sed
973 873 1108 906 tamdiu
1130 872 1295 905 redditus
1316 872 1419 917 ipsos
1439 872 1627 917 percipiat,
1650 872 1822 917 quamdiu
1847 872 2047 917 perstiterit
2071 860 2112 904 in*
2136 871 2314 905 docendo.

438 941 544 985 Quod
573 941 604 974 si
633 941 725 974 sorte
756 940 800 973 de
831 939 976 973 duobus
1007 939 1161 972 ecclesia
1192 939 1468 984 metropolitana
1497 945 1682 984 gravetur,
1717 938 1890 984 theologo
1919 940 2020 983 juxta
2055 938 2202 972 modum
2236 950 2319 984 pre-

439 1008 574 1041 dictum
601 1008 679 1052 ipsa
707 1006 907 1052 provideat.
943 1006 1186 1039 Grammatico
1213 1017 1301 1039 vero
1331 1006 1368 1038 in
1398 1005 1466 1039 alia
1493 1005 1646 1038 ecclesia
1675 1017 1740 1038 sue
1767 1005 1921 1039 civitatis
1951 1005 2009 1038 vel
2037 1005 2218 1050 dyocesis,
2248 1016 2318 1050 que

440 1074 606 1107 sufficere
625 1073 754 1114 valeat,
775 1073 880 1106 saciat
900 1072 1097 1117 provideri.

533 1163 595 1187 Cod.
611 1163 669 1186 Vnt.
685 1163 731 1186 lut.
754 1163 824 1190 2692,
842 1162 886 1185 fol.
904 1163 946 1190 76;
963 1161 1014 1185 79¹¹.
1030 1161 1099 1184 Bibl.
1116 1161 1224 1193 capitul.
1242 1162 1325 1185 Tolet.
1348 1162 1385 1185 15.
1408 1162 1438 1185 26
1452 1161 1565 1193 (codices
1580 1170 1647 1193 pene
1662 1161 1771 1192 coaevi).
1786 1161 1921 1190 —Mansi‚
1938 1162 2032 1191 Ampl·
2050 1161 2153 1186 Concil.
2162 1161 2223 1186 coll.
2239 1161 2318 1190 xxn,

438 1209 492 1236 986,
509 1209 563 1230 999.
579 1221 610 1224 —
624 1207 684 1230 Dies
699 1206 803 1238 primus
819 1206 929 1230 Concilii
945 1209 1002 1229 erat
1017 1206 1055 1235 11,
1073 1206 1204 1229 secundus
1219 1206 1258 1234 20,
1274 1206 1368 1229 tertius
1384 1209 1410 1229 et
1424 1206 1534 1229 ultimus
1549 1207 1580 1229 30
1594 1206 1721 1230 Novemb.
1738 1206 1777 1230 Cf.
1794 1206 1916 1230 Potthast
1929 1209 1992 1237 post
2006 1210 2035 1228 n⁰
2050 1206 2119 1229 5006.

534 1284 555 1306 1.
572 1284 601 1306 In
615 1286 692 1314 parte
706 1282 796 1314 priore
810 1282 905 1314 capitis
922 1283 935 1305 2
950 1282 1110 1314 reprobatur
1124 1285 1150 1305 et
1164 1282 1306 1305 damnatur
1320 1285 1449 1306 tractatus
1465 1282 1570 1306 abbatis
1586 1282 1708 1306 Juachim
1723 1285 1814 1306 contra
1829 1282 1988 1314 magistrum
2004 1282 2111 1305 Petrum
2126 1281 2314 1310 Lombardum,

438 1328 513 1360 cujus
529 1327 676 1351 doctrinam
692 1327 762 1350 circa
778 1327 923 1350 trinitatem
938 1335 1113 1358 personarum
1128 1326 1155 1350 in
1170 1326 1268 1350 divinis
1284 1326 1430 1350 Concilium
1446 1327 1574 1358 sequitur.
1585 1326 1650 1350 Vide
1664 1327 1682 1350 1,
1699 1335 1720 1350 c.
1738 1330 1764 1350 et
1778 1326 1805 1350 in
1823 1327 1854 1355 X,
1870 1334 1928 1358 cap.
1951 1327 1974 1354 2,
1990 1327 2022 1349 de
2037 1334 2142 1349 summa
2155 1325 2217 1349 trin.
2235 1325 2268 1356 (1,
2284 1326 2317 1356 1).

437 1386 468 1390 --
483 1374 506 1396 2.
523 1372 600 1396 Curd.
618 1372 766 1395 Hostiensis
781 1371 808 1395 in
824 1380 872 1394 sua
887 1372 1010 1396 Leo-tura
1029 1371 1060 1396 in
1074 1371 1185 1396 Decret.
1202 1372 1283 1403 (ἶνες.
1297 1371 1374 1402 (Bibl.
1391 1374 1445 1395 nat.
1462 1371 1546 1395 Paris.
1564 1380 1613 1395 ms,
1629 1372 1675 1395 lat.
1693 1373 1763 1400 3995,
1781 1372 1825 1395 sol.
1842 1371 1877 1395 3¹².
1894 1371 1962 1394 Bibl.
1980 1370 2115 1394 Remensis
2130 1378 2180 1394 ms.
2202 1370 2318 1401 548s541,

440 1418 483 1440 fol.
505 1417 540 1445 3¹²,
565 1417 610 1440 ubi
630 1425 693 1440 vero
714 1419 801 1440 textus
824 1416 943 1445 mutilus)
964 1416 997 1439 ad
1017 1416 1086 1439 hunc
1108 1423 1216 1447 paragr.
1240 1415 1351 1447 quaerit,
1368 1424 1449 1447 quare
1465 1416 1562 1447 dogma
1583 1416 1655 1439 istud
1676 1424 1728 1439 non
1748 1415 1828 1439 fuerit
1846 1415 2014 1447 designatum
2030 1415 2056 1438 in
2072 1415 2122 1438 hoe
2140 1414 2266 1439 Concilio.
2287 1414 2320 1438 Et

438 1461 581 1493 respondet
597 1469 602 1484 z
621 1469 632 1484 (ι
649 1461 719 1492 quod
734 1460 881 1484 Almuricus
898 1460 947 1483 iste
962 1460 1056 1483 habuit
1070 1460 1199 1491 quosdam
1214 1460 1360 1492 discipulos
1375 1463 1495 1492 tempore
1509 1460 1588 1492 hujus
1605 1460 1715 1484 Concilii
1730 1460 1817 1484 adhuc
1837 1460 2003 1492 superstites,
2019 1460 2053 1483 oh
2068 1467 2181 1491 quorum
2195 1467 2319 1483 reveren-

438 1506 502 1529 tiam
518 1513 693 1537 suppressum
709 1505 794 1528 extitit
809 1505 906 1536 dogma
921 1505 1001 1533 istud,
1018 1512 1130 1536 quorum
1145 1504 1225 1528 etiam
1244 1504 1351 1528 nomina
1371 1505 1457 1528 adhuc
1471 1504 1608 1528 honestius
1629 1508 1670 1528 est
1689 1505 1858 1536 supprimere
1877 1512 1956 1536 quam
1977 1503 2129 1536 specialiter
2141 1503 2278 1527 nominare
2292 1511 2315 1527 ι.

438 1551 514 1579 Quod
529 1550 718 1582 probabilitate
733 1553 812 1573 caret.
830 1549 920 1573 Potius
936 1549 1076 1572 dicendum
1091 1553 1139 1578 est,
1156 1549 1253 1580 dogma
1268 1549 1393 1573 Amalrici
1407 1553 1526 1581 tempore
1542 1549 1653 1573 Concilii
1668 1549 1838 1575 notissimum
1850 1552 1876 1573 et
1890 1549 1976 1572 adhuc
1992 1549 2017 1572 in
2034 1548 2161 1572 memoria
2175 1548 2258 1572 fuisse
2272 1548 2320 1571 illa

438 1595 542 1618 decreta
565 1594 674 1618 Concilii
697 1594 780 1617 Paris‘
805 1602 874 1617 anno
897 1594 957 1617 1210
979 1593 1113 1621 celebrati,
1137 1601 1204 1625 qnae
1230 1593 1376 1625 discipulos
1403 1594 1528 1617 Amalrici
1554 1594 1710 1626 respiciunt,
1733 1597 1760 1617 et
1786 1593 1952 1617 Hostiensem
1975 1601 2026 1616 nnn
2049 1593 2176 1616 habuisse
2197 1592 2319 1616 notitiam

437 1639 549 1662 istorum
565 1639 739 1662 decretorum.
755 1652 786 1656 -—
801 1640 823 1662 3.
841 1639 879 1662 Cf.
897 1646 978 1669 supra
994 1642 1070 1670 parte
1085 1638 1182 1661 introd.
1199 1642 1229 1661 n⁰
1244 1639 1281 1661 12.

439 1793 518 1831 23.
542 1804 645 1829 Petrus
661 1802 812 1839 episcopus
828 1806 855 1828 et
869 1801 1014 1828 Jolzannes
1029 1801 1123 1828 abbas
1140 1804 1167 1828 S.
1191 1802 1310 1829 Victoris
1325 1802 1508 1828 Parisienses
1524 1806 1668 1828 testantur
1686 1811 1717 1828 se
1740 1802 1844 1828 vidisse
1865 1801 2008 1828 decretum
2028 1801 2135 1827 odonis
2151 1800 2279 1838 episcopi
2293 1803 2321 1827 et

528 1851 651 1888 capituli
665 1851 843 1877 Parisiensis
859 1851 894 1877 de
909 1851 1069 1877 residentia
1085 1850 1255 1877 cancellarii
1269 1852 1388 1885 factum.

1799 1900 1954 1927 1208-1276.

531 1989 766 2022 Sanctissimo
795 1988 886 2033 patri
914 1995 949 2021 et
975 1989 1123 2021 domino
1152 1988 1344 2021 karissimo
1374 1988 1588 2022 Innocentio
1609 1989 1675 2022 Dei
1700 1988 1815 2034 gratia
1842 2000 1983 2021 summo
2010 1987 2173 2033 pontifici
2198 1987 2320 2021 devoti

441 2057 520 2101 ejus
548 2055 613 2088 filii
639 2056 677 2088 P.
706 2055 870 2100 ejusdem
898 2055 1131 2088 miseratione
1157 2055 1353 2100 episcopus
1379 2062 1413 2088 et
1433 2057 1463 2089 J.
1491 2054 1604 2088 abbas
1631 2055 1751 2088 Sancti
1777 2055 1937 2089 Victoris
1963 2054 2139 2088 Parisien.
2167 2054 2319 2087 salutem

441 2129 476 2156 et
494 2129 564 2156 tam
586 2122 743 2155 debitam
765 2134 871 2167 quam
893 2121 1059 2155 devotam
1085 2121 1329 2155 obedientiam
1357 2129 1392 2155 et
1416 2122 1660 2155 omnimodam
1687 2121 1966 2167 subjectionem.
1995 2121 2180 2155 Sanctitati
2199 2127 2321 2155 vestre

441 2196 565 2223 notum
587 2189 665 2222 fieri
691 2188 874 2230 volumus7
903 2188 1001 2234 quod
1027 2200 1094 2221 nos
1120 2189 1347 2234 inspeximus
1373 2195 1408 2222 et
1432 2188 1590 2234 legimus
1615 2188 1836 2222 autenticum
1863 2188 2004 2222 Odonis
2030 2188 2126 2221 bone
2147 2187 2321 2221 memorie

440 2256 621 2301 quondam
658 2255 876 2289 parisiensis
911 2255 1075 2301 episcopi
1109 2262 1145 2288 et
1173 2255 1320 2301 capituli
1355 2256 1573 2289 Parisiensis
1608 2255 1743 2301 sigillis
1777 2267 1903 2289 eorum
1934 2255 2146 2301 sigillatum,
2182 2255 2220 2288 in
2253 2253 2320 2287 hec

443 2323 553 2357 verba
576 2334 583 2356 :
607 2323 687 2356 Odo
709 2323 775 2356 Dei
796 2322 910 2368 gratia
931 2322 1150 2356 Parisiensis
1171 2322 1381 2368 episcopus,
1403 2328 1467 2356 etc.
1489 2323 1583 2357 sicut
1601 2334 1711 2368 supra
1732 2329 1769 2356 n⁰
1787 2323 1820 2355 6.

535 2412 672 2444 Originule
688 2412 714 2436 in
735 2412 812 2436 Arch.
834 2415 886 2435 nnt.
905 2412 989 2435 Puris.
1013 2412 1046 2435 Μ.
1068 2413 1132 2440 2570,
1149 2416 1179 2435 n0
1201 2413 1223 2435 3.
1245 2412 1342 2436 Charta
1363 2415 1419 2435 erat
1438 2412 1540 2436 munita
1559 2412 1663 2436 duobus
1684 2411 1790 2443 sigillis.
1811 2425 1843 2429 —
1861 2412 1959 2443 Magn.
1981 2411 2094 2436 Pastor.
2118 2410 2146 2434 in
2166 2409 2244 2434 Arch-
2267 2413 2320 2434 nat.

442 2457 525 2480 Paris.
543 2457 591 2480 LL.
609 2457 663 2486 175,
679 2466 706 2488 p.
722 2458 776 2480 607.
794 2470 825 2474 -·
840 2457 1010 2485 Hemeraeus,
1027 2457 1067 2481 De
1083 2458 1162 2481 acad.
1180 2456 1285 2485 Paris,
1301 2465 1327 2488 p.
1346 2457 1400 2480 100.

445 2610 523 2647 24.
547 2620 728 2645 Innocentius
752 2621 798 2645 III
815 2620 944 2646 concedit
965 2619 1146 2646 scholaribus
1166 2620 1391 2655 Parisiensibus,
1418 2624 1447 2646 ut
1465 2620 1581 2656 possint
1601 2619 1643 2646 ad
1663 2619 1806 2655 agendum
1828 2623 1856 2645 et
1877 2618 2088 2653 defendendum
2107 2621 2323 2654 procuratorem

534 2668 714 2694 constituere.

1815 2716 1965 2743 raro-1210.

537 2804 747 2838 Scolaribus
777 2804 1058 2837 Parisiensibus.
1090 2805 1182 2848 Quia
1212 2805 1248 2837 in
1282 2806 1415 2846 causis,
1452 2817 1522 2850 que
1556 2811 1681 2838 contra
1714 2815 1780 2838 vos
1815 2810 1851 2837 et
1879 2815 1944 2849 pro
1979 2803 2084 2837 vobis
2118 2809 2323 2845 moventur,

448 2872 630 2905 interdum
651 2877 771 2905 vestra
791 2871 1010 2904 universitas
1035 2871 1079 2904 ad
1099 2871 1280 2916 agendum
1306 2878 1341 2904 et
1366 2871 1663 2916 respondendum
1684 2870 1875 2903 commode
1896 2870 2077 2902 interesse
2096 2881 2170 2902 non
2190 2875 2322 2915 potest,

448 2938 661 2984 postulastis
691 2951 709 2971 a
739 2937 861 2980 nobis,
892 2944 932 2971 ut
960 2945 1232 2983 procuratorem
1262 2938 1454 2972 instituere
1482 2949 1593 2983 super
1619 2937 1688 2971 hoc
1717 2937 1823 2971 vobis
1853 2937 1897 2970 de
1928 2943 2051 2970 nostra
2081 2936 2324 2982 permissione

572 2997 610 3020 11.
