<?xml version="1.0" encoding="UTF-8"?>
<!DOCTYPE html PUBLIC "-//W3C//DTD XHTML 1.0 Transitional//EN"
    "http://www.w3.org/TR/xhtml1/DTD/xhtml1-transitional.dtd">
<html xmlns="http://www.w3.org/1999/xhtml" xml:lang="en" lang="en">
 <head>
  <title>
</title>
<meta http-equiv="Content-Type" content="text/html;charset=utf-8" />
  <meta name='ocr-system' content='tesseract 3.04.00' />
  <meta name='ocr-capabilities' content='ocr_page ocr_carea ocr_par ocr_line ocrx_word'/>
</head>
<body>
  <div class='ocr_page' id='page_1' title='image "./chartulariumuniv01univuoft_0717.png"; bbox 0 0 2580 3528; ppageno 0'>
   <div class='ocr_carea' id='block_1_1' title="bbox 0 0 151 3528">
    <p class='ocr_par' dir='ltr' id='par_1_1' title="bbox 0 0 151 3528">
     <span class='ocr_line' id='line_1_1' title="bbox 0 0 151 3528; baseline 0 0"><span class='ocrx_word' id='word_1_1' title='bbox 0 0 151 3528; x_wconf 95' lang='lat' dir='ltr'> </span> 
     </span>
    </p>
   </div>
   <div class='ocr_carea' id='block_1_2' title="bbox 273 2225 322 2292">
    <p class='ocr_par' dir='ltr' id='par_1_2' title="bbox 273 2225 322 2292">
     <span class='ocr_line' id='line_1_2' title="bbox 273 2225 322 2292; textangle 90"><span class='ocrx_word' id='word_1_2' title='bbox 273 2267 322 2292; x_wconf 67' lang='grc' dir='ltr'>ξ</span> <span class='ocrx_word' id='word_1_3' title='bbox 300 2225 305 2230; x_wconf 79' lang='grc'><em>.</em></span> 
     </span>
    </p>
   </div>
   <div class='ocr_carea' id='block_1_3' title="bbox 402 545 472 573">
    <p class='ocr_par' dir='ltr' id='par_1_3' title="bbox 402 545 472 573">
     <span class='ocr_line' id='line_1_3' title="bbox 402 545 472 573; baseline -0.014 0"><span class='ocrx_word' id='word_1_4' title='bbox 402 545 472 573; x_wconf 74' lang='lat'>120³</span> 
     </span>
    </p>
   </div>
   <div class='ocr_carea' id='block_1_4' title="bbox 1127 428 1295 451">
    <p class='ocr_par' dir='ltr' id='par_1_4' title="bbox 1127 428 1295 451">
     <span class='ocr_line' id='line_1_4' title="bbox 1127 428 1295 451; baseline -0.006 0"><span class='ocrx_word' id='word_1_5' title='bbox 1127 428 1295 451; x_wconf 67' lang='lat' dir='ltr'><strong>TABULA.</strong></span> 
     </span>
    </p>
   </div>
   <div class='ocr_carea' id='block_1_5' title="bbox 2079 419 2146 452">
    <p class='ocr_par' dir='ltr' id='par_1_5' title="bbox 2079 419 2146 452">
     <span class='ocr_line' id='line_1_5' title="bbox 2079 419 2146 452; baseline 0 0"><span class='ocrx_word' id='word_1_6' title='bbox 2079 419 2146 452; x_wconf 87' lang='grc'>675</span> 
     </span>
    </p>
   </div>
   <div class='ocr_carea' id='block_1_6' title="bbox 790 546 2058 579">
    <p class='ocr_par' dir='ltr' id='par_1_6' title="bbox 790 546 2058 579">
     <span class='ocr_line' id='line_1_6' title="bbox 790 546 2058 579; baseline -0.001 -8"><span class='ocrx_word' id='word_1_7' title='bbox 790 547 914 572; x_wconf 83' lang='lat' dir='ltr'>Urbanus</span> <span class='ocrx_word' id='word_1_8' title='bbox 922 547 1149 571; x_wconf 85' lang='lat' dir='ltr'>lVarchidiacono</span> <span class='ocrx_word' id='word_1_9' title='bbox 1157 547 1316 571; x_wconf 83' lang='lat' dir='ltr'>Pissiacensi</span> <span class='ocrx_word' id='word_1_10' title='bbox 1323 546 1463 571; x_wconf 71' lang='lat' dir='ltr'><strong>committit</strong></span> <span class='ocrx_word' id='word_1_11' title='bbox 1471 555 1502 570; x_wconf 89' lang='lat' dir='ltr'>ne</span> <span class='ocrx_word' id='word_1_12' title='bbox 1511 547 1671 578; x_wconf 81' lang='lat' dir='ltr'>Reginaldus</span> <span class='ocrx_word' id='word_1_13' title='bbox 1680 547 1821 579; x_wconf 87' lang='lat' dir='ltr'>episcopus</span> <span class='ocrx_word' id='word_1_14' title='bbox 1830 547 1969 570; x_wconf 74' lang='lat' dir='ltr'>parisiens.</span> <span class='ocrx_word' id='word_1_15' title='bbox 1978 547 2058 578; x_wconf 86' lang='lat' dir='ltr'>impe-</span> 
     </span>
    </p>
   </div>
   <div class='ocr_carea' id='block_1_7' title="bbox 570 547 739 572">
    <p class='ocr_par' dir='ltr' id='par_1_7' title="bbox 570 547 739 572">
     <span class='ocr_line' id='line_1_7' title="bbox 570 547 739 572; baseline -0.006 0"><span class='ocrx_word' id='word_1_16' title='bbox 570 547 692 572; x_wconf 78' lang='lat' dir='ltr'>Jauuarii</span> <span class='ocrx_word' id='word_1_17' title='bbox 709 548 739 571; x_wconf 87' lang='grc'>27</span> 
     </span>
    </p>
   </div>
   <div class='ocr_carea' id='block_1_8' title="bbox 613 650 737 674">
    <p class='ocr_par' dir='ltr' id='par_1_8' title="bbox 613 650 737 674">
     <span class='ocr_line' id='line_1_8' title="bbox 613 650 737 674; baseline 0 0"><span class='ocrx_word' id='word_1_18' title='bbox 613 664 645 669; x_wconf 89' lang='grc'>-</span> <span class='ocrx_word' id='word_1_19' title='bbox 709 650 737 674; x_wconf 89' lang='grc'><strong>31</strong></span> 
     </span>
    </p>
   </div>
   <div class='ocr_carea' id='block_1_9' title="bbox 608 798 703 823">
    <p class='ocr_par' dir='ltr' id='par_1_9' title="bbox 608 798 703 823">
     <span class='ocr_line' id='line_1_9' title="bbox 608 798 703 823; baseline -0.011 0"><span class='ocrx_word' id='word_1_20' title='bbox 608 798 703 823; x_wconf 68' lang='lat' dir='ltr'>Martio</span> 
     </span>
    </p>
   </div>
   <div class='ocr_carea' id='block_1_10' title="bbox 609 901 714 926">
    <p class='ocr_par' dir='ltr' id='par_1_10' title="bbox 609 901 714 926">
     <span class='ocr_line' id='line_1_10' title="bbox 609 901 714 926; baseline -0.01 0"><span class='ocrx_word' id='word_1_21' title='bbox 609 901 671 926; x_wconf 76' lang='lat' dir='ltr'>Maii</span> <span class='ocrx_word' id='word_1_22' title='bbox 700 902 714 925; x_wconf 89' lang='grc'>4</span> 
     </span>
    </p>
   </div>
   <div class='ocr_carea' id='block_1_11' title="bbox 625 1005 715 1028">
    <p class='ocr_par' dir='ltr' id='par_1_11' title="bbox 625 1005 715 1028">
     <span class='ocr_line' id='line_1_11' title="bbox 625 1005 715 1028; baseline 0 0"><span class='ocrx_word' id='word_1_23' title='bbox 625 1005 715 1028; x_wconf 81' lang='grc'>-14</span> 
     </span>
    </p>
   </div>
   <div class='ocr_carea' id='block_1_12' title="bbox 621 1107 690 1132">
    <p class='ocr_par' dir='ltr' id='par_1_12' title="bbox 621 1107 690 1132">
     <span class='ocr_line' id='line_1_12' title="bbox 621 1107 690 1132; baseline -0.029 0"><span class='ocrx_word' id='word_1_24' title='bbox 621 1107 690 1132; x_wconf 62' lang='lat' dir='ltr'>Maio</span> 
     </span>
    </p>
   </div>
   <div class='ocr_carea' id='block_1_13' title="bbox 579 1209 736 1243">
    <p class='ocr_par' dir='ltr' id='par_1_13' title="bbox 579 1209 736 1243">
     <span class='ocr_line' id='line_1_13' title="bbox 579 1209 736 1243; baseline -0.013 -8"><span class='ocrx_word' id='word_1_25' title='bbox 579 1209 691 1243; x_wconf 80' lang='lat' dir='ltr'>Augusti</span> <span class='ocrx_word' id='word_1_26' title='bbox 706 1210 736 1233; x_wconf 78' lang='lat'>29</span> 
     </span>
    </p>
   </div>
   <div class='ocr_carea' id='block_1_14' title="bbox 558 1313 757 1338">
    <p class='ocr_par' dir='ltr' id='par_1_14' title="bbox 558 1313 757 1338">
     <span class='ocr_line' id='line_1_14' title="bbox 558 1313 757 1338; baseline -0.01 0"><span class='ocrx_word' id='word_1_27' title='bbox 558 1313 711 1338; x_wconf 82' lang='lat' dir='ltr'>Decembris</span> <span class='ocrx_word' id='word_1_28' title='bbox 726 1313 757 1336; x_wconf 81' lang='grc'>26</span> 
     </span>
    </p>
   </div>
   <div class='ocr_carea' id='block_1_15' title="bbox 588 1414 725 1439">
    <p class='ocr_par' dir='ltr' id='par_1_15' title="bbox 588 1414 725 1439">
     <span class='ocr_line' id='line_1_15' title="bbox 588 1414 725 1439; baseline -0.007 0"><span class='ocrx_word' id='word_1_29' title='bbox 588 1414 725 1439; x_wconf 85' lang='lat' dir='ltr'>Deccmbri</span> 
     </span>
    </p>
   </div>
   <div class='ocr_carea' id='block_1_16' title="bbox 552 1578 763 1587">
    <p class='ocr_par' dir='ltr' id='par_1_16' title="bbox 552 1578 763 1587">
     <span class='ocr_line' id='line_1_16' title="bbox 552 1578 763 1587; baseline -0.005 0"><span class='ocrx_word' id='word_1_30' title='bbox 552 1578 763 1587; x_wconf 75' lang='lat'><strong>·········</strong></span> 
     </span>
    </p>
   </div>
   <div class='ocr_carea' id='block_1_17' title="bbox 591 1709 726 2039">
    <p class='ocr_par' dir='ltr' id='par_1_17' title="bbox 591 1709 726 1940">
     <span class='ocr_line' id='line_1_17' title="bbox 591 1709 726 1734; baseline -0.007 0"><span class='ocrx_word' id='word_1_31' title='bbox 591 1709 679 1734; x_wconf 74' lang='lat' dir='ltr'>Martii</span> <span class='ocrx_word' id='word_1_32' title='bbox 696 1710 726 1733; x_wconf 78' lang='grc'>28</span> 
     </span>
     <span class='ocr_line' id='line_1_18' title="bbox 606 1812 714 1837; baseline -0.009 0"><span class='ocrx_word' id='word_1_33' title='bbox 606 1812 668 1837; x_wconf 68' lang='lat' dir='ltr'>Maii</span> <span class='ocrx_word' id='word_1_34' title='bbox 684 1813 714 1836; x_wconf 80' lang='grc'>26</span> 
     </span>
     <span class='ocr_line' id='line_1_19' title="bbox 619 1915 698 1940; baseline 0 0"><span class='ocrx_word' id='word_1_35' title='bbox 619 1915 698 1940; x_wconf 83' lang='lat' dir='ltr'>Junio</span> 
     </span>
    </p>

    <p class='ocr_par' dir='ltr' id='par_1_18' title="bbox 598 2014 720 2039">
     <span class='ocr_line' id='line_1_20' title="bbox 598 2014 720 2039; baseline 0 -1"><span class='ocrx_word' id='word_1_36' title='bbox 598 2014 672 2039; x_wconf 80' lang='lat' dir='ltr'>Junii</span> <span class='ocrx_word' id='word_1_37' title='bbox 689 2015 720 2038; x_wconf 88' lang='grc'>22</span> 
     </span>
    </p>
   </div>
   <div class='ocr_carea' id='block_1_18' title="bbox 613 2557 708 2583">
    <p class='ocr_par' dir='ltr' id='par_1_19' title="bbox 613 2557 708 2583">
     <span class='ocr_line' id='line_1_21' title="bbox 613 2557 708 2583; baseline -0.011 0"><span class='ocrx_word' id='word_1_38' title='bbox 613 2557 679 2583; x_wconf 67' lang='lat' dir='ltr'>&#39;ulii</span> <span class='ocrx_word' id='word_1_39' title='bbox 693 2558 708 2582; x_wconf 78' lang='lat'>2</span> 
     </span>
    </p>
   </div>
   <div class='ocr_carea' id='block_1_19' title="bbox 634 2664 710 2689">
    <p class='ocr_par' dir='ltr' id='par_1_20' title="bbox 634 2664 710 2689">
     <span class='ocr_line' id='line_1_22' title="bbox 634 2664 710 2689; baseline 0 0"><span class='ocrx_word' id='word_1_40' title='bbox 634 2664 710 2689; x_wconf 82' lang='lat'>-11</span> 
     </span>
    </p>
   </div>
   <div class='ocr_carea' id='block_1_20' title="bbox 594 2773 728 2860">
    <p class='ocr_par' dir='ltr' id='par_1_21' title="bbox 594 2773 728 2860">
     <span class='ocr_line' id='line_1_23' title="bbox 631 2773 710 2796; baseline 0 0"><span class='ocrx_word' id='word_1_41' title='bbox 631 2786 663 2791; x_wconf 95' lang='lat'>—</span> <span class='ocrx_word' id='word_1_42' title='bbox 678 2773 710 2796; x_wconf 69' lang='lat' dir='ltr'>is</span> 
     </span>
     <span class='ocr_line' id='line_1_24' title="bbox 594 2835 728 2860; baseline 0 0"><span class='ocrx_word' id='word_1_43' title='bbox 594 2835 682 2860; x_wconf 70' lang='lat' dir='ltr'>Martii</span> <span class='ocrx_word' id='word_1_44' title='bbox 697 2836 728 2860; x_wconf 78' lang='lat'>28</span> 
     </span>
    </p>
   </div>
   <div class='ocr_carea' id='block_1_21' title="bbox 819 591 2056 624">
    <p class='ocr_par' dir='ltr' id='par_1_22' title="bbox 819 591 2056 624">
     <span class='ocr_line' id='line_1_25' title="bbox 819 591 2056 624; baseline -0.002 -8"><span class='ocrx_word' id='word_1_45' title='bbox 819 592 876 616; x_wconf 85' lang='lat' dir='ltr'>diat</span> <span class='ocrx_word' id='word_1_46' title='bbox 885 592 1028 624; x_wconf 79' lang='lat' dir='ltr'>magistros</span> <span class='ocrx_word' id='word_1_47' title='bbox 1037 595 1064 616; x_wconf 88' lang='lat' dir='ltr'>et</span> <span class='ocrx_word' id='word_1_48' title='bbox 1073 592 1189 616; x_wconf 77' lang='lat' dir='ltr'>scolares</span> <span class='ocrx_word' id='word_1_49' title='bbox 1199 591 1341 616; x_wconf 84' lang='lat' dir='ltr'>Parisieus.</span> <span class='ocrx_word' id='word_1_50' title='bbox 1351 591 1378 615; x_wconf 93' lang='lat' dir='ltr'>ia</span> <span class='ocrx_word' id='word_1_51' title='bbox 1388 591 1538 615; x_wconf 82' lang='lat' dir='ltr'>debitorum</span> <span class='ocrx_word' id='word_1_52' title='bbox 1547 591 1732 615; x_wconf 74' lang='lat' dir='ltr'>Universitntis</span> <span class='ocrx_word' id='word_1_53' title='bbox 1744 591 1873 615; x_wconf 79' lang='lat' dir='ltr'>solutione</span> <span class='ocrx_word' id='word_1_54' title='bbox 1882 591 2056 615; x_wconf 79' lang='lat' dir='ltr'>contribuere.</span> 
     </span>
    </p>
   </div>
   <div class='ocr_carea' id='block_1_22' title="bbox 789 648 2058 764">
    <p class='ocr_par' dir='ltr' id='par_1_23' title="bbox 789 648 2058 764">
     <span class='ocr_line' id='line_1_26' title="bbox 789 648 2058 682; baseline -0.002 -8"><span class='ocrx_word' id='word_1_55' title='bbox 789 650 914 677; x_wconf 84' lang='lat' dir='ltr'>Urbanas</span> <span class='ocrx_word' id='word_1_56' title='bbox 929 650 963 674; x_wconf 81' lang='lat' dir='ltr'>{V</span> <span class='ocrx_word' id='word_1_57' title='bbox 975 649 1120 682; x_wconf 83' lang='lat' dir='ltr'>Regiaaldo</span> <span class='ocrx_word' id='word_1_58' title='bbox 1135 649 1260 682; x_wconf 85' lang='lat' dir='ltr'>episcopo</span> <span class='ocrx_word' id='word_1_59' title='bbox 1275 649 1418 673; x_wconf 80' lang='lat' dir='ltr'>Parisieasi</span> <span class='ocrx_word' id='word_1_60' title='bbox 1434 649 1542 673; x_wconf 84' lang='lat' dir='ltr'>mandat</span> <span class='ocrx_word' id='word_1_61' title='bbox 1556 652 1585 672; x_wconf 88' lang='lat' dir='ltr'>ut</span> <span class='ocrx_word' id='word_1_62' title='bbox 1599 649 1905 673; x_wconf 80' lang='lat' dir='ltr'>Praemonatratcnsibus</span> <span class='ocrx_word' id='word_1_63' title='bbox 1921 649 1946 672; x_wconf 89' lang='lat' dir='ltr'>in</span> <span class='ocrx_word' id='word_1_64' title='bbox 1962 648 2058 672; x_wconf 83' lang='lat' dir='ltr'>theolo-</span> 
     </span>
     <span class='ocr_line' id='line_1_27' title="bbox 820 693 2058 727; baseline -0.002 -9"><span class='ocrx_word' id='word_1_65' title='bbox 820 695 880 727; x_wconf 87' lang='lat' dir='ltr'>gica</span> <span class='ocrx_word' id='word_1_66' title='bbox 896 695 1020 719; x_wconf 84' lang='lat' dir='ltr'>facultate</span> <span class='ocrx_word' id='word_1_67' title='bbox 1033 694 1142 718; x_wconf 78' lang='lat' dir='ltr'>Parisiis</span> <span class='ocrx_word' id='word_1_68' title='bbox 1157 694 1325 718; x_wconf 71' lang='lat' dir='ltr'>studentibus</span> <span class='ocrx_word' id='word_1_69' title='bbox 1340 702 1421 726; x_wconf 84' lang='lat' dir='ltr'>super</span> <span class='ocrx_word' id='word_1_70' title='bbox 1433 694 1516 718; x_wconf 82' lang='lat' dir='ltr'>altare</span> <span class='ocrx_word' id='word_1_71' title='bbox 1528 693 1652 725; x_wconf 75' lang='lat' dir='ltr'>portatile</span> <span class='ocrx_word' id='word_1_72' title='bbox 1665 693 1815 717; x_wconf 85' lang='lat' dir='ltr'>celebrandi</span> <span class='ocrx_word' id='word_1_73' title='bbox 1830 693 1919 716; x_wconf 87' lang='lat' dir='ltr'>divina</span> <span class='ocrx_word' id='word_1_74' title='bbox 1934 693 2058 716; x_wconf 77' lang='lat' dir='ltr'>concedat</span> 
     </span>
     <span class='ocr_line' id='line_1_28' title="bbox 821 739 2058 764; baseline -0.002 -1"><span class='ocrx_word' id='word_1_75' title='bbox 821 739 974 764; x_wconf 84' lang='lat' dir='ltr'>facultatem</span> <span class='ocrx_word' id='word_1_76' title='bbox 984 754 2058 763; x_wconf 85' lang='grc'><strong>..........................................</strong></span> 
     </span>
    </p>
   </div>
   <div class='ocr_carea' id='block_1_23' title="bbox 789 794 2060 866">
    <p class='ocr_par' dir='ltr' id='par_1_24' title="bbox 789 794 2060 866">
     <span class='ocr_line' id='line_1_29' title="bbox 789 794 2060 830; baseline -0.002 -9"><span class='ocrx_word' id='word_1_77' title='bbox 789 797 826 821; x_wconf 82' lang='lat' dir='ltr'>De</span> <span class='ocrx_word' id='word_1_78' title='bbox 839 797 1000 830; x_wconf 83' lang='lat' dir='ltr'>quibusdam</span> <span class='ocrx_word' id='word_1_79' title='bbox 1012 796 1110 820; x_wconf 80' lang='lat' dir='ltr'>&#39;scholis</span> <span class='ocrx_word' id='word_1_80' title='bbox 1123 796 1150 820; x_wconf 92' lang='lat' dir='ltr'>in</span> <span class='ocrx_word' id='word_1_81' title='bbox 1162 796 1259 820; x_wconf 87' lang='lat' dir='ltr'>Clauso</span> <span class='ocrx_word' id='word_1_82' title='bbox 1272 796 1399 824; x_wconf 77' lang='lat' dir='ltr'>Brunelli,</span> <span class='ocrx_word' id='word_1_83' title='bbox 1413 804 1479 828; x_wconf 83' lang='lat' dir='ltr'>quae</span> <span class='ocrx_word' id='word_1_84' title='bbox 1494 795 1623 828; x_wconf 81' lang='lat' dir='ltr'>magistro</span> <span class='ocrx_word' id='word_1_85' title='bbox 1638 795 1750 820; x_wconf 81' lang='lat' dir='ltr'>Roberto</span> <span class='ocrx_word' id='word_1_86' title='bbox 1763 795 1795 819; x_wconf 90' lang='lat' dir='ltr'>de</span> <span class='ocrx_word' id='word_1_87' title='bbox 1808 795 1927 819; x_wconf 79' lang='lat' dir='ltr'>Sarbena</span> <span class='ocrx_word' id='word_1_88' title='bbox 1940 794 2060 818; x_wconf 74' lang='lat' dir='ltr'>venditae</span> 
     </span>
     <span class='ocr_line' id='line_1_30' title="bbox 822 843 2059 866; baseline -0.002 0"><span class='ocrx_word' id='word_1_89' title='bbox 822 843 936 866; x_wconf 86' lang='lat' dir='ltr'>fueruat.</span> <span class='ocrx_word' id='word_1_90' title='bbox 961 858 1124 866; x_wconf 90' lang='grc'><em>.......</em></span> <span class='ocrx_word' id='word_1_91' title='bbox 1130 862 1133 865; x_wconf 92' lang='grc'><em>.</em></span> <span class='ocrx_word' id='word_1_92' title='bbox 1143 856 2059 865; x_wconf 85' lang='grc'><strong>....................................</strong></span> 
     </span>
    </p>
   </div>
   <div class='ocr_carea' id='block_1_24' title="bbox 790 896 2060 968">
    <p class='ocr_par' dir='ltr' id='par_1_25' title="bbox 790 896 2060 968">
     <span class='ocr_line' id='line_1_31' title="bbox 790 896 2060 931; baseline -0.002 -8"><span class='ocrx_word' id='word_1_93' title='bbox 790 899 915 924; x_wconf 87' lang='lat' dir='ltr'>Urbanus</span> <span class='ocrx_word' id='word_1_94' title='bbox 931 900 965 924; x_wconf 82' lang='lat' dir='ltr'>lv</span> <span class='ocrx_word' id='word_1_95' title='bbox 979 898 1179 931; x_wconf 72' lang='lat' dir='ltr'>congregationi</span> <span class='ocrx_word' id='word_1_96' title='bbox 1198 906 1346 930; x_wconf 85' lang='lat' dir='ltr'>pauperum</span> <span class='ocrx_word' id='word_1_97' title='bbox 1366 898 1554 930; x_wconf 80' lang='lat' dir='ltr'>magistrorum</span> <span class='ocrx_word' id='word_1_98' title='bbox 1575 897 1709 922; x_wconf 86' lang='lat' dir='ltr'>Sorbonae</span> <span class='ocrx_word' id='word_1_99' title='bbox 1727 897 1896 921; x_wconf 82' lang='lat' dir='ltr'>construendi</span> <span class='ocrx_word' id='word_1_100' title='bbox 1915 896 2060 921; x_wconf 85' lang='lat' dir='ltr'>oratorium</span> 
     </span>
     <span class='ocr_line' id='line_1_32' title="bbox 823 943 2059 968; baseline -0.002 0"><span class='ocrx_word' id='word_1_101' title='bbox 823 944 975 968; x_wconf 86' lang='lat' dir='ltr'>facultatem</span> <span class='ocrx_word' id='word_1_102' title='bbox 995 943 1114 967; x_wconf 80' lang='lat' dir='ltr'>concedit</span> <span class='ocrx_word' id='word_1_103' title='bbox 1117 958 2059 967; x_wconf 87' lang='grc'><strong>.....................................</strong></span> 
     </span>
    </p>
   </div>
   <div class='ocr_carea' id='block_1_25' title="bbox 791 998 2061 1079">
    <p class='ocr_par' dir='ltr' id='par_1_26' title="bbox 791 998 2061 1079">
     <span class='ocr_line' id='line_1_33' title="bbox 791 998 2061 1033; baseline -0.003 -7"><span class='ocrx_word' id='word_1_104' title='bbox 791 1001 914 1026; x_wconf 82' lang='lat' dir='ltr'>Urbanus</span> <span class='ocrx_word' id='word_1_105' title='bbox 930 1002 963 1026; x_wconf 87' lang='lat' dir='ltr'>lv</span> <span class='ocrx_word' id='word_1_106' title='bbox 977 1001 1095 1026; x_wconf 87' lang='lat' dir='ltr'>studium</span> <span class='ocrx_word' id='word_1_107' title='bbox 1109 1001 1232 1033; x_wconf 83' lang='lat' dir='ltr'>generale</span> <span class='ocrx_word' id='word_1_108' title='bbox 1246 1001 1412 1025; x_wconf 84' lang='lat' dir='ltr'>Palentinum</span> <span class='ocrx_word' id='word_1_109' title='bbox 1426 1003 1567 1029; x_wconf 81' lang='lat' dir='ltr'>restaurat,</span> <span class='ocrx_word' id='word_1_110' title='bbox 1584 1000 1772 1032; x_wconf 70' lang='lat' dir='ltr'>magistrisque</span> <span class='ocrx_word' id='word_1_111' title='bbox 1786 1003 1813 1024; x_wconf 90' lang='lat' dir='ltr'>et</span> <span class='ocrx_word' id='word_1_112' title='bbox 1827 999 1993 1023; x_wconf 71' lang='lat' dir='ltr'>scholaribus</span> <span class='ocrx_word' id='word_1_113' title='bbox 2008 998 2061 1031; x_wconf 85' lang='lat' dir='ltr'>pri-</span> 
     </span>
     <span class='ocr_line' id='line_1_34' title="bbox 821 1044 2060 1079; baseline -0.002 -9"><span class='ocrx_word' id='word_1_114' title='bbox 821 1046 920 1079; x_wconf 78' lang='lat' dir='ltr'>vilegia</span> <span class='ocrx_word' id='word_1_115' title='bbox 939 1046 972 1070; x_wconf 87' lang='lat' dir='ltr'>ad</span> <span class='ocrx_word' id='word_1_116' title='bbox 992 1046 1077 1070; x_wconf 88' lang='lat' dir='ltr'>instar</span> <span class='ocrx_word' id='word_1_117' title='bbox 1091 1045 1278 1070; x_wconf 83' lang='lat' dir='ltr'>Universitatis</span> <span class='ocrx_word' id='word_1_118' title='bbox 1293 1044 1451 1070; x_wconf 69' lang='lat' dir='ltr'>parisiensis</span> <span class='ocrx_word' id='word_1_119' title='bbox 1466 1044 1585 1068; x_wconf 87' lang='lat' dir='ltr'>concedit</span> <span class='ocrx_word' id='word_1_120' title='bbox 1589 1061 2060 1070; x_wconf 89' lang='grc'><strong>...................</strong></span> 
     </span>
    </p>
   </div>
   <div class='ocr_carea' id='block_1_26' title="bbox 791 1100 2061 1180">
    <p class='ocr_par' dir='ltr' id='par_1_27' title="bbox 791 1100 2061 1180">
     <span class='ocr_line' id='line_1_35' title="bbox 791 1100 2061 1136; baseline -0.002 -8"><span class='ocrx_word' id='word_1_121' title='bbox 791 1105 924 1128; x_wconf 91' lang='lat' dir='ltr'>Statutum</span> <span class='ocrx_word' id='word_1_122' title='bbox 943 1104 1061 1136; x_wconf 77' lang='lat' dir='ltr'>Capituli</span> <span class='ocrx_word' id='word_1_123' title='bbox 1074 1103 1208 1135; x_wconf 86' lang='lat' dir='ltr'>generalis</span> <span class='ocrx_word' id='word_1_124' title='bbox 1221 1100 1285 1127; x_wconf 69' lang='lat' dir='ltr'>Ord.</span> <span class='ocrx_word' id='word_1_125' title='bbox 1301 1103 1393 1127; x_wconf 81' lang='lat' dir='ltr'>Praed.</span> <span class='ocrx_word' id='word_1_126' title='bbox 1410 1102 1522 1127; x_wconf 86' lang='lat' dir='ltr'>Londini</span> <span class='ocrx_word' id='word_1_127' title='bbox 1541 1102 1591 1126; x_wconf 88' lang='lat' dir='ltr'>sub</span> <span class='ocrx_word' id='word_1_128' title='bbox 1610 1111 1680 1134; x_wconf 88' lang='lat' dir='ltr'>mag.</span> <span class='ocrx_word' id='word_1_129' title='bbox 1696 1102 1814 1134; x_wconf 79' lang='lat' dir='ltr'>generali</span> <span class='ocrx_word' id='word_1_130' title='bbox 1834 1102 1978 1126; x_wconf 79' lang='lat' dir='ltr'>llumberto</span> <span class='ocrx_word' id='word_1_131' title='bbox 1992 1101 2061 1126; x_wconf 84' lang='lat' dir='ltr'>cele-</span> 
     </span>
     <span class='ocr_line' id='line_1_36' title="bbox 822 1147 2060 1180; baseline -0.002 -7"><span class='ocrx_word' id='word_1_132' title='bbox 822 1149 892 1173; x_wconf 81' lang='lat' dir='ltr'>brati</span> <span class='ocrx_word' id='word_1_133' title='bbox 906 1149 938 1173; x_wconf 81' lang='lat' dir='ltr'>de</span> <span class='ocrx_word' id='word_1_134' title='bbox 953 1148 1130 1177; x_wconf 73' lang='lat' dir='ltr'>studentibus,</span> <span class='ocrx_word' id='word_1_135' title='bbox 1143 1148 1188 1180; x_wconf 87' lang='lat' dir='ltr'>qui</span> <span class='ocrx_word' id='word_1_136' title='bbox 1201 1147 1306 1180; x_wconf 83' lang='lat' dir='ltr'>possint</span> <span class='ocrx_word' id='word_1_137' title='bbox 1318 1147 1429 1172; x_wconf 88' lang='lat' dir='ltr'>Parisiis</span> <span class='ocrx_word' id='word_1_138' title='bbox 1442 1147 1557 1180; x_wconf 74' lang='lat' dir='ltr'>incipere</span> <span class='ocrx_word' id='word_1_139' title='bbox 1560 1163 2060 1172; x_wconf 85' lang='grc'><strong>....................</strong></span> 
     </span>
    </p>
   </div>
   <div class='ocr_carea' id='block_1_27' title="bbox 791 1204 2061 1283">
    <p class='ocr_par' dir='ltr' id='par_1_28' title="bbox 791 1204 2061 1283">
     <span class='ocr_line' id='line_1_37' title="bbox 791 1204 2061 1239; baseline -0.003 -8"><span class='ocrx_word' id='word_1_140' title='bbox 791 1207 916 1232; x_wconf 80' lang='lat' dir='ltr'>Urbanus</span> <span class='ocrx_word' id='word_1_141' title='bbox 932 1207 965 1231; x_wconf 80' lang='lat' dir='ltr'>lv</span> <span class='ocrx_word' id='word_1_142' title='bbox 979 1206 1108 1239; x_wconf 81' lang='lat' dir='ltr'>magistro</span> <span class='ocrx_word' id='word_1_143' title='bbox 1123 1206 1241 1231; x_wconf 83' lang='lat' dir='ltr'>Gerardo</span> <span class='ocrx_word' id='word_1_144' title='bbox 1255 1206 1288 1230; x_wconf 88' lang='lat' dir='ltr'>de</span> <span class='ocrx_word' id='word_1_145' title='bbox 1303 1205 1488 1233; x_wconf 76' lang='lat' dir='ltr'>Abbatisvilla,</span> <span class='ocrx_word' id='word_1_146' title='bbox 1504 1205 1683 1229; x_wconf 79' lang='lat' dir='ltr'>conservatori</span> <span class='ocrx_word' id='word_1_147' title='bbox 1702 1204 1905 1237; x_wconf 78' lang='lat' dir='ltr'>privilegiorum</span> <span class='ocrx_word' id='word_1_148' title='bbox 1924 1204 2061 1228; x_wconf 72' lang='lat' dir='ltr'>Universi-</span> 
     </span>
     <span class='ocr_line' id='line_1_38' title="bbox 822 1249 2060 1283; baseline -0.003 -7"><span class='ocrx_word' id='word_1_149' title='bbox 822 1252 884 1276; x_wconf 85' lang='lat' dir='ltr'>tatis</span> <span class='ocrx_word' id='word_1_150' title='bbox 898 1251 993 1280; x_wconf 65' lang='lat' dir='ltr'>Parin„</span> <span class='ocrx_word' id='word_1_151' title='bbox 1010 1251 1168 1283; x_wconf 82' lang='lat' dir='ltr'>magistrum</span> <span class='ocrx_word' id='word_1_152' title='bbox 1183 1251 1343 1275; x_wconf 81' lang='lat' dir='ltr'>Clementem</span> <span class='ocrx_word' id='word_1_153' title='bbox 1357 1250 1390 1274; x_wconf 84' lang='lat' dir='ltr'>de</span> <span class='ocrx_word' id='word_1_154' title='bbox 1405 1251 1501 1274; x_wconf 74' lang='lat' dir='ltr'>Sancto</span> <span class='ocrx_word' id='word_1_155' title='bbox 1520 1250 1651 1274; x_wconf 81' lang='lat' dir='ltr'>Germano</span> <span class='ocrx_word' id='word_1_156' title='bbox 1670 1249 1792 1281; x_wconf 81' lang='lat' dir='ltr'>adjungit</span> <span class='ocrx_word' id='word_1_157' title='bbox 1793 1265 2060 1274; x_wconf 87' lang='grc'><strong>...........</strong></span> 
     </span>
    </p>
   </div>
   <div class='ocr_carea' id='block_1_28' title="bbox 791 1307 2061 1386">
    <p class='ocr_par' dir='ltr' id='par_1_29' title="bbox 791 1307 2061 1386">
     <span class='ocr_line' id='line_1_39' title="bbox 791 1307 2061 1342; baseline -0.003 -8"><span class='ocrx_word' id='word_1_158' title='bbox 791 1310 926 1334; x_wconf 72' lang='lat' dir='ltr'>Ger-ardus</span> <span class='ocrx_word' id='word_1_159' title='bbox 940 1309 1024 1333; x_wconf 85' lang='lat' dir='ltr'>abbas</span> <span class='ocrx_word' id='word_1_160' title='bbox 1039 1309 1067 1333; x_wconf 93' lang='lat' dir='ltr'>S.</span> <span class='ocrx_word' id='word_1_161' title='bbox 1082 1309 1207 1333; x_wconf 76' lang='lat' dir='ltr'>Germani</span> <span class='ocrx_word' id='word_1_162' title='bbox 1221 1309 1253 1332; x_wconf 88' lang='lat' dir='ltr'>de</span> <span class='ocrx_word' id='word_1_163' title='bbox 1268 1308 1354 1332; x_wconf 85' lang='lat' dir='ltr'>Pratis</span> <span class='ocrx_word' id='word_1_164' title='bbox 1370 1307 1606 1342; x_wconf 48' lang='lat' dir='ltr'>MatthaeuLbbati</span> <span class='ocrx_word' id='word_1_165' title='bbox 1621 1310 1647 1331; x_wconf 92' lang='lat' dir='ltr'>et</span> <span class='ocrx_word' id='word_1_166' title='bbox 1661 1307 1800 1331; x_wconf 78' lang='lat' dir='ltr'>conventui</span> <span class='ocrx_word' id='word_1_167' title='bbox 1821 1308 1847 1331; x_wconf 85' lang='lat' dir='ltr'>S.</span> <span class='ocrx_word' id='word_1_168' title='bbox 1867 1307 1985 1338; x_wconf 75' lang='lat' dir='ltr'>Dionysii</span> <span class='ocrx_word' id='word_1_169' title='bbox 2004 1315 2061 1330; x_wconf 87' lang='lat' dir='ltr'>con-</span> 
     </span>
     <span class='ocr_line' id='line_1_40' title="bbox 822 1351 2060 1386; baseline -0.003 -8"><span class='ocrx_word' id='word_1_170' title='bbox 822 1354 892 1378; x_wconf 88' lang='lat' dir='ltr'>cedit</span> <span class='ocrx_word' id='word_1_171' title='bbox 905 1353 1048 1386; x_wconf 81' lang='lat' dir='ltr'>quamdam</span> <span class='ocrx_word' id='word_1_172' title='bbox 1062 1356 1170 1381; x_wconf 81' lang='lat' dir='ltr'>terram,</span> <span class='ocrx_word' id='word_1_173' title='bbox 1186 1353 1232 1376; x_wconf 89' lang='lat' dir='ltr'>ubi</span> <span class='ocrx_word' id='word_1_174' title='bbox 1246 1356 1338 1385; x_wconf 84' lang='lat' dir='ltr'>postea</span> <span class='ocrx_word' id='word_1_175' title='bbox 1353 1355 1468 1376; x_wconf 82' lang='lat' dir='ltr'>erectum</span> <span class='ocrx_word' id='word_1_176' title='bbox 1483 1355 1524 1376; x_wconf 84' lang='lat' dir='ltr'>est</span> <span class='ocrx_word' id='word_1_177' title='bbox 1537 1352 1679 1384; x_wconf 79' lang='lat' dir='ltr'>collegium</span> <span class='ocrx_word' id='word_1_178' title='bbox 1695 1353 1720 1375; x_wconf 87' lang='lat' dir='ltr'>S.</span> <span class='ocrx_word' id='word_1_179' title='bbox 1738 1351 1854 1383; x_wconf 73' lang='lat' dir='ltr'>Dionysii</span> <span class='ocrx_word' id='word_1_180' title='bbox 1857 1368 2060 1375; x_wconf 87' lang='grc'><strong>........</strong></span> 
     </span>
    </p>
   </div>
   <div class='ocr_carea' id='block_1_29' title="bbox 793 1409 2063 1533">
    <p class='ocr_par' dir='ltr' id='par_1_30' title="bbox 793 1409 2063 1533">
     <span class='ocr_line' id='line_1_41' title="bbox 793 1409 2063 1441; baseline -0.003 -5"><span class='ocrx_word' id='word_1_181' title='bbox 793 1412 941 1436; x_wconf 85' lang='lat' dir='ltr'>Ludovicus</span> <span class='ocrx_word' id='word_1_182' title='bbox 956 1411 999 1440; x_wconf 79' lang='lat' dir='ltr'>lx,</span> <span class='ocrx_word' id='word_1_183' title='bbox 1013 1419 1058 1435; x_wconf 86' lang='lat' dir='ltr'>rex</span> <span class='ocrx_word' id='word_1_184' title='bbox 1072 1411 1242 1439; x_wconf 80' lang='lat' dir='ltr'>Francorum,</span> <span class='ocrx_word' id='word_1_185' title='bbox 1258 1410 1371 1434; x_wconf 81' lang='lat' dir='ltr'>Roberto</span> <span class='ocrx_word' id='word_1_186' title='bbox 1385 1410 1417 1433; x_wconf 89' lang='lat' dir='ltr'>de</span> <span class='ocrx_word' id='word_1_187' title='bbox 1433 1410 1552 1434; x_wconf 84' lang='lat' dir='ltr'>Sorbena</span> <span class='ocrx_word' id='word_1_188' title='bbox 1564 1418 1613 1441; x_wconf 85' lang='lat' dir='ltr'>pro</span> <span class='ocrx_word' id='word_1_189' title='bbox 1625 1409 1748 1433; x_wconf 85' lang='lat' dir='ltr'>domibus</span> <span class='ocrx_word' id='word_1_190' title='bbox 1764 1409 1789 1433; x_wconf 89' lang='lat' dir='ltr'>iu</span> <span class='ocrx_word' id='word_1_191' title='bbox 1805 1409 1862 1433; x_wconf 84' lang='lat' dir='ltr'>vico</span> <span class='ocrx_word' id='word_1_192' title='bbox 1875 1409 1907 1432; x_wconf 82' lang='lat' dir='ltr'>de</span> <span class='ocrx_word' id='word_1_193' title='bbox 1922 1409 2063 1432; x_wconf 61' lang='lat' dir='ltr'>flii-ondans</span> 
     </span>
     <span class='ocr_line' id='line_1_42' title="bbox 823 1453 2063 1488; baseline -0.003 -8"><span class='ocrx_word' id='word_1_194' title='bbox 823 1459 850 1481; x_wconf 83' lang='lat' dir='ltr'>ct</span> <span class='ocrx_word' id='word_1_195' title='bbox 864 1456 890 1480; x_wconf 88' lang='lat' dir='ltr'>in</span> <span class='ocrx_word' id='word_1_196' title='bbox 902 1463 1000 1488; x_wconf 84' lang='lat' dir='ltr'>magno</span> <span class='ocrx_word' id='word_1_197' title='bbox 1015 1455 1073 1479; x_wconf 84' lang='lat' dir='ltr'>vico</span> <span class='ocrx_word' id='word_1_198' title='bbox 1088 1455 1147 1479; x_wconf 86' lang='lat' dir='ltr'>sitis</span> <span class='ocrx_word' id='word_1_199' title='bbox 1162 1455 1264 1478; x_wconf 83' lang='lat' dir='ltr'>ratione</span> <span class='ocrx_word' id='word_1_200' title='bbox 1277 1454 1407 1478; x_wconf 74' lang='lat' dir='ltr'>excambii</span> <span class='ocrx_word' id='word_1_201' title='bbox 1421 1455 1514 1478; x_wconf 87' lang='lat' dir='ltr'>domos</span> <span class='ocrx_word' id='word_1_202' title='bbox 1529 1454 1658 1486; x_wconf 85' lang='lat' dir='ltr'>quasdam</span> <span class='ocrx_word' id='word_1_203' title='bbox 1670 1457 1730 1478; x_wconf 84' lang='lat' dir='ltr'>ante</span> <span class='ocrx_word' id='word_1_204' title='bbox 1745 1453 1874 1486; x_wconf 84' lang='lat' dir='ltr'>palatium</span> <span class='ocrx_word' id='word_1_205' title='bbox 1889 1453 2063 1477; x_wconf 80' lang='lat' dir='ltr'>Thermarum</span> 
     </span>
     <span class='ocr_line' id='line_1_43' title="bbox 824 1499 2062 1533; baseline -0.003 -8"><span class='ocrx_word' id='word_1_206' title='bbox 824 1501 857 1525; x_wconf 91' lang='lat' dir='ltr'>ad</span> <span class='ocrx_word' id='word_1_207' title='bbox 872 1509 940 1533; x_wconf 86' lang='lat' dir='ltr'>opus</span> <span class='ocrx_word' id='word_1_208' title='bbox 951 1508 1100 1533; x_wconf 84' lang='lat' dir='ltr'>pauperum</span> <span class='ocrx_word' id='word_1_209' title='bbox 1114 1499 1276 1523; x_wconf 72' lang='lat' dir='ltr'>scholarium</span> <span class='ocrx_word' id='word_1_210' title='bbox 1290 1499 1408 1523; x_wconf 79' lang='lat' dir='ltr'>concedit</span> <span class='ocrx_word' id='word_1_211' title='bbox 1410 1515 2062 1523; x_wconf 79' lang='lat'><strong>..........................</strong></span> 
     </span>
    </p>
   </div>
   <div class='ocr_carea' id='block_1_30' title="bbox 793 1555 2064 1677">
    <p class='ocr_par' dir='ltr' id='par_1_31' title="bbox 793 1555 2064 1677">
     <span class='ocr_line' id='line_1_44' title="bbox 793 1555 2064 1588; baseline -0.004 -5"><span class='ocrx_word' id='word_1_212' title='bbox 793 1559 955 1587; x_wconf 66' lang='lat' dir='ltr'>manfredus,</span> <span class='ocrx_word' id='word_1_213' title='bbox 979 1566 1025 1582; x_wconf 84' lang='lat' dir='ltr'>rex</span> <span class='ocrx_word' id='word_1_214' title='bbox 1044 1557 1159 1587; x_wconf 82' lang='lat' dir='ltr'>Siciliae,</span> <span class='ocrx_word' id='word_1_215' title='bbox 1178 1557 1331 1581; x_wconf 84' lang='lat' dir='ltr'>doctoribus</span> <span class='ocrx_word' id='word_1_216' title='bbox 1352 1557 1380 1580; x_wconf 88' lang='lat' dir='ltr'>in</span> <span class='ocrx_word' id='word_1_217' title='bbox 1400 1556 1585 1588; x_wconf 87' lang='lat' dir='ltr'>philosophica</span> <span class='ocrx_word' id='word_1_218' title='bbox 1607 1555 1749 1588; x_wconf 69' lang='lat' dir='ltr'>disciplina</span> <span class='ocrx_word' id='word_1_219' title='bbox 1769 1555 1878 1580; x_wconf 76' lang='lat' dir='ltr'>Parisiis</span> <span class='ocrx_word' id='word_1_220' title='bbox 1898 1555 2064 1579; x_wconf 69' lang='lat' dir='ltr'>studentibus</span> 
     </span>
     <span class='ocr_line' id='line_1_45' title="bbox 824 1599 2064 1635; baseline -0.004 -7"><span class='ocrx_word' id='word_1_221' title='bbox 824 1602 973 1628; x_wconf 75' lang='lat' dir='ltr'>Aristotelis</span> <span class='ocrx_word' id='word_1_222' title='bbox 994 1602 1160 1635; x_wconf 81' lang='lat' dir='ltr'>slim-umque</span> <span class='ocrx_word' id='word_1_223' title='bbox 1176 1601 1399 1634; x_wconf 86' lang='lat' dir='ltr'>philosophorum</span> <span class='ocrx_word' id='word_1_224' title='bbox 1419 1601 1533 1631; x_wconf 75' lang='lat' dir='ltr'>codices,</span> <span class='ocrx_word' id='word_1_225' title='bbox 1556 1609 1622 1633; x_wconf 88' lang='lat' dir='ltr'>quos</span> <span class='ocrx_word' id='word_1_226' title='bbox 1642 1600 1668 1624; x_wconf 94' lang='lat' dir='ltr'>ia</span> <span class='ocrx_word' id='word_1_227' title='bbox 1683 1600 1794 1624; x_wconf 85' lang='lat' dir='ltr'>latinam</span> <span class='ocrx_word' id='word_1_228' title='bbox 1809 1599 1928 1632; x_wconf 83' lang='lat' dir='ltr'>lingnam</span> <span class='ocrx_word' id='word_1_229' title='bbox 1948 1599 2064 1623; x_wconf 78' lang='lat' dir='ltr'>converti</span> 
     </span>
     <span class='ocr_line' id='line_1_46' title="bbox 826 1646 2063 1677; baseline -0.003 -5"><span class='ocrx_word' id='word_1_230' title='bbox 826 1649 932 1677; x_wconf 77' lang='lat' dir='ltr'>fecerat,</span> <span class='ocrx_word' id='word_1_231' title='bbox 955 1647 1024 1671; x_wconf 87' lang='lat' dir='ltr'>dono</span> <span class='ocrx_word' id='word_1_232' title='bbox 1043 1646 1209 1671; x_wconf 68' lang='lat' dir='ltr'>transmittit.</span> <span class='ocrx_word' id='word_1_233' title='bbox 1233 1661 2063 1671; x_wconf 84' lang='grc'><strong>.................................</strong></span> 
     </span>
    </p>
   </div>
   <div class='ocr_carea' id='block_1_31' title="bbox 794 1702 2065 1786">
    <p class='ocr_par' dir='ltr' id='par_1_32' title="bbox 794 1702 2065 1786">
     <span class='ocr_line' id='line_1_47' title="bbox 794 1702 2065 1736; baseline -0.005 -5"><span class='ocrx_word' id='word_1_234' title='bbox 794 1706 918 1731; x_wconf 87' lang='lat' dir='ltr'>Urbanus</span> <span class='ocrx_word' id='word_1_235' title='bbox 932 1706 965 1730; x_wconf 88' lang='lat' dir='ltr'>lv</span> <span class='ocrx_word' id='word_1_236' title='bbox 975 1705 1128 1729; x_wconf 85' lang='lat' dir='ltr'>doctoribus</span> <span class='ocrx_word' id='word_1_237' title='bbox 1141 1705 1168 1728; x_wconf 89' lang='lat' dir='ltr'>in</span> <span class='ocrx_word' id='word_1_238' title='bbox 1181 1704 1284 1728; x_wconf 85' lang='lat' dir='ltr'>artibus</span> <span class='ocrx_word' id='word_1_239' title='bbox 1293 1703 1404 1728; x_wconf 85' lang='lat' dir='ltr'>Parisiis</span> <span class='ocrx_word' id='word_1_240' title='bbox 1417 1703 1570 1736; x_wconf 78' lang='lat' dir='ltr'>regentibus</span> <span class='ocrx_word' id='word_1_241' title='bbox 1583 1703 1692 1727; x_wconf 83' lang='lat' dir='ltr'>mandat</span> <span class='ocrx_word' id='word_1_242' title='bbox 1701 1706 1729 1726; x_wconf 87' lang='lat' dir='ltr'>ut</span> <span class='ocrx_word' id='word_1_243' title='bbox 1740 1702 1898 1734; x_wconf 81' lang='lat' dir='ltr'>magistrum</span> <span class='ocrx_word' id='word_1_244' title='bbox 1911 1702 2065 1726; x_wconf 84' lang='lat' dir='ltr'>Gualterum</span> 
     </span>
     <span class='ocr_line' id='line_1_48' title="bbox 825 1747 2064 1786; baseline -0.003 -11"><span class='ocrx_word' id='word_1_245' title='bbox 825 1751 857 1775; x_wconf 86' lang='lat' dir='ltr'>de</span> <span class='ocrx_word' id='word_1_246' title='bbox 874 1750 984 1775; x_wconf 86' lang='lat' dir='ltr'>Vaceria</span> <span class='ocrx_word' id='word_1_247' title='bbox 997 1758 1088 1774; x_wconf 84' lang='lat' dir='ltr'>eorum</span> <span class='ocrx_word' id='word_1_248' title='bbox 1103 1749 1245 1778; x_wconf 85' lang='lat' dir='ltr'>consortio,</span> <span class='ocrx_word' id='word_1_249' title='bbox 1263 1757 1316 1781; x_wconf 87' lang='lat' dir='ltr'>quo</span> <span class='ocrx_word' id='word_1_250' title='bbox 1330 1751 1388 1772; x_wconf 84' lang='lat' dir='ltr'>erat</span> <span class='ocrx_word' id='word_1_251' title='bbox 1401 1748 1532 1780; x_wconf 83' lang='lat' dir='ltr'>privatus,</span> <span class='ocrx_word' id='word_1_252' title='bbox 1549 1747 1699 1772; x_wconf 74' lang='lat' dir='ltr'>restituant.</span> <span class='ocrx_word' id='word_1_253' title='bbox 1717 1764 1725 1786; x_wconf 50' lang='grc' dir='ltr'><strong>ἶ</strong></span> <span class='ocrx_word' id='word_1_254' title='bbox 1745 1764 2064 1772; x_wconf 88' lang='grc'><strong>.............</strong></span> 
     </span>
    </p>
   </div>
   <div class='ocr_carea' id='block_1_32' title="bbox 794 1805 2065 1886">
    <p class='ocr_par' dir='ltr' id='par_1_33' title="bbox 794 1805 2065 1886">
     <span class='ocr_line' id='line_1_49' title="bbox 794 1805 2065 1840; baseline -0.004 -7"><span class='ocrx_word' id='word_1_255' title='bbox 794 1809 918 1834; x_wconf 81' lang='lat' dir='ltr'>Urbanus</span> <span class='ocrx_word' id='word_1_256' title='bbox 936 1809 970 1833; x_wconf 81' lang='lat' dir='ltr'>lv</span> <span class='ocrx_word' id='word_1_257' title='bbox 983 1807 1101 1832; x_wconf 79' lang='lat' dir='ltr'>decernit</span> <span class='ocrx_word' id='word_1_258' title='bbox 1119 1815 1153 1831; x_wconf 86' lang='lat' dir='ltr'>aa</span> <span class='ocrx_word' id='word_1_259' title='bbox 1168 1807 1318 1840; x_wconf 75' lang='lat' dir='ltr'>Stephanus</span> <span class='ocrx_word' id='word_1_260' title='bbox 1333 1806 1507 1830; x_wconf 85' lang='lat' dir='ltr'>cancellarius</span> <span class='ocrx_word' id='word_1_261' title='bbox 1522 1805 1680 1830; x_wconf 78' lang='lat' dir='ltr'>Purisiensis</span> <span class='ocrx_word' id='word_1_262' title='bbox 1700 1805 1828 1837; x_wconf 86' lang='lat' dir='ltr'>incipiens</span> <span class='ocrx_word' id='word_1_263' title='bbox 1844 1813 1935 1837; x_wconf 78' lang='lat' dir='ltr'>regere</span> <span class='ocrx_word' id='word_1_264' title='bbox 1950 1805 1975 1828; x_wconf 91' lang='lat' dir='ltr'>in</span> <span class='ocrx_word' id='word_1_265' title='bbox 1991 1805 2065 1828; x_wconf 85' lang='lat' dir='ltr'>theo-</span> 
     </span>
     <span class='ocr_line' id='line_1_50' title="bbox 824 1849 2064 1886; baseline -0.004 -8"><span class='ocrx_word' id='word_1_266' title='bbox 824 1853 912 1886; x_wconf 80' lang='lat' dir='ltr'>logica</span> <span class='ocrx_word' id='word_1_267' title='bbox 928 1853 1052 1878; x_wconf 74' lang='lat' dir='ltr'>facultate</span> <span class='ocrx_word' id='word_1_268' title='bbox 1066 1852 1246 1876; x_wconf 84' lang='lat' dir='ltr'>testimonium</span> <span class='ocrx_word' id='word_1_269' title='bbox 1260 1851 1401 1884; x_wconf 87' lang='lat' dir='ltr'>perhibere</span> <span class='ocrx_word' id='word_1_270' title='bbox 1415 1850 1510 1875; x_wconf 86' lang='lat' dir='ltr'>debeat</span> <span class='ocrx_word' id='word_1_271' title='bbox 1523 1851 1556 1874; x_wconf 86' lang='lat' dir='ltr'>de</span> <span class='ocrx_word' id='word_1_272' title='bbox 1571 1850 1738 1874; x_wconf 83' lang='lat' dir='ltr'>liceatiandis</span> <span class='ocrx_word' id='word_1_273' title='bbox 1754 1850 1780 1874; x_wconf 91' lang='lat' dir='ltr'>in</span> <span class='ocrx_word' id='word_1_274' title='bbox 1794 1849 1885 1873; x_wconf 83' lang='lat' dir='ltr'>endem</span> <span class='ocrx_word' id='word_1_275' title='bbox 1901 1850 2034 1874; x_wconf 81' lang='lat' dir='ltr'>facultate.</span> <span class='ocrx_word' id='word_1_276' title='bbox 2057 1867 2064 1873; x_wconf 92' lang='lat'>.</span> 
     </span>
    </p>
   </div>
   <div class='ocr_carea' id='block_1_33' title="bbox 795 1907 2065 1987">
    <p class='ocr_par' dir='ltr' id='par_1_34' title="bbox 795 1907 2065 1987">
     <span class='ocr_line' id='line_1_51' title="bbox 795 1907 2065 1943; baseline -0.005 -7"><span class='ocrx_word' id='word_1_277' title='bbox 795 1912 928 1936; x_wconf 86' lang='lat' dir='ltr'>Statutum</span> <span class='ocrx_word' id='word_1_278' title='bbox 950 1911 1036 1943; x_wconf 83' lang='lat' dir='ltr'>Capit.</span> <span class='ocrx_word' id='word_1_279' title='bbox 1056 1909 1188 1943; x_wconf 81' lang='lat' dir='ltr'>generalis</span> <span class='ocrx_word' id='word_1_280' title='bbox 1209 1909 1273 1934; x_wconf 90' lang='lat' dir='ltr'>Ord.</span> <span class='ocrx_word' id='word_1_281' title='bbox 1294 1908 1386 1933; x_wconf 80' lang='lat' dir='ltr'>Praed.</span> <span class='ocrx_word' id='word_1_282' title='bbox 1406 1908 1517 1933; x_wconf 83' lang='lat' dir='ltr'>Parisiis</span> <span class='ocrx_word' id='word_1_283' title='bbox 1539 1908 1589 1932; x_wconf 82' lang='lat' dir='ltr'>sub</span> <span class='ocrx_word' id='word_1_284' title='bbox 1611 1908 1739 1940; x_wconf 83' lang='lat' dir='ltr'>magistro</span> <span class='ocrx_word' id='word_1_285' title='bbox 1759 1907 1876 1939; x_wconf 74' lang='lat' dir='ltr'>generali</span> <span class='ocrx_word' id='word_1_286' title='bbox 1897 1907 2015 1931; x_wconf 85' lang='lat' dir='ltr'>Johanne</span> <span class='ocrx_word' id='word_1_287' title='bbox 2033 1907 2065 1931; x_wconf 88' lang='lat' dir='ltr'>de</span> 
     </span>
     <span class='ocr_line' id='line_1_52' title="bbox 826 1951 2064 1987; baseline -0.004 -7"><span class='ocrx_word' id='word_1_288' title='bbox 826 1955 952 1980; x_wconf 77' lang='lat' dir='ltr'>Vercellis</span> <span class='ocrx_word' id='word_1_289' title='bbox 966 1955 1092 1980; x_wconf 85' lang='lat' dir='ltr'>celebrati</span> <span class='ocrx_word' id='word_1_290' title='bbox 1106 1955 1139 1978; x_wconf 84' lang='lat' dir='ltr'>de</span> <span class='ocrx_word' id='word_1_291' title='bbox 1153 1953 1340 1987; x_wconf 72' lang='lat' dir='ltr'>promovendis</span> <span class='ocrx_word' id='word_1_292' title='bbox 1355 1953 1390 1977; x_wconf 88' lang='lat' dir='ltr'>ad</span> <span class='ocrx_word' id='word_1_293' title='bbox 1404 1953 1588 1985; x_wconf 74' lang='lat' dir='ltr'>magisterium</span> <span class='ocrx_word' id='word_1_294' title='bbox 1602 1952 1751 1984; x_wconf 78' lang='lat' dir='ltr'>theologiae</span> <span class='ocrx_word' id='word_1_295' title='bbox 1763 1951 1872 1977; x_wconf 80' lang='lat' dir='ltr'>Parisiis</span> <span class='ocrx_word' id='word_1_296' title='bbox 1876 1969 2064 1976; x_wconf 89' lang='lat'><strong>........</strong></span> 
     </span>
    </p>
   </div>
   <div class='ocr_carea' id='block_1_34' title="bbox 795 2009 2065 2091">
    <p class='ocr_par' dir='ltr' id='par_1_35' title="bbox 795 2009 2065 2091">
     <span class='ocr_line' id='line_1_53' title="bbox 795 2009 2065 2046; baseline -0.005 -7"><span class='ocrx_word' id='word_1_297' title='bbox 795 2014 919 2039; x_wconf 88' lang='lat' dir='ltr'>Urbanus</span> <span class='ocrx_word' id='word_1_298' title='bbox 942 2014 975 2038; x_wconf 83' lang='lat' dir='ltr'>lv</span> <span class='ocrx_word' id='word_1_299' title='bbox 996 2013 1177 2046; x_wconf 82' lang='lat' dir='ltr'>quaestionem</span> <span class='ocrx_word' id='word_1_300' title='bbox 1198 2012 1231 2036; x_wconf 85' lang='lat' dir='ltr'>de</span> <span class='ocrx_word' id='word_1_301' title='bbox 1252 2011 1381 2044; x_wconf 85' lang='lat' dir='ltr'>magistro</span> <span class='ocrx_word' id='word_1_302' title='bbox 1402 2011 1479 2036; x_wconf 85' lang='lat' dir='ltr'>Petro</span> <span class='ocrx_word' id='word_1_303' title='bbox 1500 2010 1594 2035; x_wconf 81' lang='lat' dir='ltr'>Russel</span> <span class='ocrx_word' id='word_1_304' title='bbox 1616 2010 1696 2035; x_wconf 85' lang='lat' dir='ltr'>solvit</span> <span class='ocrx_word' id='word_1_305' title='bbox 1715 2018 1765 2042; x_wconf 86' lang='lat' dir='ltr'>pro</span> <span class='ocrx_word' id='word_1_306' title='bbox 1788 2010 1886 2034; x_wconf 77' lang='lat' dir='ltr'>honore</span> <span class='ocrx_word' id='word_1_307' title='bbox 1908 2009 2065 2034; x_wconf 83' lang='lat' dir='ltr'>Parisiensis</span> 
     </span>
     <span class='ocr_line' id='line_1_54' title="bbox 825 2055 2064 2091; baseline -0.005 -8"><span class='ocrx_word' id='word_1_308' title='bbox 825 2059 960 2087; x_wconf 81' lang='lat' dir='ltr'>ecclesiae.</span> <span class='ocrx_word' id='word_1_309' title='bbox 974 2058 1008 2082; x_wconf 82' lang='lat' dir='ltr'>ad</span> <span class='ocrx_word' id='word_1_310' title='bbox 1023 2066 1103 2091; x_wconf 83' lang='lat' dir='ltr'>quam</span> <span class='ocrx_word' id='word_1_311' title='bbox 1117 2057 1219 2082; x_wconf 85' lang='lat' dir='ltr'>ratione</span> <span class='ocrx_word' id='word_1_312' title='bbox 1233 2056 1421 2081; x_wconf 85' lang='lat' dir='ltr'>Universitatis</span> <span class='ocrx_word' id='word_1_313' title='bbox 1435 2055 1602 2080; x_wconf 72' lang='lat' dir='ltr'>diversarum</span> <span class='ocrx_word' id='word_1_314' title='bbox 1617 2055 1752 2079; x_wconf 81' lang='lat' dir='ltr'>nationum</span> <span class='ocrx_word' id='word_1_315' title='bbox 1765 2058 1856 2086; x_wconf 79' lang='lat' dir='ltr'>gentes</span> <span class='ocrx_word' id='word_1_316' title='bbox 1869 2055 2013 2078; x_wconf 79' lang='lat' dir='ltr'>confluunt.</span> <span class='ocrx_word' id='word_1_317' title='bbox 2032 2071 2038 2078; x_wconf 85' lang='lat'><em>.</em></span> <span class='ocrx_word' id='word_1_318' title='bbox 2058 2071 2064 2078; x_wconf 94' lang='lat'>.</span> 
     </span>
    </p>
   </div>
   <div class='ocr_carea' id='block_1_35' title="bbox 796 2110 2065 2236">
    <p class='ocr_par' dir='ltr' id='par_1_36' title="bbox 796 2110 2065 2236">
     <span class='ocr_line' id='line_1_55' title="bbox 796 2110 2065 2146; baseline -0.005 -5"><span class='ocrx_word' id='word_1_319' title='bbox 796 2117 920 2142; x_wconf 81' lang='lat' dir='ltr'>Urbanus</span> <span class='ocrx_word' id='word_1_320' title='bbox 941 2117 975 2141; x_wconf 79' lang='lat' dir='ltr'>lv</span> <span class='ocrx_word' id='word_1_321' title='bbox 995 2116 1094 2140; x_wconf 91' lang='lat' dir='ltr'>decano</span> <span class='ocrx_word' id='word_1_322' title='bbox 1117 2114 1244 2139; x_wconf 84' lang='lat' dir='ltr'>ecclesiae</span> <span class='ocrx_word' id='word_1_323' title='bbox 1264 2114 1297 2138; x_wconf 87' lang='lat' dir='ltr'>de</span> <span class='ocrx_word' id='word_1_324' title='bbox 1318 2113 1495 2138; x_wconf 78' lang='lat' dir='ltr'>Abbatisvilta</span> <span class='ocrx_word' id='word_1_325' title='bbox 1515 2113 1713 2146; x_wconf 85' lang='lat' dir='ltr'>iaquisitionem</span> <span class='ocrx_word' id='word_1_326' title='bbox 1733 2112 1856 2145; x_wconf 85' lang='lat' dir='ltr'>querelae</span> <span class='ocrx_word' id='word_1_327' title='bbox 1877 2110 2065 2144; x_wconf 83' lang='lat' dir='ltr'>magistrorum</span> 
     </span>
     <span class='ocr_line' id='line_1_56' title="bbox 826 2156 2065 2194; baseline -0.005 -8"><span class='ocrx_word' id='word_1_328' title='bbox 826 2161 990 2194; x_wconf 80' lang='lat' dir='ltr'>theologicae</span> <span class='ocrx_word' id='word_1_329' title='bbox 1011 2159 1145 2185; x_wconf 77' lang='lat' dir='ltr'>facultatis</span> <span class='ocrx_word' id='word_1_330' title='bbox 1164 2159 1249 2184; x_wconf 85' lang='lat' dir='ltr'>Paris.</span> <span class='ocrx_word' id='word_1_331' title='bbox 1272 2158 1421 2187; x_wconf 79' lang='lat' dir='ltr'>committit,</span> <span class='ocrx_word' id='word_1_332' title='bbox 1441 2158 1512 2191; x_wconf 84' lang='lat' dir='ltr'>quod</span> <span class='ocrx_word' id='word_1_333' title='bbox 1531 2157 1681 2190; x_wconf 81' lang='lat' dir='ltr'>Stephanus</span> <span class='ocrx_word' id='word_1_334' title='bbox 1701 2157 1874 2182; x_wconf 80' lang='lat' dir='ltr'>cancellarius</span> <span class='ocrx_word' id='word_1_335' title='bbox 1896 2156 1948 2181; x_wconf 86' lang='lat' dir='ltr'>sihi</span> <span class='ocrx_word' id='word_1_336' title='bbox 1972 2165 2065 2181; x_wconf 89' lang='lat' dir='ltr'>nomen</span> 
     </span>
     <span class='ocr_line' id='line_1_57' title="bbox 825 2204 2064 2236; baseline -0.005 -5"><span class='ocrx_word' id='word_1_337' title='bbox 825 2209 852 2231; x_wconf 86' lang='lat' dir='ltr'>et</span> <span class='ocrx_word' id='word_1_338' title='bbox 865 2206 983 2231; x_wconf 78' lang='lat' dir='ltr'>officium</span> <span class='ocrx_word' id='word_1_339' title='bbox 1002 2204 1094 2230; x_wconf 84' lang='lat' dir='ltr'>decani</span> <span class='ocrx_word' id='word_1_340' title='bbox 1109 2204 1300 2236; x_wconf 81' lang='lat' dir='ltr'>assumpsisset</span> <span class='ocrx_word' id='word_1_341' title='bbox 1303 2218 2064 2228; x_wconf 86' lang='lat'><strong>..............................</strong></span> 
     </span>
    </p>
   </div>
   <div class='ocr_carea' id='block_1_36' title="bbox 795 2259 2065 2383">
    <p class='ocr_par' dir='ltr' id='par_1_37' title="bbox 795 2259 2065 2383">
     <span class='ocr_line' id='line_1_58' title="bbox 795 2259 2065 2293; baseline -0.004 -5"><span class='ocrx_word' id='word_1_342' title='bbox 795 2264 920 2289; x_wconf 85' lang='lat' dir='ltr'>Urbanas</span> <span class='ocrx_word' id='word_1_343' title='bbox 944 2264 978 2288; x_wconf 81' lang='lat' dir='ltr'>w</span> <span class='ocrx_word' id='word_1_344' title='bbox 999 2263 1099 2288; x_wconf 85' lang='lat' dir='ltr'>decano</span> <span class='ocrx_word' id='word_1_345' title='bbox 1124 2262 1234 2287; x_wconf 80' lang='lat' dir='ltr'>ecclesie</span> <span class='ocrx_word' id='word_1_346' title='bbox 1255 2261 1288 2286; x_wconf 87' lang='lat' dir='ltr'>de</span> <span class='ocrx_word' id='word_1_347' title='bbox 1312 2261 1488 2286; x_wconf 79' lang='lat' dir='ltr'>Abbatisvilla</span> <span class='ocrx_word' id='word_1_348' title='bbox 1511 2260 1709 2293; x_wconf 82' lang='lat' dir='ltr'>inquisitionem</span> <span class='ocrx_word' id='word_1_349' title='bbox 1731 2260 1853 2292; x_wconf 84' lang='lat' dir='ltr'>querelae</span> <span class='ocrx_word' id='word_1_350' title='bbox 1877 2259 2065 2291; x_wconf 84' lang='lat' dir='ltr'>magistrorum</span> 
     </span>
     <span class='ocr_line' id='line_1_59' title="bbox 825 2303 2065 2340; baseline -0.005 -7"><span class='ocrx_word' id='word_1_351' title='bbox 825 2308 990 2340; x_wconf 77' lang='lat' dir='ltr'>theologicae</span> <span class='ocrx_word' id='word_1_352' title='bbox 1010 2307 1144 2332; x_wconf 75' lang='lat' dir='ltr'>facultatis</span> <span class='ocrx_word' id='word_1_353' title='bbox 1158 2306 1244 2331; x_wconf 83' lang='lat' dir='ltr'>Paris.</span> <span class='ocrx_word' id='word_1_354' title='bbox 1258 2305 1407 2334; x_wconf 82' lang='lat' dir='ltr'>committit,</span> <span class='ocrx_word' id='word_1_355' title='bbox 1423 2305 1494 2338; x_wconf 84' lang='lat' dir='ltr'>quod</span> <span class='ocrx_word' id='word_1_356' title='bbox 1509 2304 1660 2337; x_wconf 80' lang='lat' dir='ltr'>Stephanus</span> <span class='ocrx_word' id='word_1_357' title='bbox 1678 2304 1851 2328; x_wconf 83' lang='lat' dir='ltr'>cancellarius</span> <span class='ocrx_word' id='word_1_358' title='bbox 1872 2303 1945 2328; x_wconf 84' lang='lat' dir='ltr'>lvoni</span> <span class='ocrx_word' id='word_1_359' title='bbox 1964 2303 2065 2327; x_wconf 83' lang='lat' dir='ltr'>Britoni</span> 
     </span>
     <span class='ocr_line' id='line_1_60' title="bbox 825 2348 2064 2383; baseline -0.005 -5"><span class='ocrx_word' id='word_1_360' title='bbox 825 2356 852 2378; x_wconf 79' lang='lat' dir='ltr'>et</span> <span class='ocrx_word' id='word_1_361' title='bbox 864 2352 980 2378; x_wconf 77' lang='lat' dir='ltr'>Johaaai</span> <span class='ocrx_word' id='word_1_362' title='bbox 994 2352 1027 2377; x_wconf 82' lang='lat' dir='ltr'>de</span> <span class='ocrx_word' id='word_1_363' title='bbox 1042 2351 1190 2376; x_wconf 71' lang='lat' dir='ltr'>Aurelianis</span> <span class='ocrx_word' id='word_1_364' title='bbox 1204 2350 1316 2383; x_wconf 79' lang='lat' dir='ltr'>propria</span> <span class='ocrx_word' id='word_1_365' title='bbox 1330 2350 1465 2374; x_wconf 79' lang='lat' dir='ltr'>voluntate</span> <span class='ocrx_word' id='word_1_366' title='bbox 1479 2349 1589 2382; x_wconf 79' lang='lat' dir='ltr'>regendi</span> <span class='ocrx_word' id='word_1_367' title='bbox 1603 2349 1736 2373; x_wconf 83' lang='lat' dir='ltr'>licentiam</span> <span class='ocrx_word' id='word_1_368' title='bbox 1751 2348 1924 2374; x_wconf 82' lang='lat' dir='ltr'>concessisset</span> <span class='ocrx_word' id='word_1_369' title='bbox 1928 2365 2064 2372; x_wconf 92' lang='grc'><strong><em>......</em></strong></span> 
     </span>
    </p>
   </div>
   <div class='ocr_carea' id='block_1_37' title="bbox 795 2405 2065 2524">
    <p class='ocr_par' dir='ltr' id='par_1_38' title="bbox 795 2405 2065 2524">
     <span class='ocr_line' id='line_1_61' title="bbox 795 2405 2065 2449; baseline -0.004 -14"><span class='ocrx_word' id='word_1_370' title='bbox 795 2410 920 2436; x_wconf 82' lang='lat' dir='ltr'>Urbanas</span> <span class='ocrx_word' id='word_1_371' title='bbox 934 2410 969 2434; x_wconf 83' lang='lat' dir='ltr'>lv</span> <span class='ocrx_word' id='word_1_372' title='bbox 983 2409 1097 2449; x_wconf 79' lang='lat' dir='ltr'>Johanai</span> <span class='ocrx_word' id='word_1_373' title='bbox 1112 2409 1144 2433; x_wconf 79' lang='lat' dir='ltr'>de</span> <span class='ocrx_word' id='word_1_374' title='bbox 1159 2408 1310 2433; x_wconf 79' lang='lat' dir='ltr'>Curtiuiaeo</span> <span class='ocrx_word' id='word_1_375' title='bbox 1325 2408 1396 2440; x_wconf 86' lang='lat' dir='ltr'>apud</span> <span class='ocrx_word' id='word_1_376' title='bbox 1410 2407 1500 2431; x_wconf 84' lang='lat' dir='ltr'>sedem</span> <span class='ocrx_word' id='word_1_377' title='bbox 1513 2407 1688 2439; x_wconf 85' lang='lat' dir='ltr'>apostolicam</span> <span class='ocrx_word' id='word_1_378' title='bbox 1702 2406 1851 2438; x_wconf 78' lang='lat' dir='ltr'>theologiae</span> <span class='ocrx_word' id='word_1_379' title='bbox 1865 2414 1973 2439; x_wconf 81' lang='lat' dir='ltr'>operam</span> <span class='ocrx_word' id='word_1_380' title='bbox 1992 2405 2065 2430; x_wconf 83' lang='lat' dir='ltr'>danti</span> 
     </span>
     <span class='ocr_line' id='line_1_62' title="bbox 824 2450 2065 2488; baseline -0.005 -8"><span class='ocrx_word' id='word_1_381' title='bbox 824 2458 970 2488; x_wconf 72' lang='lat' dir='ltr'>ptoveutus</span> <span class='ocrx_word' id='word_1_382' title='bbox 984 2453 1172 2479; x_wconf 82' lang='lat' dir='ltr'>beneficiorum</span> <span class='ocrx_word' id='word_1_383' title='bbox 1186 2461 1296 2478; x_wconf 86' lang='lat' dir='ltr'>suorum</span> <span class='ocrx_word' id='word_1_384' title='bbox 1309 2452 1428 2477; x_wconf 85' lang='lat' dir='ltr'>concedit</span> <span class='ocrx_word' id='word_1_385' title='bbox 1441 2451 1551 2484; x_wconf 82' lang='lat' dir='ltr'>perinde</span> <span class='ocrx_word' id='word_1_386' title='bbox 1563 2459 1594 2475; x_wconf 89' lang='lat' dir='ltr'>ac</span> <span class='ocrx_word' id='word_1_387' title='bbox 1605 2451 1629 2475; x_wconf 88' lang='lat' dir='ltr'>si</span> <span class='ocrx_word' id='word_1_388' title='bbox 1641 2451 1750 2476; x_wconf 83' lang='lat' dir='ltr'>Parisiis</span> <span class='ocrx_word' id='word_1_389' title='bbox 1762 2451 1831 2483; x_wconf 83' lang='lat' dir='ltr'>juris</span> <span class='ocrx_word' id='word_1_390' title='bbox 1844 2450 1963 2475; x_wconf 86' lang='lat' dir='ltr'>canonici</span> <span class='ocrx_word' id='word_1_391' title='bbox 1977 2450 2065 2475; x_wconf 85' lang='lat' dir='ltr'>studio</span> 
     </span>
     <span class='ocr_line' id='line_1_63' title="bbox 826 2499 2065 2524; baseline -0.004 0"><span class='ocrx_word' id='word_1_392' title='bbox 826 2499 967 2524; x_wconf 78' lang='lat' dir='ltr'>institisset</span> <span class='ocrx_word' id='word_1_393' title='bbox 969 2512 2065 2524; x_wconf 84' lang='grc'><strong>...........................................</strong></span> 
     </span>
    </p>
   </div>
   <div class='ocr_carea' id='block_1_38' title="bbox 795 2553 2065 2634">
    <p class='ocr_par' dir='ltr' id='par_1_39' title="bbox 795 2553 2065 2634">
     <span class='ocr_line' id='line_1_64' title="bbox 795 2553 2065 2586; baseline -0.005 -3"><span class='ocrx_word' id='word_1_394' title='bbox 795 2557 924 2583; x_wconf 72' lang='lat' dir='ltr'>officiali·</span> <span class='ocrx_word' id='word_1_395' title='bbox 939 2556 1028 2581; x_wconf 76' lang='lat' dir='ltr'>curiae</span> <span class='ocrx_word' id='word_1_396' title='bbox 1043 2555 1200 2581; x_wconf 79' lang='lat' dir='ltr'>Parisieasis</span> <span class='ocrx_word' id='word_1_397' title='bbox 1216 2558 1307 2579; x_wconf 89' lang='lat' dir='ltr'>notam</span> <span class='ocrx_word' id='word_1_398' title='bbox 1327 2554 1390 2579; x_wconf 87' lang='lat' dir='ltr'>facit</span> <span class='ocrx_word' id='word_1_399' title='bbox 1408 2554 1475 2579; x_wconf 80' lang='lat' dir='ltr'>duas</span> <span class='ocrx_word' id='word_1_400' title='bbox 1495 2554 1590 2578; x_wconf 86' lang='lat' dir='ltr'>bursas</span> <span class='ocrx_word' id='word_1_401' title='bbox 1610 2554 1637 2578; x_wconf 90' lang='lat' dir='ltr'>ia</span> <span class='ocrx_word' id='word_1_402' title='bbox 1655 2553 1768 2586; x_wconf 86' lang='lat' dir='ltr'>collegio</span> <span class='ocrx_word' id='word_1_403' title='bbox 1783 2553 1927 2578; x_wconf 81' lang='lat' dir='ltr'>sorbonico</span> <span class='ocrx_word' id='word_1_404' title='bbox 1943 2553 2065 2577; x_wconf 83' lang='lat' dir='ltr'>fundatas</span> 
     </span>
     <span class='ocr_line' id='line_1_65' title="bbox 825 2598 2065 2634; baseline -0.005 -7"><span class='ocrx_word' id='word_1_405' title='bbox 825 2610 884 2627; x_wconf 82' lang='lat' dir='ltr'>esse</span> <span class='ocrx_word' id='word_1_406' title='bbox 899 2601 925 2627; x_wconf 86' lang='lat' dir='ltr'>in</span> <span class='ocrx_word' id='word_1_407' title='bbox 939 2601 1055 2634; x_wconf 81' lang='lat' dir='ltr'>gratiam</span> <span class='ocrx_word' id='word_1_408' title='bbox 1069 2601 1182 2625; x_wconf 88' lang='lat' dir='ltr'>duorum</span> <span class='ocrx_word' id='word_1_409' title='bbox 1197 2599 1387 2633; x_wconf 83' lang='lat' dir='ltr'>magistrorum</span> <span class='ocrx_word' id='word_1_410' title='bbox 1402 2598 1515 2623; x_wconf 86' lang='lat' dir='ltr'>diocesis</span> <span class='ocrx_word' id='word_1_411' title='bbox 1533 2598 1716 2623; x_wconf 71' lang='lat' dir='ltr'>Ambianensis</span> <span class='ocrx_word' id='word_1_412' title='bbox 1720 2614 2065 2623; x_wconf 87' lang='grc'><strong>..............</strong></span> 
     </span>
    </p>
   </div>
   <div class='ocr_carea' id='block_1_39' title="bbox 796 2660 2065 2740">
    <p class='ocr_par' dir='ltr' id='par_1_40' title="bbox 796 2660 2065 2740">
     <span class='ocr_line' id='line_1_66' title="bbox 796 2660 2065 2692; baseline -0.004 -3"><span class='ocrx_word' id='word_1_413' title='bbox 796 2664 920 2690; x_wconf 82' lang='lat' dir='ltr'>Urbanus</span> <span class='ocrx_word' id='word_1_414' title='bbox 945 2663 978 2689; x_wconf 81' lang='lat' dir='ltr'>lv</span> <span class='ocrx_word' id='word_1_415' title='bbox 998 2662 1084 2688; x_wconf 83' lang='lat' dir='ltr'>odoni</span> <span class='ocrx_word' id='word_1_416' title='bbox 1105 2661 1264 2687; x_wconf 82' lang='lat' dir='ltr'>cancellario</span> <span class='ocrx_word' id='word_1_417' title='bbox 1287 2662 1314 2686; x_wconf 89' lang='lat' dir='ltr'>S.</span> <span class='ocrx_word' id='word_1_418' title='bbox 1337 2662 1485 2686; x_wconf 83' lang='lat' dir='ltr'>Genovefae</span> <span class='ocrx_word' id='word_1_419' title='bbox 1509 2660 1595 2685; x_wconf 83' lang='lat' dir='ltr'>Paris.</span> <span class='ocrx_word' id='word_1_420' title='bbox 1615 2660 1709 2685; x_wconf 82' lang='lat' dir='ltr'>scribit</span> <span class='ocrx_word' id='word_1_421' title='bbox 1731 2661 1764 2685; x_wconf 86' lang='lat' dir='ltr'>de</span> <span class='ocrx_word' id='word_1_422' title='bbox 1787 2660 1916 2692; x_wconf 73' lang='lat' dir='ltr'>magistro</span> <span class='ocrx_word' id='word_1_423' title='bbox 1938 2660 2065 2687; x_wconf 76' lang='lat' dir='ltr'>Evrardo.</span> 
     </span>
     <span class='ocr_line' id='line_1_67' title="bbox 827 2704 2064 2740; baseline -0.003 -7"><span class='ocrx_word' id='word_1_424' title='bbox 827 2709 948 2734; x_wconf 84' lang='lat' dir='ltr'>studente</span> <span class='ocrx_word' id='word_1_425' title='bbox 962 2707 990 2732; x_wconf 86' lang='lat' dir='ltr'>in</span> <span class='ocrx_word' id='word_1_426' title='bbox 1004 2707 1147 2740; x_wconf 79' lang='lat' dir='ltr'>theologis,</span> <span class='ocrx_word' id='word_1_427' title='bbox 1159 2706 1205 2740; x_wconf 75' lang='lat' dir='ltr'>qui</span> <span class='ocrx_word' id='word_1_428' title='bbox 1219 2706 1281 2739; x_wconf 90' lang='lat' dir='ltr'>plus</span> <span class='ocrx_word' id='word_1_429' title='bbox 1296 2714 1375 2739; x_wconf 83' lang='lat' dir='ltr'>quam</span> <span class='ocrx_word' id='word_1_430' title='bbox 1389 2713 1438 2738; x_wconf 90' lang='lat' dir='ltr'>per</span> <span class='ocrx_word' id='word_1_431' title='bbox 1451 2705 1659 2738; x_wconf 84' lang='lat' dir='ltr'>quinquennium</span> <span class='ocrx_word' id='word_1_432' title='bbox 1673 2704 1782 2729; x_wconf 81' lang='lat' dir='ltr'>Parisiis</span> <span class='ocrx_word' id='word_1_433' title='bbox 1797 2705 1823 2729; x_wconf 89' lang='lat' dir='ltr'>in</span> <span class='ocrx_word' id='word_1_434' title='bbox 1838 2704 1941 2729; x_wconf 76' lang='lat' dir='ltr'>artibus</span> <span class='ocrx_word' id='word_1_435' title='bbox 1954 2707 2064 2729; x_wconf 69' lang='lat' dir='ltr'>rexerat.</span> 
     </span>
    </p>
   </div>
   <div class='ocr_carea' id='block_1_40' title="bbox 796 2760 2065 2800">
    <p class='ocr_par' dir='ltr' id='par_1_41' title="bbox 796 2760 2065 2800">
     <span class='ocr_line' id='line_1_68' title="bbox 796 2760 2065 2800; baseline -0.004 -4"><span class='ocrx_word' id='word_1_436' title='bbox 796 2770 920 2796; x_wconf 81' lang='lat' dir='ltr'>Urbanus</span> <span class='ocrx_word' id='word_1_437' title='bbox 936 2770 970 2795; x_wconf 87' lang='lat' dir='ltr'>1v</span> <span class='ocrx_word' id='word_1_438' title='bbox 983 2770 1083 2795; x_wconf 70' lang='lat' dir='ltr'>decano</span> <span class='ocrx_word' id='word_1_439' title='bbox 1094 2769 1223 2794; x_wconf 74' lang='lat' dir='ltr'>ecelesiae</span> <span class='ocrx_word' id='word_1_440' title='bbox 1237 2767 1422 2793; x_wconf 68' lang='lat' dir='ltr'>Anibi-nensis</span> <span class='ocrx_word' id='word_1_441' title='bbox 1436 2767 1531 2792; x_wconf 67' lang='lat' dir='ltr'>scribit</span> <span class='ocrx_word' id='word_1_442' title='bbox 1542 2760 1577 2792; x_wconf 69' lang='lat' dir='ltr'>de</span> <span class='ocrx_word' id='word_1_443' title='bbox 1591 2767 1726 2800; x_wconf 76' lang='lat' dir='ltr'>Stephano</span> <span class='ocrx_word' id='word_1_444' title='bbox 1740 2767 1898 2791; x_wconf 78' lang='lat' dir='ltr'>cancellario</span> <span class='ocrx_word' id='word_1_445' title='bbox 1913 2766 2065 2792; x_wconf 77' lang='lat' dir='ltr'>Parisiensi.</span> 
     </span>
    </p>
   </div>
   <div class='ocr_carea' id='block_1_41' title="bbox 795 2829 2066 2910">
    <p class='ocr_par' dir='ltr' id='par_1_42' title="bbox 795 2829 2066 2910">
     <span class='ocr_line' id='line_1_69' title="bbox 795 2829 2066 2866; baseline -0.004 -8"><span class='ocrx_word' id='word_1_446' title='bbox 795 2834 886 2858; x_wconf 71' lang='lat' dir='ltr'>Simos</span> <span class='ocrx_word' id='word_1_447' title='bbox 901 2832 1063 2866; x_wconf 78' lang='lat' dir='ltr'>apostolieae</span> <span class='ocrx_word' id='word_1_448' title='bbox 1074 2831 1146 2857; x_wconf 82' lang='lat' dir='ltr'>sedis</span> <span class='ocrx_word' id='word_1_449' title='bbox 1160 2831 1265 2864; x_wconf 71' lang='lat' dir='ltr'>legatus</span> <span class='ocrx_word' id='word_1_450' title='bbox 1274 2833 1370 2855; x_wconf 81' lang='lat' dir='ltr'>-uotum</span> <span class='ocrx_word' id='word_1_451' title='bbox 1383 2830 1446 2855; x_wconf 81' lang='lat' dir='ltr'>facit</span> <span class='ocrx_word' id='word_1_452' title='bbox 1458 2838 1487 2855; x_wconf 87' lang='lat' dir='ltr'>se</span> <span class='ocrx_word' id='word_1_453' title='bbox 1502 2829 1602 2854; x_wconf 78' lang='lat' dir='ltr'>vidisse</span> <span class='ocrx_word' id='word_1_454' title='bbox 1615 2829 1718 2854; x_wconf 80' lang='lat' dir='ltr'>litteras</span> <span class='ocrx_word' id='word_1_455' title='bbox 1734 2829 1840 2855; x_wconf 74' lang='lat' dir='ltr'>neberti</span> <span class='ocrx_word' id='word_1_456' title='bbox 1855 2831 1882 2854; x_wconf 85' lang='lat' dir='ltr'>S.</span> <span class='ocrx_word' id='word_1_457' title='bbox 1898 2829 2024 2862; x_wconf 71' lang='lat' dir='ltr'>Stephani</span> <span class='ocrx_word' id='word_1_458' title='bbox 2040 2829 2066 2853; x_wconf 83' lang='lat' dir='ltr'>iu</span> 
     </span>
     <span class='ocr_line' id='line_1_70' title="bbox 827 2875 2065 2910; baseline -0.003 -8"><span class='ocrx_word' id='word_1_459' title='bbox 827 2877 916 2903; x_wconf 77' lang='lat' dir='ltr'>Caelio</span> <span class='ocrx_word' id='word_1_460' title='bbox 928 2877 1016 2902; x_wconf 65' lang='lat' dir='ltr'>flente</span> <span class='ocrx_word' id='word_1_461' title='bbox 1027 2876 1117 2910; x_wconf 72' lang='lat' dir='ltr'>presb.</span> <span class='ocrx_word' id='word_1_462' title='bbox 1130 2875 1275 2901; x_wconf 78' lang='lat' dir='ltr'>cardinalis</span> <span class='ocrx_word' id='word_1_463' title='bbox 1277 2890 2065 2900; x_wconf 80' lang='grc'><strong>...............................</strong></span> 
     </span>
    </p>
   </div>
   <div class='ocr_carea' id='block_1_42' title="bbox 795 2935 2064 2972">
    <p class='ocr_par' dir='ltr' id='par_1_43' title="bbox 795 2935 2064 2972">
     <span class='ocr_line' id='line_1_71' title="bbox 795 2935 2064 2972; baseline -0.006 -6"><span class='ocrx_word' id='word_1_464' title='bbox 795 2940 886 2967; x_wconf 71' lang='lat' dir='ltr'>aimon</span> <span class='ocrx_word' id='word_1_465' title='bbox 911 2939 1074 2972; x_wconf 75' lang='lat' dir='ltr'>spostolicae</span> <span class='ocrx_word' id='word_1_466' title='bbox 1096 2938 1167 2963; x_wconf 83' lang='lat' dir='ltr'>sedis</span> <span class='ocrx_word' id='word_1_467' title='bbox 1193 2938 1297 2971; x_wconf 70' lang='lat' dir='ltr'>tegstus</span> <span class='ocrx_word' id='word_1_468' title='bbox 1323 2937 1418 2962; x_wconf 80' lang='lat' dir='ltr'>litteris</span> <span class='ocrx_word' id='word_1_469' title='bbox 1441 2937 1476 2961; x_wconf 75' lang='lat' dir='ltr'>ad</span> <span class='ocrx_word' id='word_1_470' title='bbox 1499 2936 1759 2970; x_wconf 68' lang='lat' dir='ltr'>scchipresbyterum</span> <span class='ocrx_word' id='word_1_471' title='bbox 1786 2938 1812 2960; x_wconf 81' lang='lat' dir='ltr'>S.</span> <span class='ocrx_word' id='word_1_472' title='bbox 1838 2935 1955 2960; x_wconf 68' lang='lat' dir='ltr'>Severini</span> <span class='ocrx_word' id='word_1_473' title='bbox 1982 2935 2064 2960; x_wconf 75' lang='lat' dir='ltr'>Paris.</span> 
     </span>
    </p>
   </div>
   <div class='ocr_carea' id='block_1_43' title="bbox 827 2981 2073 3013">
    <p class='ocr_par' dir='ltr' id='par_1_44' title="bbox 827 2981 2073 3013">
     <span class='ocr_line' id='line_1_72' title="bbox 827 2981 2073 3013; baseline -0.005 -3"><span class='ocrx_word' id='word_1_474' title='bbox 827 2984 935 3010; x_wconf 71' lang='lat' dir='ltr'>directis</span> <span class='ocrx_word' id='word_1_475' title='bbox 948 2983 1096 3009; x_wconf 68' lang='lat' dir='ltr'>dioeooedis-</span> <span class='ocrx_word' id='word_1_476' title='bbox 1112 2983 1180 3007; x_wconf 80' lang='lat' dir='ltr'>inter</span> <span class='ocrx_word' id='word_1_477' title='bbox 1194 2983 1313 3007; x_wconf 76' lang='lat' dir='ltr'>aatioues</span> <span class='ocrx_word' id='word_1_478' title='bbox 1333 2982 1435 3006; x_wconf 75' lang='lat' dir='ltr'>noviter</span> <span class='ocrx_word' id='word_1_479' title='bbox 1448 2984 1521 3006; x_wconf 73' lang='lat' dir='ltr'>ori-s</span> <span class='ocrx_word' id='word_1_480' title='bbox 1535 2981 1611 3006; x_wconf 76' lang='lat' dir='ltr'>sedat</span> <span class='ocrx_word' id='word_1_481' title='bbox 1619 2997 2065 3006; x_wconf 76' lang='grc'><strong><em>..................</em></strong></span> <span class='ocrx_word' id='word_1_482' title='bbox 2072 3009 2073 3013; x_wconf 20' lang='lat'>¹</span> 
     </span>
    </p>
   </div>
   <div class='ocr_carea' id='block_1_44' title="bbox 2101 591 2147 614">
    <p class='ocr_par' dir='ltr' id='par_1_45' title="bbox 2101 591 2147 614">
     <span class='ocr_line' id='line_1_73' title="bbox 2101 591 2147 614; baseline 0 -1"><span class='ocrx_word' id='word_1_483' title='bbox 2101 591 2147 614; x_wconf 85' lang='grc'>428</span> 
     </span>
    </p>
   </div>
   <div class='ocr_carea' id='block_1_45' title="bbox 2103 736 2150 758">
    <p class='ocr_par' dir='ltr' id='par_1_46' title="bbox 2103 736 2150 758">
     <span class='ocr_line' id='line_1_74' title="bbox 2103 736 2150 758; baseline 0 0"><span class='ocrx_word' id='word_1_484' title='bbox 2103 736 2150 758; x_wconf 75' lang='grc'>429</span> 
     </span>
    </p>
   </div>
   <div class='ocr_carea' id='block_1_46' title="bbox 2103 838 2150 860">
    <p class='ocr_par' dir='ltr' id='par_1_47' title="bbox 2103 838 2150 860">
     <span class='ocr_line' id='line_1_75' title="bbox 2103 838 2150 860; baseline 0 0"><span class='ocrx_word' id='word_1_485' title='bbox 2103 838 2150 860; x_wconf 75' lang='grc'>429</span> 
     </span>
    </p>
   </div>
   <div class='ocr_carea' id='block_1_47' title="bbox 2103 940 2151 963">
    <p class='ocr_par' dir='ltr' id='par_1_48' title="bbox 2103 940 2151 963">
     <span class='ocr_line' id='line_1_76' title="bbox 2103 940 2151 963; baseline 0 0"><span class='ocrx_word' id='word_1_486' title='bbox 2103 940 2151 963; x_wconf 83' lang='grc'>430</span> 
     </span>
    </p>
   </div>
   <div class='ocr_carea' id='block_1_48' title="bbox 2104 1042 2150 1065">
    <p class='ocr_par' dir='ltr' id='par_1_49' title="bbox 2104 1042 2150 1065">
     <span class='ocr_line' id='line_1_77' title="bbox 2104 1042 2150 1065; baseline 0 0"><span class='ocrx_word' id='word_1_487' title='bbox 2104 1042 2150 1065; x_wconf 81' lang='grc'>431</span> 
     </span>
    </p>
   </div>
   <div class='ocr_carea' id='block_1_49' title="bbox 2104 1144 2151 1168">
    <p class='ocr_par' dir='ltr' id='par_1_50' title="bbox 2104 1144 2151 1168">
     <span class='ocr_line' id='line_1_78' title="bbox 2104 1144 2151 1168; baseline 0.021 -1"><span class='ocrx_word' id='word_1_488' title='bbox 2104 1144 2151 1168; x_wconf 79' lang='grc'>432</span> 
     </span>
    </p>
   </div>
   <div class='ocr_carea' id='block_1_50' title="bbox 2105 1246 2152 1269">
    <p class='ocr_par' dir='ltr' id='par_1_51' title="bbox 2105 1246 2152 1269">
     <span class='ocr_line' id='line_1_79' title="bbox 2105 1246 2152 1269; baseline 0 0"><span class='ocrx_word' id='word_1_489' title='bbox 2105 1246 2152 1269; x_wconf 76' lang='grc'>432</span> 
     </span>
    </p>
   </div>
   <div class='ocr_carea' id='block_1_51' title="bbox 2106 1348 2152 1371">
    <p class='ocr_par' dir='ltr' id='par_1_52' title="bbox 2106 1348 2152 1371">
     <span class='ocr_line' id='line_1_80' title="bbox 2106 1348 2152 1371; baseline 0 0"><span class='ocrx_word' id='word_1_490' title='bbox 2106 1348 2152 1371; x_wconf 89' lang='grc'>433</span> 
     </span>
    </p>
   </div>
   <div class='ocr_carea' id='block_1_52' title="bbox 2107 1498 2153 1521">
    <p class='ocr_par' dir='ltr' id='par_1_53' title="bbox 2107 1498 2153 1521">
     <span class='ocr_line' id='line_1_81' title="bbox 2107 1498 2153 1521; baseline -0.022 0"><span class='ocrx_word' id='word_1_491' title='bbox 2107 1498 2153 1521; x_wconf 86' lang='grc'>434</span> 
     </span>
    </p>
   </div>
   <div class='ocr_carea' id='block_1_53' title="bbox 2109 1644 2154 1667">
    <p class='ocr_par' dir='ltr' id='par_1_54' title="bbox 2109 1644 2154 1667">
     <span class='ocr_line' id='line_1_82' title="bbox 2109 1644 2154 1667; baseline -0.022 0"><span class='ocrx_word' id='word_1_492' title='bbox 2109 1644 2154 1667; x_wconf 77' lang='grc'>435</span> 
     </span>
    </p>
   </div>
   <div class='ocr_carea' id='block_1_54' title="bbox 2108 1747 2154 1770">
    <p class='ocr_par' dir='ltr' id='par_1_55' title="bbox 2108 1747 2154 1770">
     <span class='ocr_line' id='line_1_83' title="bbox 2108 1747 2154 1770; baseline 0 0"><span class='ocrx_word' id='word_1_493' title='bbox 2108 1747 2154 1770; x_wconf 71' lang='grc'>437</span> 
     </span>
    </p>
   </div>
   <div class='ocr_carea' id='block_1_55' title="bbox 2109 1849 2156 1872">
    <p class='ocr_par' dir='ltr' id='par_1_56' title="bbox 2109 1849 2156 1872">
     <span class='ocr_line' id='line_1_84' title="bbox 2109 1849 2156 1872; baseline 0 0"><span class='ocrx_word' id='word_1_494' title='bbox 2109 1849 2156 1872; x_wconf 80' lang='grc'>438</span> 
     </span>
    </p>
   </div>
   <div class='ocr_carea' id='block_1_56' title="bbox 2109 1951 2156 1974">
    <p class='ocr_par' dir='ltr' id='par_1_57' title="bbox 2109 1951 2156 1974">
     <span class='ocr_line' id='line_1_85' title="bbox 2109 1951 2156 1974; baseline 0 0"><span class='ocrx_word' id='word_1_495' title='bbox 2109 1951 2156 1974; x_wconf 77' lang='grc'>439</span> 
     </span>
    </p>
   </div>
   <div class='ocr_carea' id='block_1_57' title="bbox 2109 2055 2156 2077">
    <p class='ocr_par' dir='ltr' id='par_1_58' title="bbox 2109 2055 2156 2077">
     <span class='ocr_line' id='line_1_86' title="bbox 2109 2055 2156 2077; baseline 0 0"><span class='ocrx_word' id='word_1_496' title='bbox 2109 2055 2156 2077; x_wconf 71' lang='grc'>439</span> 
     </span>
    </p>
   </div>
   <div class='ocr_carea' id='block_1_58' title="bbox 2110 2202 2156 2225">
    <p class='ocr_par' dir='ltr' id='par_1_59' title="bbox 2110 2202 2156 2225">
     <span class='ocr_line' id='line_1_87' title="bbox 2110 2202 2156 2225; baseline -0.022 0"><span class='ocrx_word' id='word_1_497' title='bbox 2110 2202 2156 2225; x_wconf 88' lang='grc'>440</span> 
     </span>
    </p>
   </div>
   <div class='ocr_carea' id='block_1_59' title="bbox 2108 2349 2154 2373">
    <p class='ocr_par' dir='ltr' id='par_1_60' title="bbox 2108 2349 2154 2373">
     <span class='ocr_line' id='line_1_88' title="bbox 2108 2349 2154 2373; baseline -0.022 0"><span class='ocrx_word' id='word_1_498' title='bbox 2108 2349 2154 2373; x_wconf 71' lang='lat' dir='ltr'>un</span> 
     </span>
    </p>
   </div>
   <div class='ocr_carea' id='block_1_60' title="bbox 2109 2494 2156 2518">
    <p class='ocr_par' dir='ltr' id='par_1_61' title="bbox 2109 2494 2156 2518">
     <span class='ocr_line' id='line_1_89' title="bbox 2109 2494 2156 2518; baseline 0 0"><span class='ocrx_word' id='word_1_499' title='bbox 2109 2494 2156 2518; x_wconf 74' lang='grc'>442</span> 
     </span>
    </p>
   </div>
   <div class='ocr_carea' id='block_1_61' title="bbox 2110 2699 2156 2784">
    <p class='ocr_par' dir='ltr' id='par_1_62' title="bbox 2110 2699 2156 2784">
     <span class='ocr_line' id='line_1_90' title="bbox 2110 2699 2156 2722; baseline 0 0"><span class='ocrx_word' id='word_1_500' title='bbox 2110 2699 2156 2722; x_wconf 89' lang='grc'>444</span> 
     </span>
     <span class='ocr_line' id='line_1_91' title="bbox 2110 2761 2155 2784; baseline 0 0"><span class='ocrx_word' id='word_1_501' title='bbox 2110 2761 2155 2784; x_wconf 89' lang='grc'>444</span> 
     </span>
    </p>
   </div>
   <div class='ocr_carea' id='block_1_62' title="bbox 2109 2867 2157 2890">
    <p class='ocr_par' dir='ltr' id='par_1_63' title="bbox 2109 2867 2157 2890">
     <span class='ocr_line' id='line_1_92' title="bbox 2109 2867 2157 2890; baseline 0 0"><span class='ocrx_word' id='word_1_502' title='bbox 2109 2867 2157 2890; x_wconf 74' lang='grc'>445</span> 
     </span>
    </p>
   </div>
   <div class='ocr_carea' id='block_1_63' title="bbox 2109 2973 2156 2997">
    <p class='ocr_par' dir='ltr' id='par_1_64' title="bbox 2109 2973 2156 2997">
     <span class='ocr_line' id='line_1_93' title="bbox 2109 2973 2156 2997; baseline 0.021 -1"><span class='ocrx_word' id='word_1_503' title='bbox 2109 2973 2156 2997; x_wconf 75' lang='grc'>448</span> 
     </span>
    </p>
   </div>
  </div>
 </body>
</html>
