2580 3528
476 386 542 419 454
1055 394 1377 417 CHARTULARIUM
1412 394 1602 417 cmvi-:ns
1639 395 1756 417 rmus
2253 385 2355 428 [1266

476 470 535 505 vel
556 469 746 511 rebellem,
768 469 833 503 sed
859 469 957 502 omni
983 468 1270 514 promptitudine
1295 468 1437 502 facilem
1463 475 1498 502 et
1523 468 1643 502 dehita
1669 468 1924 503 benevolentia
1949 475 2172 502 mansuetam
2199 469 2244 503 ad
2269 481 2356 503 con-

477 537 720 572 servationem
749 536 897 570 unionis
925 548 990 569 sue
1018 548 1083 581 per
1109 535 1176 569 hec
1206 542 1242 569 et
1270 535 1338 568 alia
1367 535 1540 569 continue
1567 535 1779 569 laborando.
1810 537 1854 570 Et
1880 548 1925 570 ne
1955 536 2167 582 hujusmodi
2192 536 2355 570 laborem

478 605 638 650 ipsarum
666 611 702 637 et
726 610 861 637 tantum
889 603 1068 649 premisse
1090 602 1239 636 unionis
1264 602 1400 635 bonum
1427 614 1492 648 per
1518 614 1558 635 ea
1584 614 1655 647 que
1675 602 1720 635 de
1748 603 1896 648 prefatis
1920 603 2080 637 licentiis
2105 610 2141 637 et
2164 603 2357 649 principiis

481 671 709 713 refricantur,
732 670 830 716 quod
851 669 958 705 absit.
977 669 1143 703 evacuari
1165 669 1365 714 contingat,
1383 680 1452 702 nos
1468 668 1602 702 auditis
1623 675 1659 701 et
1678 668 1875 703 intellectis
1894 669 1967 703 hiis
1987 682 2058 715 que
2077 670 2227 703 fuerunt
2245 681 2358 716 super

478 738 546 772 hoc
568 738 754 784 proposita
775 749 895 770 coram
917 736 1024 769 nobis
1046 742 1082 769 et
1110 735 1315 781 privilegiis
1343 735 1559 768 cancellario
1585 735 1740 768 ecclesie
1765 742 1889 769 sancte
1909 736 2097 770 Genovefe
2118 748 2229 783 super
2248 736 2318 770 hoc
2338 749 2358 770 a

479 806 615 851 prefata
636 805 723 838 sede
745 803 933 837 concessis
955 802 1152 848 diligenter
1172 802 1362 847 inspectis,
1383 801 1455 835 hiis
1481 813 1627 847 quoque
1653 814 1723 847 que
1749 802 1787 835 in
1812 802 1942 836 dandis
1966 802 2126 837 licentiis
2145 803 2358 849 hujusmodi

479 872 597 906 eidem
626 870 841 904 cancellario
869 875 1081 915 competunt
1106 881 1145 902 ac
1173 869 1255 902 aliis
1280 868 1556 902 conditionibus
1581 869 1676 902 circa
1700 868 1770 902 hoc
1796 869 1840 902 ad
1867 881 2022 914 presens
2052 870 2358 917 concurrentibus

477 945 610 973 attenta
645 937 879 970 meditatione
914 936 1076 982 pensatis
1111 935 1410 981 pronunciamus,
1445 935 1612 969 licentias
1646 942 1683 969 et
1715 935 1893 981 principia
1927 936 2135 982 supradicta
2167 936 2289 971 valere
2322 943 2360 972 et

478 1006 596 1038 dictos
617 1003 859 1037 bachellarios
885 1010 921 1036 et
945 1003 1155 1048 magistros,
1184 1003 1436 1047 cujuscunque
1464 1002 1623 1036 nationis
1650 1002 1818 1044 existant,
1845 1002 1971 1036 haberi
1997 1002 2132 1037 debere
2157 1015 2222 1049 pro
2249 1003 2359 1039 licen·

479 1073 575 1106 tiatis
609 1071 841 1104 bachellariis
871 1077 907 1103 et
939 1070 1138 1115 magistris.
1179 1071 1223 1102 Et
1256 1069 1342 1103 licet
1375 1069 1490 1103 libera
1520 1069 1769 1115 separacionis
1799 1070 1992 1103 nacionum
2027 1070 2177 1104 facultas
2207 1070 2358 1117 dissipa-

478 1140 619 1173 cionem
651 1138 762 1171 studii
794 1145 829 1171 et
857 1137 946 1171 alias
976 1136 1089 1170 multa
1118 1136 1213 1170 bona
1243 1137 1419 1170 inducere
1447 1136 1673 1178 dinoscatur,
1706 1149 1752 1170 ne
1780 1143 1900 1170 tamen
1927 1137 2183 1183 inseparabilis
2210 1138 2359 1172 unionis

477 1213 644 1252 pretextu
665 1218 736 1239 una
757 1205 860 1238 nacio
881 1204 925 1238 ab
946 1204 1027 1238 aliis
1047 1204 1211 1237 indebite
1237 1204 1393 1250 opprimi
1414 1203 1531 1238 valeat
1549 1203 1608 1238 vel
1629 1204 1785 1250 gravari,
1808 1204 1860 1237 sic
1885 1216 1954 1238 nos
1979 1204 2086 1238 decet
2109 1205 2358 1251 separationes

477 1273 687 1307 temerarias
709 1271 920 1318 prohibere,
943 1271 1041 1317 quod
1056 1272 1176 1316 justas
1197 1277 1233 1304 et
1252 1270 1488 1304 rationabiles
1510 1283 1590 1304 curn
1612 1283 1673 1304 res
1694 1271 1850 1317 exigerit
1869 1271 2132 1317 permittamus.

567 1342 642 1374 Nos
668 1340 802 1385 itaque,
831 1339 875 1372 ad
903 1350 996 1384 quos
1021 1345 1160 1384 spectat
1179 1338 1273 1371 eirca
1293 1350 1422 1371 omnes
1443 1345 1568 1371 nostre
1594 1337 1797 1384 legacionis
1818 1350 2008 1383 personas,
2029 1345 2066 1372 et
2090 1338 2252 1372 scolares
2276 1350 2360 1385 pre·

479 1409 599 1454 cipue,
622 1408 721 1453 pacis
741 1406 903 1452 cogitare
925 1405 1078 1439 consilia
1105 1412 1140 1438 et
1164 1405 1339 1451 periculis
1360 1404 1522 1447 obviare,
1544 1405 1737 1439 statuimus
1763 1411 1798 1438 et
1821 1405 2122 1451 irrefragabiliter
2147 1405 2359 1440 ordinamus

478 1475 577 1521 quod
597 1474 688 1508 nulli
709 1473 853 1507 nacioni
874 1473 981 1506 liceat
1007 1485 1046 1506 se
1071 1485 1089 1506 a
1115 1472 1234 1506 tribus
1258 1472 1317 1506 vel
1343 1471 1485 1505 duabus
1511 1472 1592 1505 aliis
1612 1472 1688 1505 ullo
1710 1484 1869 1517 unquam
1889 1478 2053 1518 tempore
2074 1484 2256 1518 separare,
2286 1473 2358 1507 nisi

477 1541 705 1576 rationabilis
726 1542 874 1586 etjusta
894 1552 1001 1573 causa
1023 1539 1205 1573 subfuerit
1225 1546 1261 1572 et
1284 1539 1390 1573 etiam
1417 1539 1606 1572 manifesta
1632 1546 1668 1572 et
1691 1539 1759 1572 hoc
1785 1545 1871 1572 tunc
1897 1539 2042 1573 demum
2064 1546 2255 1585 postquam
2275 1539 2359 1574 talis

478 1609 588 1643 fuerit
615 1609 653 1641 in
681 1608 796 1641 forma
830 1619 900 1652 que
932 1607 1098 1652 sequitur
1128 1606 1319 1639 declarata.
1353 1607 1560 1640 Statuentes
1590 1606 1703 1651 igitur
1732 1606 1945 1639 ordinamus
1979 1606 2078 1652 quod
2107 1607 2139 1640 si
2167 1607 2261 1640 forte
2293 1619 2360 1653 per

478 1676 720 1710 ministerium
750 1674 970 1716 seductoris,
1004 1674 1102 1719 quod
1132 1673 1238 1715 absit,
1267 1674 1304 1706 in
1334 1685 1422 1719 agro
1450 1673 1670 1706 Parisiensis
1698 1673 1810 1706 studii
1837 1673 1996 1706 zizannia
2023 1674 2237 1707 seminantis
2264 1674 2360 1708 inter

479 1744 651 1777 naciones
672 1748 793 1775 exorta
817 1741 999 1774 discordia
1021 1753 1091 1774 una
1112 1753 1130 1774 a
1158 1740 1276 1773 tribus
1296 1740 1354 1774 vel
1376 1740 1446 1773 due
1473 1753 1491 1773 a
1517 1740 1659 1773 duabus
1684 1752 1724 1773 se
1748 1740 1933 1774 voluerint
1960 1752 2143 1786 separare,
2163 1740 2202 1774 id
2222 1741 2357 1787 passim

478 1810 536 1844 vel
558 1810 724 1855 protinus
750 1821 823 1841 non
850 1814 1073 1853 presumant,
1103 1808 1169 1841 sed
1197 1814 1271 1840 tres
1298 1807 1558 1852 antiquiores¹⁵
1584 1807 1751 1853 magistri
1778 1807 1986 1853 theologice
2010 1807 2190 1841 facultatis
2215 1814 2252 1841 et
2275 1819 2359 1854 qua-

480 1885 562 1911 tuor
582 1876 777 1910 decretiste
803 1882 888 1908 tunc
913 1875 1074 1908 Parisius
1101 1875 1300 1908 existentes
1326 1881 1498 1920 regentes
1527 1881 1608 1908 actu
1635 1881 1671 1907 et
1697 1874 1998 1920 impedimentum
2019 1875 2246 1917 canonicum,
2275 1886 2356 1908 cum

480 1957 551 1990 quo
572 1944 692 1976 minus
714 1943 943 1988 expedicioni
965 1942 1110 1988 negocii
1135 1953 1262 1975 vacare
1282 1941 1438 1983 valeant,
1465 1954 1539 1975 non
1564 1941 1756 1983 habentes,
1782 1941 1827 1975 de
1855 1941 2103 1987 separacionis
2123 1953 2230 1975 causa
2251 1935 2358 1988 quam

480 2010 647 2057 pretendi
673 2010 881 2055 contigerit,
904 2022 948 2042 an
975 2010 1022 2042 sit
1047 2008 1289 2050 rationabilis,
1306 2009 1405 2053 justa
1429 2015 1465 2042 et
1485 2009 1590 2042 etiam
1622 2009 1823 2050 manifesta,
1851 2015 1886 2042 et
1910 2020 1980 2054 que
2002 2015 2037 2042 et
2061 2008 2179 2054 qualis
2205 2009 2359 2043 emenda

480 2091 523 2112 ex
557 2079 634 2123 ipsa
669 2077 910 2123 separationis
940 2088 1061 2118 causa,
1093 2088 1198 2121 quam
1235 2076 1341 2110 talem
1372 2076 1593 2118 invenerint,
1629 2075 1735 2121 sequi
1770 2075 1902 2109 debeat
1934 2082 1968 2108 et
2002 2088 2020 2109 a
2051 2075 2267 2109 nacionibus
2298 2075 2358 2110 vel

480 2146 632 2179 nacione
659 2156 803 2178 causam
832 2144 937 2177 talem
964 2143 1213 2189 prestantibus
1243 2143 1325 2176 aliis
1355 2142 1533 2184 exhiberi,
1564 2154 1790 2188 cognoscere
1820 2143 1996 2188 incipiant
2029 2143 2120 2176 infra
2154 2149 2229 2176 tres
2263 2142 2356 2185 dies,

480 2219 670 2258 postquam
706 2223 817 2257 super
846 2211 918 2244 hiis
952 2224 970 2244 a
1007 2210 1171 2256 partibus
1200 2210 1258 2244 vel
1293 2222 1417 2243 earum
1446 2210 1557 2243 altera
1591 2210 1727 2243 suerint
1760 2210 1941 2255 requisiti,
1973 2216 2009 2243 et
2037 2209 2280 2255 procedentes
2313 2209 2358 2243 de

481 2279 588 2325 plano
614 2285 650 2312 et
669 2278 806 2324 absque
822 2278 1046 2323 judiciorum
1074 2277 1226 2323 strepitu
1254 2289 1293 2310 ac
1315 2277 1519 2310 summatim
1542 2277 1602 2310 illa
1624 2277 1869 2310 determinent
1883 2277 1975 2310 infra
1994 2288 2170 2310 mensem.
2193 2277 2357 2320 Quorum

481 2346 773 2392 pronunciationi
812 2345 870 2378 vel
905 2345 1052 2390 majoris
1087 2345 1200 2390 partis
1230 2345 1394 2390 ipsorum
1415 2351 1536 2390 partes
1571 2351 1667 2378 stare
1696 2344 1867 2378 volumus
1897 2351 1933 2377 et
1961 2350 2086 2377 contra
2116 2356 2193 2377 eam
2225 2343 2358 2390 aliqua-

480 2421 586 2447 tenus
623 2425 697 2446 non
733 2413 872 2454 venire,
911 2424 1022 2458 super
1056 2424 1125 2457 qua
1162 2411 1465 2457 pronunciatione
1502 2411 1563 2445 fiat
1598 2411 1784 2457 publicum
1822 2411 2119 2453 instrumentum,
2150 2410 2208 2444 vel
2237 2410 2359 2444 littere

481 2480 604 2526 sigillo
625 2480 807 2513 autentico
829 2479 1062 2513 communite.
1093 2479 1130 2513 Si
1150 2491 1238 2512 vero
1260 2485 1381 2525 partes
1401 2478 1593 2524 negligant
1612 2478 1669 2512 vel
1689 2485 1862 2512 recusent
1881 2490 1993 2524 super
2012 2478 2080 2512 hoc
2101 2478 2203 2524 ipsos
2223 2477 2358 2523 magis-

481 2555 556 2580 tros
578 2547 778 2592 requirere,
802 2547 872 2592 ipsi
894 2546 1155 2580 nichilominus
1181 2546 1225 2579 ad
1252 2546 1288 2579 id
1316 2546 1407 2579 ultra
1434 2546 1539 2579 etiam
1565 2546 1767 2591 irrequisiti
1789 2557 1828 2579 se
1849 2545 2015 2587 offerant,
2044 2551 2080 2578 et
2099 2545 2130 2578 si
2150 2557 2194 2578 ex
2213 2544 2358 2578 dissen-

482 2614 584 2646 sione
615 2620 750 2646 tantum
785 2613 944 2646 viderint
977 2613 1180 2659 periculum
1211 2613 1441 2646 imminere¹⁰
1470 2613 1567 2658 quod
1599 2612 1847 2658 periculosum
1877 2613 1925 2646 sit
1952 2612 2043 2658 ipsis
2074 2610 2289 2645 nacionibus
2318 2611 2357 2644 in
2388 2620 2392 2623 “

484 2693 593 2713 unum
613 2680 732 2713 taliter
753 2692 954 2721 remanere,
979 2680 1116 2714 vocatis
1138 2679 1302 2726 partibus
1324 2680 1369 2713 de
1396 2680 1643 2725 separacionis
1671 2691 1778 2713 causa
1804 2686 1840 2713 et
1863 2679 2015 2713 emenda
2041 2677 2235 2724 prestanda
2255 2678 2357 2722 juxta

482 2748 631 2780 formam
666 2747 827 2779 eamdem
862 2754 1087 2792 cognoscant
1120 2747 1288 2792 protinus
1329 2753 1364 2780 et
1402 2747 1583 2780 decidant.
1624 2747 1694 2790 Qui
1733 2753 1851 2780 autem
1892 2745 2098 2791 inceperint
2130 2756 2356 2791 cognoscere

483 2814 635 2847 durante
663 2825 788 2846 mense
810 2813 1019 2858 priusquam
1050 2814 1265 2847 diffinierint
1285 2826 1358 2847 non
1380 2820 1578 2855 mutentur,
1601 2814 1707 2846 etiam
1736 2813 1767 2846 si
1795 2813 2006 2859 cognitione
2032 2812 2214 2858 pendente
2238 2818 2355 2845 actum

482 2880 630 2926 legendi
655 2880 862 2913 dimiserint
880 2880 937 2913 vel
958 2881 1183 2925 antiquiores
1204 2880 1376 2914 absentes
1401 2880 1445 2913 ab
1466 2881 1577 2914 inicio
1605 2880 1767 2913 Parisius
1793 2879 1933 2913 reversi
1957 2879 2094 2913 fuerint
2117 2879 2175 2912 vel
2203 2878 2356 2924 impedi-

482 2954 641 2981 mentum
662 2947 906 2992 antiquiorum
929 2947 1127 2981 cessaverit
1146 2948 1207 2992 qui
1229 2948 1265 2980 in
1287 2948 1510 2994 cognitionis
1532 2947 1681 2981 exordio
1703 2947 1877 2980 canonice
1897 2947 2040 2980 fuerant
2060 2946 2237 2991 impediti.
2261 2946 2305 2979 Et
2324 2945 2355 2978 si
