2580 3528
506 416 569 449 590
1084 423 1403 446 CHARTULARIUM
1438 421 1628 444 nmvnns
1665 419 1794 442 iuius.
2275 409 2373 452 [1281

506 500 598 532 rium
618 499 655 532 in
676 498 907 532 resumendis
928 497 1147 531 lectionibus
1168 496 1387 530 unanimiter
1407 500 1676 528 consenserunt
1695 493 1764 527 sub
1783 494 1898 527 forma
1918 505 1988 539 que
2009 494 2188 540 sequitur,
2204 494 2376 529 videlicet

506 573 545 599 ut
565 566 734 599 dominus
755 577 818 598 rex
837 565 986 598 adeatur
1007 564 1248 610 personaliter
1268 575 1311 596 ex
1336 569 1435 607 parte
1457 561 1719 602 universitatis,
1742 567 1778 594 et
1798 560 1869 594 sibi
1890 560 2030 594 dicatur
2052 572 2059 594 :
2083 575 2100 592 «
2123 561 2277 594 Domine
2297 573 2374 604 rex,

504 633 547 666 ad
574 644 701 678 preces
726 638 864 665 vestras
886 638 920 664 et
940 631 986 664 ob
1008 630 1245 664 reverentiam
1266 635 1422 663 vestram
1444 627 1608 673 magistri
1628 627 1756 660 volunt
1775 638 1962 661 resumere
1982 627 2159 661 lectiones
2186 639 2284 670 suas,
2305 627 2374 662 sub

504 711 569 745 spe
596 705 714 732 tamen
744 698 844 731 firma
874 698 971 743 quod
1000 696 1231 742 privilegium
1262 695 1385 728 inclite
1415 693 1680 727 recordationis
1710 693 1848 726 domini
1877 693 2035 740 Philippi
2063 694 2245 740 quondam
2275 695 2375 740 regis

505 767 737 806 Francorum,
759 765 964 798 innovatum
987 775 1051 808 per
1070 769 1206 808 patrem
1227 768 1387 795 vestrum
1411 767 1446 794 et
1466 760 1571 794 etiam
1594 772 1659 806 per
1678 772 1758 802 vos,
1775 760 1812 793 in
1832 767 2047 806 perpetuum
2067 760 2245 794 illibatum
2266 761 2375 795 nobis

504 832 737 872 observetur3
765 831 849 864 item
876 830 943 863 sub
965 842 1028 875 spe
1050 829 1150 862 firma
1172 835 1211 861 ut
1230 829 1261 861 si
1281 840 1354 861 non
1375 834 1431 861 est
1451 827 1604 860 emenda
1625 826 1848 860 sufficienter
1868 827 2018 873 prestita
2039 827 2180 861 medico
2202 827 2314 870 leso‘,
2335 835 2376 862 ut

504 911 635 944 equum
658 905 724 939 est,
743 903 925 942 prestetur
946 897 1022 929 sive
1044 896 1121 936 fiat3
1144 896 1228 928 item
1251 894 1319 927 sub
1341 906 1419 940 spe,
1439 901 1477 927 ut
1497 894 1612 939 prius,
1634 901 1673 927 ut
1693 894 1738 927 de
1758 894 1911 927 articulo
1933 906 2040 939 quem
2062 894 2183 928 dicitis
2202 894 2308 928 vobis
2329 894 2374 928 de

504 977 597 998 novo
618 964 857 1009 propositum,
875 963 935 996 fiat
956 962 1075 995 fidelis
1095 962 1284 1007 inquisitio
1307 961 1447 994 scilicet
1468 973 1533 1006 per
1553 961 1650 1003 illos,
1670 961 1731 1006 qui
1754 961 1875 994 sciunt
1893 961 2094 1003 veritatem,
2117 967 2152 994 et
2172 961 2373 995 secundum

501 1031 775 1075 inquisitionem
801 1029 861 1062 fiat
879 1029 1027 1074 justicie
1048 1028 1354 1073 complementum
1378 1042 1407 1060 υ.
1431 1028 1693 1062 Convenerunt
1714 1028 1821 1060 etiam
1843 1028 1971 1073 prefati
1993 1027 2156 1074 magistri
2181 1039 2247 1073 pro
2274 1039 2314 1061 se
2339 1034 2374 1062 et

501 1096 716 1130 bachelariis
742 1096 831 1137 suis,
861 1096 922 1140 qui
949 1107 1070 1128 secum
1097 1101 1200 1128 antea
1225 1101 1482 1136 convenerant,
1513 1101 1552 1128 ut
1577 1094 1608 1127 si
1634 1106 1746 1139 super
1770 1094 1961 1140 premissis
1993 1106 2066 1128 non
2090 1094 2200 1127 fuerit
2225 1094 2373 1140 justicia

499 1164 587 1196 facta
620 1163 710 1195 infra
738 1169 880 1195 octavas
905 1162 1106 1195 Nativitatis
1133 1161 1236 1194 beate
1264 1161 1390 1203 Marie,
1421 1161 1519 1206 quod
1544 1161 1615 1206 ipsi
1645 1167 1752 1194 erunt
1780 1161 1817 1194 in
1848 1161 1976 1194 eodem
2005 1167 2099 1194 statu
2125 1161 2307 1203 cessandi,
2335 1161 2373 1194 in

501 1242 571 1275 quo
600 1236 701 1262 erant
726 1235 807 1262 ante
837 1235 980 1274 tempus
1001 1228 1176 1261 dictarum
1198 1228 1495 1270 conventionum,
1517 1228 1684 1262 volentes
1710 1227 1821 1261 iidem
1841 1228 2005 1274 magistri
2030 1239 2096 1273 pro
2122 1239 2161 1261 se
2183 1234 2218 1261 et
2242 1227 2374 1261 bache-

499 1296 598 1329 lariis
628 1296 705 1329 suis
734 1295 922 1340 predictis,
953 1295 1050 1340 quod
1081 1295 1112 1328 si
1142 1295 1249 1328 dictis
1283 1294 1590 1328 conventionibus
1619 1294 1731 1340 aliqui
1758 1294 1991 1328 inveniantur
2021 1294 2192 1336 rebelles,
2225 1294 2372 1328 nomine
2419 1296 2428 1300 ”

500 1363 754 1396 Universitatis
775 1374 819 1395 ex
839 1374 934 1395 nunc
955 1362 1145 1407 priventur
1164 1368 1199 1395 et
1218 1362 1347 1407 privati
1373 1368 1458 1394 tunc
1479 1361 1748 1395 denuncientur
1767 1362 1953 1395 consortio
1974 1362 2086 1395 totius
2103 1361 2372 1395 Universitatis.

499 1430 539 1461 ln
561 1441 712 1474 quorum
735 1429 981 1462 testimonium
1003 1435 1039 1461 et
1058 1429 1244 1461 munimen
1265 1428 1427 1474 sigillum
1450 1428 1705 1462 Universitatis
1721 1428 1902 1473 jussimus
1922 1428 2191 1474 apponendum.

592 1527 727 1559 Originale
741 1527 768 1550 in
783 1527 859 1551 Arch.
876 1527 996 1551 Univers.
1011 1527 1095 1550 Puris.
1112 1527 1189 1550 theca
1204 1527 1245 1550 lv.
1263 1528 1292 1551 A.
1309 1527 1346 1550 22.
1362 1535 1385 1550 c.
1400 1527 1478 1550 Deest
1493 1526 1621 1558 sigillum.
1635 1540 1666 1544 —-
1678 1527 1802 1555 Bulaeus,
1819 1527 1865 1554 111,
1881 1527 1935 1550 1155.

593 1612 615 1635 1.
634 1612 746 1643 Hugoni.
765 1612 872 1635 Factum
890 1612 958 1635 infru
976 1616 1005 1635 n⁰
1020 1612 1074 1639 515,
1091 1621 1116 1643 p.
1128 1612 1183 1640 615,
1200 1612 1226 1635 in
1241 1615 1347 1636 extenso
1365 1614 1496 1635 narratur.

499 1764 611 1803 505.
632 1778 770 1804 Declarat
789 1777 963 1803 Universitas
978 1778 1061 1810 facta
1076 1775 1251 1810 facultatum
1267 1783 1330 1801 esse
1344 1776 1428 1809 facta
1449 1774 1658 1800 Universitatis.

1757 1837 1827 1866 1281,
1843 1836 1906 1863 dulit·
1919 1837 1956 1866 12,
1972 1836 2085 1863 Parisiis.

586 1902 765 1936 Omnibus
787 1902 822 1933 in
844 1900 991 1935 Christo
1013 1899 1184 1932 fidelibus
1205 1899 1248 1932 ad
1270 1911 1362 1944 quos
1384 1905 1575 1944 presentes
1595 1898 1715 1931 littere
1737 1897 1985 1943 pervenerint,
2002 1897 2222 1931 universitas
2242 1897 2373 1942 magis-

497 1977 633 2003 trorum
655 1968 814 2001 Parisius
835 1967 873 2000 in
894 1978 1121 2012 quacumque
1142 1965 1309 1998 facultate
1330 1965 1550 2011 regentium,
1573 1965 1609 1997 in
1631 1976 1674 1997 eo
1696 1964 1757 2009 qui
1779 1964 1878 1997 salus
1899 1970 1955 1997 est
1974 1963 2187 2005 animarum,
2204 1963 2370 1997 salutem.

498 2036 678 2069 Noveritis
703 2034 801 2080 quod
824 2046 891 2067 nos
912 2033 1131 2067 universitas
1152 2032 1398 2077 predictorum
1421 2032 1693 2077 magistrorum,
1714 2043 1780 2076 pro
1801 2030 1908 2064 nobis
1930 2037 1965 2063 et
1984 2029 2189 2063 scolaribus
2220 2029 2370 2072 nostris,

498 2102 648 2135 utilitate
676 2100 859 2134 communi
886 2106 1046 2145 pensata,
1070 2106 1105 2132 et
1130 2098 1174 2131 ad
1199 2110 1261 2131 ora
1288 2098 1516 2143 quorundam
1542 2097 1785 2143 malignorum
1812 2096 2012 2130 claudenda
2039 2097 2250 2138 dicentium,
2273 2096 2372 2142 quod

496 2170 585 2202 facta
618 2168 825 2201 facultatum
861 2179 935 2200 non
970 2172 1055 2199 sunt
1087 2166 1178 2198 facta
1212 2164 1482 2206 Universitatis,
1518 2164 1710 2209 privilegia
1744 2163 1909 2208 ejusdem
1939 2163 2104 2196 minuere
2134 2163 2211 2197 sive
2243 2163 2371 2209 pocius

497 2247 669 2268 enervare
703 2234 906 2280 cupientes,
940 2245 1014 2266 non
1046 2232 1275 2265 attendentes
1310 2231 1407 2276 quod
1433 2231 1636 2276 principum
1672 2229 1848 2263 beneficia
1875 2236 1960 2263 sunt
1991 2230 2166 2263 latissime
2192 2230 2372 2275 interpre-

499 2302 615 2343 tanda,
645 2314 738 2335 anno
769 2301 812 2334 ab
839 2300 1090 2333 Incarnatione
1117 2299 1263 2331 Domini
1294 2298 1392 2332 MCC
1423 2298 1672 2343 octuagesimo
1700 2297 1831 2343 primo,
1861 2297 1919 2330 die
1950 2296 2089 2330 sabbati
2119 2303 2202 2342 post
2228 2302 2371 2330 octavas

499 2368 683 2401 beatorum
713 2367 959 2413 apostolorum
988 2366 1085 2399 Petri
1113 2372 1149 2398 et
1174 2364 1288 2406 Pauli,
1317 2364 1405 2397 hora
1432 2364 1476 2397 ad
1504 2364 1700 2409 capitulum
1723 2364 1797 2409 jam
1826 2363 1980 2409 pulsata,
2002 2369 2185 2409 expectata
2211 2375 2230 2396 a
2256 2362 2371 2408 prima

499 2435 661 2478 ejusdem
697 2435 783 2475 diei,
818 2433 1030 2479 congregati
1065 2432 1160 2477 apud
1201 2433 1369 2465 Sanctum
1398 2431 1580 2464 ,Iulianum
1621 2431 1795 2472 Parisius,
1835 2437 1944 2476 prout
1980 2430 2092 2463 moris
2131 2436 2199 2472 est,
2233 2429 2370 2463 vocatis

500 2500 667 2533 omnibus
694 2501 755 2545 qui
785 2500 991 2533 debuerunt
1018 2499 1173 2540 evocari,
1204 2498 1269 2531 hac
1298 2498 1442 2531 edictali
1474 2498 1735 2531 constitutione
1764 2497 1807 2530 ad
1838 2503 2049 2542 perpetuam
2079 2497 2132 2529 rei
2160 2495 2369 2529 memoriam

499 2566 735 2607 declaramus,
758 2567 846 2599 facta
871 2566 1077 2599 facultatum
1104 2565 1301 2610 theologie,
1325 2565 1569 2606 decretorum,
1591 2564 1785 2603 medicine,
1812 2570 1848 2596 et
1873 2549 2021 2605 arcium,
2049 2563 2085 2596 in
2111 2569 2284 2608 quantum
2309 2561 2370 2595 illa

499 2632 586 2664 sacta
610 2632 807 2676 respiciunt
828 2632 1017 2677 privilegia
1038 2632 1294 2666 Universitatis
1315 2643 1380 2665 seu
1402 2631 1561 2676 negotia,
1580 2642 1662 2663 esse
1682 2631 1772 2663 sacta
1793 2629 2062 2671 Universitatis‚
2081 2636 2117 2662 et
2135 2641 2200 2674 per
2221 2628 2370 2662 Univer-

501 2698 639 2730 sitatem
667 2704 702 2730 et
726 2698 871 2730 nomine
898 2698 1152 2731 Universitatis
1179 2698 1314 2731 debere
1340 2697 1419 2730 fieri
1441 2697 1734 2742 prosecutionem
1763 2696 1972 2729 canonicam
1998 2702 2033 2728 et
2058 2695 2220 2728 debitum
2246 2694 2370 2728 sortiri

500 2764 679 2797 effectum.
723 2765 762 2796 In
795 2765 898 2808 cujus
932 2765 984 2797 rei
1018 2765 1265 2797 testimonium
1302 2763 1536 2810 presentibus
1570 2763 1701 2796 litteris
1746 2762 1907 2808 sigillum
1951 2768 2075 2795 nostre
2110 2761 2366 2795 Universitatis

495 2830 674 2875 jussimus
695 2830 961 2875 apponendum.
986 2832 1111 2863 Datum
1134 2843 1241 2872 anno,
1263 2831 1335 2872 die,
1358 2837 1393 2863 et
1412 2830 1500 2863 hora
1521 2830 1729 2875 praedictis.

591 2927 726 2958 Originale
740 2927 767 2950 in
782 2927 858 2950 Areh.
875 2927 995 2950 Univers.
1013 2927 1096 2950 Paris.
1115 2928 1190 2951 theca
1205 2929 1260 2952 Vll.
1277 2928 1305 2951 D.
1323 2929 1360 2951 13.
1377 2936 1401 2951 a.
1418 2929 1527 2952 Restant
1542 2928 1593 2951 duo
1610 2929 1758 2959 fragmenta
1774 2927 1857 2959 sigilli
1873 2926 1987 2950 tueniolo
2002 2926 2112 2950 membr.
2129 2918 2368 2957 appensi.—Bib1.

500 2975 552 2995 nat..
573 2972 666 2999 Puris.,
684 2980 730 2994 ms.
748 2972 793 2994 lut.
809 2972 879 3000 9958,
897 2971 939 2994 sol.
954 2972 990 2999 10,
1004 2980 1034 2995 ex
1051 2972 1107 2995 cod.
1124 2980 1243 3003 pergam.
1256 2975 1307 2995 nat.
1326 2972 1439 3001 Picard.‚
1457 2973 1500 2996 sol.
1519 2972 1571 2996 111.
1588 2986 1618 2990 —
1633 2972 1756 3000 Bulaeus,
1769 2972 1814 3000 111,
1831 2972 1885 2994 456.
