2580 3528
259 419 356 460 1257]
601 427 649 450 ΑΒ
682 427 789 449 Auno
822 426 900 449 uec
934 426 1068 455 usone
1102 427 1151 448 An
1186 426 1416 449 Pfflmrrnm
1452 427 1491 449 iv
1527 428 1615 450 nac..
1653 429 1789 451 rimxc.
2067 420 2134 453 369

257 502 421 549 magistri
455 501 546 536 Octo
576 501 621 534 de
651 501 788 542 Duaco,
818 500 948 533 doctor
976 499 1184 546 theologice
1213 500 1407 541 facultatis,
1438 507 1474 533 et
1502 500 1747 542 Christianus,
1777 502 1975 535 canonicus
2008 503 2134 536 Bclva-

256 569 394 608 censis,
420 579 542 602 coram
562 567 707 601 dilectis
728 566 814 600 filiis
835 566 972 600 nostris
993 565 1166 600 fratribus
1187 567 1229 599 H.
1253 566 1348 600 tituli
1369 567 1499 600 Sancte
1521 566 1653 600 Sabine
1675 567 1889 613 presbytero
1912 575 1947 601 et
1970 568 2134 601 Johanne

258 635 379 670 Sancti
398 634 538 668 Nicolai
562 634 600 668 in
619 634 775 668 Carcere
795 633 964 667 Tulliano
985 633 1139 667 diacono
1160 633 1409 667 cardinalibus
1423 633 1641 679 juraverint.
1668 640 1764 667 stare
1786 634 1927 679 precise
1958 635 2136 668 mandatis

259 701 408 743 nostris,
437 701 547 735 iidem
577 700 781 734 cardinales
807 700 957 746 prefatis
982 699 1168 746 magistris
1193 712 1237 733 ex
1262 707 1362 746 parte
1388 707 1512 733 nostra
1537 700 1690 745 quedam
1716 701 1882 734 fecerunt.
1908 701 2072 734 mandata
2100 701 2137 734 in

258 769 391 803 virtute
411 767 554 814 prestiti
573 767 785 813 juramenti,
806 773 916 812 prout
934 767 972 800 in
992 766 1236 800 instrumento
1258 766 1405 812 publico
1427 767 1512 800 inde
1532 767 1712 809 confecto,
1735 768 1840 812 cujus
1861 774 1966 800 tenor
1987 779 2139 813 presen-

259 834 358 869 tibus
383 835 476 868 infra
503 833 747 876 subnectitur,
775 833 921 880 plenius
948 834 1168 867 continetur.
1195 833 1372 867 Volentes
1397 834 1510 879 igitur
1534 833 1572 867 in
1599 833 1779 879 publicam
1808 834 1933 868 venire
1961 835 2137 875 notitiam,

259 901 359 948 quod
384 901 422 935 in
448 901 514 935 hac
541 907 642 947 parte
669 900 776 934 dictis
803 900 987 946 magistris
1006 899 1050 933 ab
1071 899 1210 934 eisdem
1236 899 1484 934 cardinalibus
1505 900 1550 933 de
1572 900 1722 946 speciali
1749 901 1916 934 mandato
1944 901 2141 934 salubriter

260 975 318 1002 est
341 968 557 1014 injunctum,
583 967 797 1001 fraternitati
823 973 883 1000 tue
908 978 974 1013 per
994 966 1194 1013 apostolica
1221 967 1354 1012 scripta
1375 966 1588 1000 mandamus
1619 967 1789 1012 quatinus
1817 974 1986 1014 precepta
2013 967 2142 1013 hujus-

261 1034 359 1069 modi
385 1034 465 1068 sine
493 1045 594 1068 more
621 1033 816 1080 dispendio
844 1033 1012 1079 publices
1039 1045 1104 1079 per
1131 1040 1165 1067 te
1192 1033 1249 1067 vel
1277 1045 1342 1079 per
1368 1033 1478 1066 alium
1504 1033 1666 1067 Par-isius
1693 1040 1730 1067 et
1754 1033 1855 1075 alibi,
1883 1035 1978 1067 sicut
2003 1034 2142 1068 videris

262 1101 447 1147 expedire.
470 1101 508 1135 Si
527 1112 614 1135 vero
636 1100 723 1134 dicti
743 1100 909 1146 magistri
930 1107 1100 1146 precepta
1121 1100 1198 1146 ipsa
1220 1100 1312 1133 infra
1333 1100 1488 1146 spatium
1510 1100 1620 1133 unius
1641 1100 1779 1134 mensis
1799 1113 1817 1134 a
1839 1107 2001 1146 tempore
2023 1100 2144 1147 publi-

260 1167 414 1202 cationis
448 1167 660 1213 hujusmodi
690 1166 890 1213 adimplere
919 1178 992 1200 non
1023 1167 1231 1200 curaverint
1260 1166 1422 1200 Parisius
1452 1166 1646 1200 efficaciter
1674 1173 1710 1200 et
1738 1167 1954 1213 simpliciter
1987 1180 2027 1201 ac
2061 1168 2142 1201 sine

264 1234 383 1280 aliqua
411 1233 592 1275 fictione¹,
623 1240 660 1267 tu
690 1245 755 1266 eos
784 1232 920 1266 ibidem
951 1232 1098 1279 publice
1128 1232 1330 1266 denuncies
1360 1244 1443 1266 esse
1471 1233 1653 1278 perjuros.
1686 1234 1966 1267 Restitutionem
1996 1246 2143 1280 quoque

264 1300 351 1335 dicti
371 1299 536 1346 magistri
555 1299 708 1334 Octonis
727 1299 773 1333 ad
793 1299 921 1341 officia,
939 1299 1117 1332 beneficia
1138 1305 1174 1332 et
1193 1298 1274 1341 alia,
1297 1298 1432 1344 quibus
1452 1299 1664 1333 auctoritate
1685 1300 1920 1345 quarumdam
1942 1300 2142 1334 litterarum

228 1352 229 1356 Ἰ
265 1373 483 1407 nostrarum,
519 1377 670 1411 quarum
705 1365 925 1411 principium
960 1372 1017 1399 est
1052 1377 1059 1398 z
1101 1365 1250 1399 Cunctis
1275 1359 1536 1411 processibuF,
1572 1366 1734 1411 privatus
1768 1367 1896 1408 suerat,
1932 1367 2144 1401 auctoritate

264 1440 388 1467 nostra
407 1444 579 1466 revocare
603 1443 794 1478 procures,
814 1431 1103 1465 contradictores
1123 1443 1189 1477 per
1209 1443 1400 1465 censuram
1422 1431 1705 1465 ecclesiasticam
1727 1433 1969 1478 appellatione
1996 1440 2147 1480 postpo-

264 1499 332 1534 sita
359 1498 642 1545 compescendo.
671 1498 908 1532 instrumenti
934 1510 1021 1532 vero
1049 1498 1204 1544 predicti
1231 1505 1337 1531 tenor
1367 1497 1448 1531 talis
1476 1505 1533 1531 est
1560 1509 1567 1531 :
1600 1499 1641 1531 In
1671 1499 1818 1532 nomine
1848 1499 1986 1534 Christi
2015 1499 2145 1533 Amen.

264 1566 372 1602 Anno
393 1565 540 1600 Domini
559 1565 784 1607 M⁰CC⁰LVI‚
812 1570 877 1600 etc.
898 1565 992 1600 sicut
1017 1576 1128 1610 supr-a
1156 1568 1195 1598 n⁰
1221 1566 1299 1598 293.
1326 1566 1405 1598 Dat.
1430 1564 1587 1599 Viterbii
1613 1566 1646 1610 vj
1676 1577 1762 1599 non.
1789 1565 1975 1604 Octobris,
2002 1566 2148 1612 pontili-

265 1639 368 1667 catus
388 1631 505 1666 nostri
525 1644 621 1666 anno
643 1631 763 1666 tertio.

360 1727 497 1762 Originale
512 1729 539 1754 in
554 1729 631 1754 Arch.
646 1732 701 1755 nat.
716 1729 801 1754 Paris.
822 1730 851 1754 L.
867 1729 921 1758 251,
942 1733 972 1753 ιιιι
988 1729 1043 1754 156.
1064 1729 1142 1754 Deest
1161 1729 1249 1758 bullen
1268 1733 1370 1754 restant
1391 1730 1436 1754 fila
1451 1730 1564 1755 cannah.
1581 1730 1609 1754 In
1626 1730 1795 1754 membranae
1810 1734 1896 1755 rectae
1911 1734 1987 1763 parte
2002 1731 2126 1756 interiore
2141 1740 2147 1755 z

268 1783 281 1799 α
300 1775 330 1800 R.
350 1775 423 1800 Piae.
439 1782 461 1799 ».
478 1775 508 1799 ln
531 1774 686 1799 membrana
707 1782 802 1799 aversa
819 1782 825 1798 :
843 1783 855 1798 α
876 1774 1075 1799 Predicatorum
1089 1782 1112 1798 a.
1138 1774 1270 1799 Vidimus
1293 1775 1418 1799 officialis
1440 1775 1529 1798 curiae
1550 1775 1708 1799 Vesontinae
1728 1775 1849 1799 Decemb.
1870 1784 1912 1799 an.
1934 1776 2004 1804 1257,
2024 1776 2050 1800 in
2071 1776 2148 1800 Arch.

267 1820 370 1852 dep-rt.
386 1819 419 1844 do
433 1819 460 1843 la
473 1819 616 1844 GMe-d‘oi·
631 1818 736 1851 (Dijon),
753 1819 829 1843 fonds
844 1819 1033 1849 Dominstains,
1044 1818 1125 1843 nasse
1139 1819 1242 1851 930r(}1.
1259 1823 1288 1843 n⁰
1303 1820 1351 1850 53).
1366 1819 1433 1843 lbid.
1452 1819 1564 1844 Cartul.
1579 1820 1625 1844 des
1641 1819 1830 1849 Dominicains,
1849 1820 1879 1844 Η.
1896 1821 1950 1849 221,
1967 1821 2012 1844 tol.
2030 1821 2067 1845 73.
2084 1821 2148 1845 eod.

267 1864 408 1890 numnam.
420 1863 562 1888 Constitui.
578 1863 642 1888 Ord.
658 1864 763 1893 Prae-i„
779 1864 824 1888 fol.
841 1864 895 1888 256.
911 1863 1037 1892 Bulaeus,
1053 1864 1099 1893 lll,
1115 1863 1170 1888 344.

363 1948 387 1974 1.
402 1948 584 1973 Chri-uanum
597 1948 785 1973 Belvacensem
796 1948 853 1981 jam
868 1951 946 1973 antea
960 1949 1115 1972 mandatum
1133 1948 1243 1973 Parisiis
1259 1949 1449 1981 adimplevisse
1464 1948 1579 1973 vidimus
1595 1957 1678 1981 supra
1693 1954 1722 1973 η’)
1736 1950 1791 1974 ³17.
1808 1963 1836 1967 —
1852 1950 1875 1974 2.
1892 1949 1980 1982 Supra
1995 1954 2024 1973 n⁰
2039 1950 2095 1974 280.

270 2124 384 2163 321.
406 2132 575 2161 Alexander
594 2134 639 2160 JV
654 2133 882 2171 archiepiscopis
902 2137 930 2160 et
951 2133 1095 2170 episcopis
1118 2137 1146 2160 et
1167 2133 1334 2169 abbatiam,
1360 2138 1424 2169 etc„
1447 2137 1479 2160 ut
1498 2133 1672 2160 sententiam
1693 2135 1722 2161 in
1745 2134 1924 2161 Guillelmum
1945 2134 1980 2161 de
1997 2136 2024 2161 S.
2049 2136 2153 2162 Amore

360 2181 453 2210 latam
464 2181 647 2220 promulgent
661 2186 689 2209 et
701 2182 873 2210 servandam
889 2185 996 2209 cur-ent.

1475 2227 1551 2258 1267,
1568 2228 1686 2255 Octobris
1702 2228 1739 2258 13.
1757 2228 1865 2255 ritca-bit.

360 2300 568 2336 Alexander
600 2302 797 2348 episcopus
830 2313 960 2335 servus
991 2313 1181 2335 servorum
1213 2301 1279 2335 Dei
1310 2301 1584 2336 venerabilibus
1616 2302 1789 2336 fratribus
1821 2302 2003 2336 universis
2036 2302 2154 2336 archi-

273 2367 459 2414 episcopis
488 2374 525 2402 et
552 2367 737 2414 episcopis
765 2379 806 2402 ac
835 2367 980 2401 dilectis
1014 2366 1100 2402 filiis
1133 2366 1339 2410 abbatibus,
1375 2367 1576 2414 prioribus,
1610 2367 1950 2415 archipresbyteris,
1991 2369 2153 2411 decanis,

273 2433 540 2468 archidiaconis
560 2440 596 2468 et
614 2433 696 2468 aliis
714 2433 952 2468 ecclesiarum
974 2433 1137 2479 prelatis,
1154 2433 1198 2467 ad
1218 2446 1311 2480 quos
1331 2433 1452 2468 littere
1473 2434 1542 2468 iste
1563 2435 1798 2480 pervenerint
1818 2434 1969 2469 salutem
1993 2442 2028 2469 et
2047 2447 2155 2481 apos-

277 2500 418 2535 tolicam
441 2499 747 2534 benedictionem.
770 2500 862 2535 Cum
888 2506 1038 2546 propter
1064 2499 1286 2546 multiplices
1306 2499 1447 2546 culpas,
1467 2506 1532 2535 etc.
1553 2501 1647 2535 sicut
1670 2512 1781 2546 supra
1810 2509 1846 2534 n⁰
1870 2503 1949 2543 315,
1977 2513 2082 2548 usque
2109 2501 2157 2536 ad

275 2566 382 2602 verba
405 2579 416 2601 :
443 2566 574 2600 audeat
601 2566 803 2613 predicare.
833 2564 970 2601 Deinde
990 2578 1001 2600 :
1022 2566 1183 2612 Ideoque
1214 2566 1442 2600 universitati
1466 2573 1589 2600 vestre
1619 2567 1656 2600 in
1685 2566 1818 2601 virtute
1848 2567 2057 2602 obedientie
2092 2581 2157 2615 per

275 2632 475 2679 apostolica
501 2632 635 2679 scripta
662 2632 826 2667 districte
856 2632 1093 2679 precipiendo
1126 2631 1339 2667 mandamus
1369 2633 1540 2679 quatinus
1570 2633 1708 2680 singuli
1734 2641 1895 2668 vestrum
1927 2635 1971 2669 ad
2001 2635 2158 2681 requisi-

278 2699 412 2734 tionem
447 2698 664 2734 dilectorum
700 2698 858 2733 filiorum
889 2699 1039 2733 fratrum
1070 2698 1341 2733 predicatorum
1372 2699 1409 2733 in
1438 2699 1572 2734 vestris
1602 2699 1824 2743 civitatibus,
1851 2700 2063 2735 diocesibus
2092 2713 2157 2735 scu

279 2764 372 2799 locis
403 2765 485 2800 aliis
519 2766 833 2807 commorantium,
869 2777 934 2811 per
966 2777 1032 2800 vos
1067 2764 1125 2799 vel
1156 2777 1220 2811 per
1249 2765 1341 2800 alios
1372 2765 1408 2799 in
1439 2765 1607 2799 ecclesiis
1636 2766 1770 2801 vestris
1800 2774 1991 2813 presentes
2021 2767 2159 2801 litteras

278 2830 532 2878 sollempniter
566 2831 752 2878 publicare
793 2832 947 2874 curetis,
988 2831 1172 2867 universis
1207 2831 1344 2867 Christi
1379 2831 1552 2866 fidelibus
1586 2833 1718 2866 vestris
1753 2833 1911 2867 subditis
1949 2834 2160 2868 auctoritate

282 2908 405 2936 nostra
430 2901 500 2936 sub
521 2902 907 2937 excommunicationis
928 2915 1020 2949 pena
1040 2902 1244 2937 districtius
1264 2902 1488 2945 inhibentes,
1510 2914 1555 2936 ne
1576 2902 1711 2937 dictum
1733 2904 1974 2938 Guillermum
2001 2905 2159 2945 audiant,

281 2967 313 3003 si
347 2968 440 3003 forte
473 2969 770 3011 convocationes,
804 2969 1073 3011 conventicula,
1110 2969 1344 3015 parlamenta,
1378 2969 1594 3003 collationes
1627 2970 1760 3012 facere,
1794 2977 1854 3004 aut
1884 2971 2071 3016 predicare
2105 2971 2162 3004 vel

408 3026 505 3052 Chart-
525 3026 607 3052 Univ-
622 3027 718 3053 Parit.
736 3026 757 3052 1.
2009 3029 2037 3052 47
