2580 3528
450 376 511 408 144
1028 386 1351 408 CHARTULARIUM
1387 386 1577 408 umvsns.
1615 386 1744 408 asnis.
2230 376 2327 417 [1231

450 460 594 505 penitus
628 460 805 493 resecetis
841 466 879 492 ut
913 472 983 504 que
1019 466 1104 492 sunt
1137 466 1307 504 suspecta
1341 459 1492 493 remotis
1531 460 1783 493 incunctanter
1817 472 1856 494 ac
1891 460 2071 493 inoffense
2105 460 2143 493 in
2176 459 2330 505 reliquis

449 526 649 559 studeatur.
673 527 751 559 Dat.
774 526 940 559 Laterani
961 526 1035 571 viiij
1059 525 1129 558 kal.
1153 525 1251 567 Maii,
1274 525 1505 571 pontificatus
1527 527 1643 560 nostri
1664 539 1758 560 anno
1781 527 1921 572 quintO.

540 625 603 655 Reg.
621 625 677 647 Vnt.
695 624 817 656 Gregorii
833 625 865 648 lx
881 633 922 647 an.
940 627 962 652 5,
979 633 1020 656 op.
1038 626 1076 653 58,
1095 626 1138 649 sol.
1155 625 1210 648 90¹¹.
1227 638 1258 642 —-
1273 625 1395 648 Ham-sau
1411 624 1437 647 in
1453 625 1560 650 Notices
1572 629 1599 649 et
1611 625 1731 650 extraits
1743 627 1789 650 des
1803 632 1879 653 mss„
1896 626 1960 654 XXI,
1977 626 1999 654 2,
2015 634 2042 657 p.
2055 626 2108 649 222.

541 709 562 731 1.
579 709 607 731 ln
622 709 685 740 Reg.
702 709 745 732 hic
758 709 856 740 legitur
869 719 878 730 ι
892 709 981 732 Auteis
997 720 1017 738 ιι,
1030 717 1090 732 cum
1101 709 1165 732 alibi
1177 718 1188 732 «
1200 709 1280 733 Alteis
1292 717 1304 732 »
1315 709 1474 737 inveniatur,
1491 709 1547 732 scil.
1565 718 1606 732 an.
1620 711 1642 737 5,
1655 717 1715 741 epp.
1729 710 1759 732 39
1771 709 1862 741 (supra
1872 714 1902 732 n⁰
1917 710 1965 739 84),
1983 710 2020 733 57.
2034 710 2063 733 In
2075 709 2222 734 Obituario
2237 709 2328 732 eccles.

446 753 565 776 Ambian.
583 753 669 784 (Arch.
691 754 750 785 dep.
767 754 799 777 de
817 754 842 777 la
863 754 977 782 Summe,
994 754 1108 782 Amiens,
1127 754 1256 778 Ghartul.
1281 753 1327 782 VI,
1344 754 1374 778 G.
1391 754 1445 782 344,
1463 754 1507 777 sol.
1530 754 1584 786 147)
1606 754 1639 777 ad
1664 754 1719 785 xiiij
1745 754 1797 777 kal.
1816 754 1875 777 Dec.
1894 762 1899 777 :
1918 764 1927 775 ι
1945 754 2039 778 Obitus
2061 754 2183 785 magistri
2208 753 2330 785 Symonis

445 798 477 821 de
497 798 580 821 Alteia
595 798 645 821 viri
661 798 856 826 litteratissimi,
873 798 991 821 canonici
1012 798 1090 830 hujus
1111 798 1220 822 ecclesie
1236 809 1256 826 ι,
1272 802 1320 822 etc.
1338 798 1405 823 Prid.
1423 799 1475 821 kal.
1493 799 1568 822 Mart.
1588 798 1669 821 fiebat
1687 809 1694 819 ι
1713 798 1928 822 commemoratio
1946 799 2031 830 patris
2052 802 2077 822 et
2095 799 2188 822 matris
2209 798 2331 830 magistri

446 842 568 874 Symonis
584 843 615 866 de
631 843 714 866 Alteio
731 853 751 866 ι.
769 843 835 866 Ibid.
855 844 899 866 fol.
917 843 970 866 122.
987 857 1018 860 —
1033 844 1055 866 2.
1074 843 1207 874 Stephano
1223 843 1254 866 de
1270 843 1384 866 Pruvino
1400 843 1511 866 Michael
1530 843 1634 866 Scottus
1650 843 1713 866 olim
1730 851 1805 866 suam
1821 843 2022 866 translationem
2038 843 2168 866 librorum
2183 843 2331 866 Aristotelis

446 888 485 911 De
500 887 573 912 coelo
590 891 616 912 et
632 889 739 912 mundo
757 888 897 916 dedicavit,
912 891 940 911 ut
954 896 977 911 v.
991 896 1017 919 g.
1034 887 1141 919 legitur.
1159 887 1222 910 Cod.
1239 888 1360 918 Amplon.
1384 888 1449 915 Fol.,
1466 895 1515 910 ms.
1533 887 1587 915 351,
1605 888 1649 910 sol.
1667 888 1728 915 195;
1745 887 1814 911 Bibl.
1831 890 1884 910 nat.
1900 887 1996 916 Paris.,
2009 896 2058 911 ms.
2076 888 2121 911 lat.
2137 887 2222 915 16156,
2239 887 2284 911 l'ol.
2295 888 2310 910 3
2324 895 2330 911 ε

449 943 455 952 ι
472 931 531 955 Tibi
544 932 676 963 Stephane
692 933 724 955 de
739 932 871 955 Prouvino
887 933 936 955 hoc
951 941 1027 963 opus,
1045 932 1114 963 quod
1130 940 1178 963 ego
1195 931 1305 955 Michael
1321 932 1415 955 Scotus
1431 932 1491 955 dedi
1509 931 1633 955 latinitati
1653 940 1684 955 ex
1701 932 1778 955 dictis
1799 932 1958 960 Aristotelis,
1973 932 2124 963 specialiter
2139 932 2292 955 commendo
2310 942 2330 955 ι.

446 976 484 1000 Cf.
507 977 535 999 Α.
561 977 698 1005 Jourdain,
721 977 893 1001 Recherches
915 977 1047 1008 critiques
1066 983 1120 1000 sur
1145 977 1215 1007 l'dye
1239 980 1265 1000 et
1286 976 1415 1007 l’oriyine
1439 978 1485 1001 des
1510 976 1688 1001 traductions
1710 976 1813 1001 latines
1831 975 1991 1005 d'Aristote,
2012 985 2091 1000 nouv.
2111 976 2162 1004 ed„
2181 984 2207 1007 p.
2229 976 2282 999 127.
2302 976 2332 999 In

445 1021 606 1051 Necroloyco
626 1022 719 1046 eccles.
737 1022 865 1046 Remens.
886 1021 1019 1044 invonitur
1039 1022 1071 1044 ad
1087 1021 1111 1052 vj
1134 1021 1185 1044 kal.
1208 1021 1290 1052 April.
1309 1029 1314 1044 :
1339 1031 1347 1041 ι
1372 1021 1445 1044 Obiit
1464 1021 1591 1052 magister
1614 1021 1763 1052 Stephanus
1786 1021 1818 1044 de
1838 1020 1962 1050 Pruvino,
1985 1021 2187 1044 archidiaconus
2206 1020 2291 1044 Paris.
2310 1031 2330 1043 ι.

446 1066 535 1093 Yarin,
560 1067 693 1091 Archives
714 1066 832 1096 le‘yislac.
853 1068 886 1090 de
905 1066 933 1090 la
955 1066 1020 1090 ville
1041 1067 1074 1089 de
1089 1065 1193 1094 Reims,
1209 1067 1233 1088 2ο
1248 1069 1328 1097 part.,
1343 1069 1448 1093 statutS,
1463 1066 1499 1088 12¹·
1512 1066 1574 1094 vol„
1590 1074 1617 1097 p.
1635 1066 1672 1094 74,
1690 1069 1760 1093 nota,
1777 1068 1802 1088 et
1817 1074 1843 1096 p.
1861 1066 1899 1088 63.
1916 1065 1980 1088 Vide
1993 1068 2131 1097 praeterea
2146 1065 2332 1088 documentum

446 1111 507 1133 anni
524 1111 593 1138 1241,
611 1110 699 1138 varin.
712 1111 797 1134 Arch.
809 1111 974 1135 administr.
990 1111 1024 1134 de
1039 1110 1066 1134 la
1079 1110 1145 1134 ville
1159 1111 1192 1134 de
1203 1109 1307 1138 Reims,
1325 1110 1344 1137 Ι,
1363 1111 1420 1133 645.

448 1260 526 1297 88
554 1270 705 1304 Gregorius
726 1270 770 1294 IX
785 1268 825 1294 ad
843 1268 1021 1294 Guillelmum
1039 1269 1204 1304 episcopum
1219 1269 1423 1303 Parisiensem‚
1443 1272 1474 1294 ut
1487 1277 1555 1294 suos
1571 1268 1698 1294 homines
1711 1277 1765 1305 pro
1778 1277 1854 1304 pace
1869 1277 1904 1294 ac
1919 1269 2077 1294 securitate
2096 1267 2273 1294 scholarium
2293 1268 2335 1294 ad

538 1328 572 1345 ea
589 1319 775 1353 constringat,
794 1318 834 1343 ad
850 1326 924 1353 quae
940 1318 1013 1343 cives
1028 1318 1211 1344 Parisienses
1223 1326 1278 1354 per
1292 1317 1390 1352 regale
1402 1317 1584 1354 privilegium
1599 1321 1666 1343 sunt
1680 1318 1803 1343 astricti.

1665 1407 1735 1437 1231,
1750 1407 1842 1440 Aprilis
1855 1407 1900 1437 24,
1917 1407 2045 1433 Laterani.

538 1483 744 1528 Gregorius
779 1482 976 1527 episcopus
1016 1494 1145 1515 servus
1180 1493 1370 1515 servorum
1410 1481 1476 1514 Dei
1511 1481 1712 1515 venerabili
1746 1481 1847 1514 fratri
1863 1508 1884 1514 ..
1921 1481 2095 1526 episcopo
2135 1481 2334 1514 Parisiensi

449 1550 603 1583 salutem
625 1556 661 1582 et
687 1549 921 1594 apostolicam
948 1548 1256 1582 benedictionem.
1280 1549 1370 1582 Cum
1393 1560 1466 1581 non
1493 1548 1687 1581 deterioris
1714 1548 1779 1581 sed
1801 1548 1964 1581 melioris
1990 1548 2213 1581 conditionis
2235 1547 2334 1593 apud

450 1624 483 1650 te
504 1629 543 1650 ac
564 1616 732 1649 homines
754 1623 849 1655 tuos,
868 1628 973 1661 quam
995 1615 1090 1661 apud
1110 1615 1201 1649 alios
1222 1615 1430 1661 burgenses
1450 1615 1606 1648 civitatis
1627 1615 1860 1656 Parisiensis7
1882 1614 2039 1648 debeant
2055 1626 2138 1648 esse
2159 1614 2334 1656 scolares,

449 1684 710 1717 fraternitatem
737 1690 830 1716 tuam
861 1694 1052 1715 monemus
1079 1689 1214 1715 attente
1240 1694 1305 1727 per
1325 1682 1524 1727 apostolica
1545 1682 1611 1715 tibi
1632 1682 1765 1727 scripta
1787 1682 1951 1715 districte
1973 1681 2210 1727 precipiendo
2236 1693 2336 1714 man-

450 1751 592 1792 dantes,
615 1750 786 1795 quatinus
813 1749 982 1782 homines
1008 1756 1103 1790 tuos,
1132 1761 1224 1794 quos
1251 1748 1364 1782 habes
1390 1749 1428 1781 in
1454 1749 1621 1782 districtu
1647 1749 1802 1782 civitatis
1830 1748 2064 1790 Parisiensis,
2091 1760 2156 1794 pro
2182 1759 2270 1793 pace
2295 1759 2335 1781 ac

451 1818 645 1851 securitate
677 1816 871 1850 scolarium
894 1816 937 1849 ad
964 1816 1024 1849 illa
1053 1816 1299 1861 constringas„
1321 1816 1365 1849 ad
1387 1828 1457 1861 que
1485 1816 1584 1849 cives
1605 1815 1833 1848 Parisienses
1859 1827 1924 1860 per
1953 1815 2075 1860 regale
2102 1814 2335 1860 privilegium

452 1891 538 1917 sunt
571 1884 721 1925 astricti,
754 1884 959 1916 mandatum
996 1890 1161 1916 nostrum
1197 1883 1315 1916 taliter
1349 1883 1586 1928 impleturus,
1617 1882 1715 1928 quod
1750 1882 1889 1915 eisdem
1917 1881 2122 1915 scolaribus
2157 1894 2231 1915 non
2265 1888 2335 1914 tam

453 1951 671 1984 necessitate
700 1963 805 1995 quam
831 1950 1016 1983 voluntate
1044 1949 1222 1982 exhibens
1253 1957 1285 1982 te
1313 1949 1547 1983 favorabilem
1576 1956 1611 1982 et
1636 1949 1836 1994 benignum
1863 1949 1986 1982 divine
2013 1960 2052 1981 ac
2074 1955 2199 1981 nostre
2220 1948 2336 1994 gratie

455 2025 487 2051 te
509 2018 640 2050 reddas
662 2018 791 2050 merito
812 2017 1001 2062 aptiorem.
1026 2018 1103 2049 Dat.
1128 2017 1293 2049 Laterani
1314 2017 1374 2061 viij
1398 2016 1467 2049 kal.
1490 2016 1587 2057 Maii,
1611 2015 1842 2061 pontificatus
1863 2015 1981 2048 nostri
2003 2027 2098 2048 anno
2120 2015 2260 2060 quinto.

547 2116 683 2148 Originalc
703 2116 729 2138 in
748 2115 823 2139 Arch.
851 2119 903 2138 nat.
921 2115 1004 2138 Paris.
1028 2115 1055 2138 L.
1078 2116 1131 2143 242,
1153 2119 1182 2138 n⁰
1201 2116 1238 2138 80.
1261 2115 1337 2138 Bulla
1357 2115 1483 2146 plumbea
1502 2115 1554 2138 filis
1574 2114 1684 2137 cannah.
1707 2114 1874 2145 appenditur.
1898 2114 1927 2137 In
1949 2113 2068 2145 margine
2089 2113 2221 2145 superiori
2239 2112 2338 2144 leg-itur

453 2162 604 2184 charactere
619 2160 792 2183 cancellariae
807 2160 895 2183 curiae
916 2160 1047 2183 Romanae
1065 2160 1183 2191 ejusdem
1199 2159 1325 2190 temporis
1342 2167 1347 2182 ·.
1369 2170 1377 2179 ι
1394 2159 1526 2182 scribatur
1542 2159 1686 2182 secundum
1702 2158 1782 2182 istum
1800 2161 1917 2182 tenorem
1938 2157 2030 2181 abbati
2053 2157 2142 2181 Sancti
2161 2157 2286 2182 Germani
2305 2157 2338 2181 de

454 2206 539 2229 Pratis
565 2205 692 2229 Parisien.
714 2213 737 2231 »2
766 2216 773 2224 ι
797 2204 881 2227 sancti
901 2204 1025 2228 Germani
1050 2204 1081 2227 de
1105 2204 1191 2227 Pratis
1211 2204 1338 2227 Pnrisien.
1363 2215 1370 2224 ι
1396 2211 1476 2235 super
1498 2211 1628 2226 rasuram.
1655 2203 1691 2226 Ex
1717 2206 1793 2234 parte
1815 2202 1946 2226 sinistra:
1968 2213 1976 2223 ι
1995 2203 2066 2234 Sym.
2089 2202 2117 2226 R.
2144 2213 2164 2225 ι.
2191 2202 2220 2225 In
2244 2209 2338 2225 avenn

453 2250 607 2273 membrana
622 2250 736 2281 legitur:
753 2260 761 2269 ι
777 2249 898 2280 magistri
912 2248 1051 2272 Alexandri
1066 2259 1084 2271 ι.
1098 2248 1249 2272 Pertinebat
1263 2248 1296 2271 ad
1313 2248 1416 2271 Archiv.
1430 2248 1625 2272 Universitatis.
1637 2261 1669 2265 —
1679 2247 1741 2271 Cod.
1759 2247 1816 2270 vat.
1834 2248 1896 2278 Reg.
1913 2248 1968 2276 406,
1984 2247 2028 2270 rol.
2046 2246 2101 2270 10¹³.
2118 2246 2187 2270 Bibl.
2205 2245 2338 2278 Phillipps

453 2295 479 2318 in
500 2294 680 2322 Choltenhnm,
698 2303 745 2317 ms.
759 2295 813 2321 876,
828 2294 871 2317 sol.
888 2294 924 2316 11,
942 2293 1066 2322 Bulaeus,
1083 2293 1128 2319 ΠΙ,
1147 2293 1200 2316 1114.

456 2431 534 2468 89,
562 2440 712 2474 Gregorius
738 2441 781 2465 IX
803 2439 912 2465 decano
939 2439 1139 2464 Suessionensi
1163 2442 1191 2464 et
1214 2447 1288 2473 mag.
1317 2439 1425 2464 Simoni
1450 2438 1485 2464 de
1509 2438 1602 2464 Alteis
1631 2437 1753 2464 mandat
1781 2441 1811 2463 ut
1839 2438 1945 2463 artium
1971 2440 1999 2463 et
2024 2436 2163 2473 physicae
2184 2435 2338 2470 facultatis

546 2490 701 2523 magistris,
734 2489 783 2524 qui
807 2489 835 2514 in
860 2488 1061 2523 Andegavensi
1085 2491 1111 2513 et
1135 2487 1340 2514 Aurelianensi
1373 2488 1487 2513 civitate
1512 2487 1630 2513 licentia
1661 2487 1778 2513 obtenta
1810 2489 1946 2512 rexerunt
1974 2489 2002 2512 et
2035 2489 2103 2512 ante
2132 2484 2337 2511 discessionem

546 2538 670 2563 Parisiis
687 2538 849 2563 examinati
864 2541 955 2571 erant,
974 2537 1063 2563 libere
1078 2536 1196 2571 regendi
1211 2537 1336 2562 Parisiis
1351 2536 1419 2562 dent
1433 2536 1614 2571 facultatem.

1725 2585 1794 2615 1231,
1810 2585 1872 2611 Maii
1883 2585 1908 2614 5,
1924 2583 2050 2610 Laterani.

550 2688 570 2694 ..
595 2663 739 2694 Decano
776 2661 1037 2694 Suessionensi
1067 2667 1103 2694 et
1129 2661 1302 2706 magistro
1339 2661 1487 2706 Symoni
1522 2661 1566 2693 de
1601 2660 1717 2693 Alteis
1752 2659 1928 2692 canonico
1962 2657 2214 2691 Ambianensi.
2246 2657 2337 2690 Cum

457 2729 553 2762 sicut
582 2727 688 2761 nobis
715 2734 771 2760 est
798 2740 863 2773 pro
889 2734 988 2760 certo
1018 2727 1169 2759 relatum
1200 2727 1364 2772 magistri
1392 2727 1520 2759 artium
1551 2733 1587 2759 et
1615 2726 1772 2771 pliisice¹
1800 2725 1993 2766 facultatis,
2020 2724 2081 2769 qui
2107 2724 2143 2757 in
2168 2723 2339 2769 Andega-

457 2795 561 2829 vensi
582 2794 639 2828 vel
660 2794 935 2827 Aurelianensi³
952 2793 1094 2827 civitate
1115 2793 1260 2826 licentia
1281 2792 1427 2826 obtenta
1449 2799 1633 2834 rexerunt,
1652 2793 1753 2838 prius
1774 2804 1792 2825 a
1814 2791 1958 2825 dilectis
1979 2791 2102 2824 filiis..
2121 2790 2338 2823 cancellario

459 2862 657 2895 Parisiensi
678 2861 771 2895 vel..
790 2860 918 2894 abbate
941 2860 1069 2893 Sancte
1090 2860 1277 2893 Genovese
1298 2866 1358 2892 aut
1377 2871 1395 2892 a
1416 2859 1602 2904 magistris
1623 2858 1865 2892 discessionis
1885 2859 2049 2903 temp'ore
2065 2858 2167 2902 juxta
2187 2857 2337 2890 sormam

458 2940 475 2962 a
498 2928 631 2961 dilecto
660 2927 735 2961 filio
762 2934 888 2961 nostro
915 2928 955 2960 R.
984 2926 1103 2960 Sancti
1127 2926 1258 2971 Angeli
1283 2926 1436 2959 diacono
1461 2925 1635 2959 cardinali
1661 2925 1854 2958 Portuensi
1875 2924 2006 2967 electo,
2032 2931 2116 2957 tunc
2138 2923 2338 2969 apostolice

2573 3083 2580 3098 μ.
2578 3071 2580 3074 .
2570 2803 2580 3064 .1..¹..m0m;--.a—.fflffl.a
2573 2761 2580 2796 Aa„

2568 3353 2580 3528 &ma-amnuo„
2572 3310 2580 3329 ¹..
2574 3243 2580 3281 ,δν
2579 3209 2580 3212 Α
