2580 3528
238 421 346 464 1255]
578 430 626 453 ΑΒ
659 430 766 453 Anno
800 429 879 455 uec
912 429 1045 459 usqua
1078 430 1127 452 AD
1162 430 1391 452 rmnrmm
1426 431 1465 453 1v
1500 431 1589 454 nac..
1626 431 1762 454 manc.
2044 424 2108 458 297

235 505 331 529 Amore
343 504 486 538 burgundo
499 512 568 528 anno
582 504 657 528 Dom.
669 503 779 530 MCCLV
789 512 811 528 ν.
823 504 920 528 Contra
935 503 1034 527 librum
1047 503 1182 528 Guillelmi
1198 507 1223 527 et
1237 503 1293 536 ejus
1308 512 1434 536 sequaces
1445 504 1559 528 directae
1574 507 1636 528 sunt
1650 504 1846 536 Disputationes
1860 506 1886 529 S.
1901 506 2108 534 Bonavcnturae.

234 550 278 574 De
292 551 466 581 paupertate
485 547 597 578 Christi,
618 549 645 573 S.
666 548 791 577 Thomas,
814 549 912 580 opusc.
929 552 1028 573 contra
1046 548 1251 579 impugnantes
1271 548 1324 572 Dei
1343 548 1464 576 cultum,
1484 551 1509 572 et
1527 549 1596 572 liber
1610 548 1749 580 cujusdam
1769 549 1887 580 religiosi
1902 550 1959 573 ord.
1976 550 2049 579 Min„
2065 551 2110 583 qui

235 593 330 626 incipit
343 601 350 618 z
366 593 475 618 Manus
489 600 545 625 que
557 597 659 618 eonem
672 593 897 624 omnipotentem
909 593 1045 622 tenditur,
1061 593 1094 616 de
1111 601 1163 625 quo
1177 592 1247 616 ina-a
1261 597 1291 616 ιιθ
1305 593 1359 617 367.
1374 606 1408 611 -
1421 594 1443 617 7.
1460 593 1489 617 ln
1509 593 1572 625 Reg.
1586 593 1643 617 Vnt.
1660 593 1800 617 Alexandri
1816 594 1850 617 lv
1868 602 1910 617 un.
1925 595 1949 622 4,
1966 603 2006 626 ep.
2023 596 2062 622 49,
2078 596 2111 619 ad

234 637 263 662 ³1
278 638 338 662 Jau.
354 638 416 662 1257
430 637 528 662 mentio
542 637 573 662 fit
587 645 658 669 mag.
674 637 796 670 Gregorii
811 637 844 661 de
858 637 885 661 S.
902 637 1052 666 Laurentio,
1068 637 1224 661 subdiaconi
1243 640 1269 661 et
1290 636 1421 669 capellani
1440 645 1544 669 papae;
1569 646 1612 669 ep.
1635 638 1665 661 53
1687 645 1693 661 ι
1715 646 1785 669 mag.
1811 637 1932 669 Gregorii
1951 639 1983 662 de
2002 639 2111 671 Neapoli

234 681 366 714 capellani
381 682 421 712 (20
439 681 562 707 Decemb.
577 681 661 714 ejusd.
678 683 741 712 am).
756 695 789 700 -
802 682 826 706 8.
842 681 897 705 Hoc
910 681 1016 706 veritati
1034 689 1087 705 non
1102 681 1208 705 omnino
1224 682 1374 705 concordat.
1396 681 1484 706 Abbas
1504 681 1624 706 Joachim
1644 681 1670 705 in
1693 690 1741 705 sua
1762 682 1918 707 Concordia
1934 685 1984 707 vet.
2002 687 2028 707 et
2044 684 2113 708 novi

234 726 395 752 ammenta·
409 727 445 758 (et
457 727 530 750 solus
545 726 588 750 bic
604 726 682 756 liber,
697 733 758 750 cum
772 726 966 750 lntroductorio
982 726 1072 750 fratris
1088 726 1208 755 Gerardi,
1225 726 1276 750 isto
1291 729 1410 758 tempore
1425 726 1566 751 Guillelmo
1581 730 1658 750 notus
1673 728 1739 756 erat)
1755 726 1819 750 dicit
1833 735 1846 750 e
1864 726 1995 750 contrario
2011 735 2018 751 ·.
2035 735 2047 750 α
2061 735 2112 751 non

234 770 326 803 igitur,
342 771 412 804 quod
427 770 507 801 absit,
522 770 626 795 deficiet
640 769 752 795 ecclesia
765 769 846 799 Petri,
862 779 912 803 que
926 774 968 795 est
981 771 1092 794 thronus
1108 770 1236 794 Christi...
1259 771 1305 794 sed
1325 774 1486 794 commutata
1505 770 1531 794 in
1550 770 1677 803 majorem
1697 770 1810 802 gloriam
1830 771 1947 794 manebit
1966 770 2069 795 stabilis
2085 771 2111 795 in

234 817 354 840 eternum
368 823 392 840 s.
406 815 455 840 Ed.
473 815 562 840 Venet.
579 815 650 844 151⁹,
666 815 712 841 fol.
726 815 784 840 95¹³.
799 815 835 840 De
850 823 930 840 sensu
943 815 1023 847 hujus
1038 815 1184 839 sententiae
1198 815 1258 840 vide
1273 815 1378 840 Archiv
1394 817 1415 846 f.
1431 815 1606 840 Litteratur-
1620 816 1684 840 und
1697 815 1926 846 Kirchenqesch„
1942 816 1962 844 Ι,
1978 817 2017 839 56.

236 941 349 980 257.
371 949 615 978 Alexander-'JV
631 950 793 986 Reginaldo
822 952 956 988 episcopo
984 951 1148 978 Parisiensi
1176 951 1306 987 mandat,
1334 955 1365 978 ut
1386 950 1627 978 Introductorium
1651 951 1681 977 in
1705 950 1891 986 Evangelium
1914 954 2062 978 aeternum
2086 955 2113 978 et

325 1000 470 1037 quasdam
483 999 640 1027 schedulas
655 999 768 1027 aboleri
782 1004 870 1027 cur-et.

1407 1041 1479 1071 1265.
1497 1040 1615 1067 Octobris
1629 1042 1675 1071 23,
1690 1040 1825 1074 Anagniae.

325 1110 533 1144 Alexander
575 1110 771 1156 episcopus
813 1122 943 1144 servus
987 1110 1176 1144 sei-vorum
1216 1110 1284 1144 Dei
1320 1110 1522 1144 venerabili
1560 1111 1660 1144 fratri
1700 1110 1874 1156 episcopo
1912 1110 2113 1144 parisiensi

237 1177 391 1211 salutem
421 1183 458 1211 et
484 1176 720 1223 apostolicam
750 1176 1057 1211 benedictionem.
1088 1176 1269 1210 Libellum
1300 1177 1494 1222 quendam,
1526 1177 1588 1222 qui
1613 1177 1651 1210 in
1675 1177 1912 1223 Evangelium
1936 1177 2113 1211 Eternum

237 1255 304 1278 seu
324 1243 502 1290 quosdam
528 1243 645 1277 libros
671 1243 813 1278 abbatis
837 1243 998 1278 Joachim
1019 1235 1332 1278 Irztroduct0r1·us¹
1353 1243 1553 1286 dicebatur,
1575 1250 1611 1278 et
1634 1256 1741 1289 quem
1766 1243 1827 1277 sel.
1850 1243 2114 1277 recordationis

238 1311 280 1344 1.¹
299 1322 391 1357 pape
411 1310 668 1356 predecessori
687 1316 815 1344 nostro
836 1310 981 1350 misisti,
1003 1316 1196 1355 postquam
1218 1309 1319 1343 illum
1341 1321 1407 1355 per
1421 1309 1651 1344 venerabiles
1671 1310 1801 1343 fratres
1817 1309 2062 1343 Tusculanum
2079 1316 2114 1343 et

237 1376 492 1429 lJenestrinum
520 1376 730 1422 episcopos,
757 1382 794 1409 et
819 1375 991 1409 dilectum
1017 1375 1133 1410 filium
1161 1382 1326 1409 nostrum
1354 1377 1397 1409 H.
1424 1375 1518 1409 tituli
1546 1377 1675 1410 Sancte
1703 1375 1835 1410 Sabine
1860 1375 2112 1422 presbyterum

238 1446 471 1487 cardinalem,
510 1446 708 1493 diligenter
741 1446 937 1480 examinari
971 1446 1153 1487 fecimus³,
1186 1446 1231 1479 de
1264 1446 1413 1479 fratrum
1449 1453 1658 1480 nostrorum
1694 1446 1849 1480 consilio
1884 1446 2114 1480 decrevimus

237 1513 488 1548 abolendum&
523 1514 568 1546 Et
595 1513 679 1558 quia
708 1513 862 1559 quedam
893 1512 1023 1546 cedule
1059 1512 1247 1558 plerisque
1281 1513 1430 1546 suerunt
1463 1512 1635 1554 exhibite,
1671 1513 1708 1546 in
1742 1524 1893 1558 quarum
1927 1512 2116 1546 nonnullis

237 1579 362 1623 multa,
391 1591 462 1626 que
489 1579 527 1613 in
553 1578 681 1613 libello
708 1591 783 1613 non
810 1578 1091 1613 continebantur
1116 1579 1258 1621 eodem,
1281 1579 1450 1624 nequiter
1477 1578 1548 1612 sibi
1575 1579 1755 1625 adscripta
1778 1580 1893 1612 fuisse
1915 1579 2114 1621 dicuntur⁵,

237 1646 450 1681 censuimus
471 1645 516 1680 de
536 1645 628 1692 ipsis
649 1645 792 1680 cedulis
811 1645 904 1679 illud
924 1645 1033 1679 idem.
1056 1645 1219 1691 Ideoque
1239 1645 1453 1679 fraternitati
1474 1652 1535 1679 tue
1555 1657 1621 1691 per
1639 1645 1838 1691 apostolica
1863 1645 1996 1691 scripta
2016 1657 2116 1678 man-

237 1712 381 1756 damus,
411 1712 583 1758 quatinus
611 1711 778 1746 libellum
811 1711 931 1758 ipsum
959 1718 996 1745 et
1020 1723 1148 1745 omnes
1177 1711 1326 1745 cedulas
1357 1711 1584 1757 supradictas
1613 1712 1824 1745 auctoritate
1854 1718 1978 1745 nostra
2007 1711 2116 1745 facias

238 1778 392 1820 aboleri,
421 1778 631 1825 generalem
661 1778 1048 1812 excommunicationis
1078 1778 1295 1812 sententiam
1325 1778 1517 1825 proferens
1544 1778 1582 1811 in
1607 1790 1735 1812 omnes
1764 1778 1920 1811 eundem
1951 1777 2114 1811 libellum

239 1852 276 1880 et
293 1845 443 1880 cedulae
467 1845 566 1892 ipsas
591 1844 782 1888 habentes,
808 1845 880 1879 nisi
900 1845 992 1878 infra
1016 1851 1155 1879 certum
1181 1843 1390 1887 terminum,
1412 1857 1520 1890 quem
1540 1845 1585 1878 ad
1609 1844 1678 1878 hoc
1698 1844 1902 1891 prefixeris,
1923 1844 1983 1878 illa
2005 1844 2117 1878 duxe-

239 1912 314 1946 rint
332 1912 478 1959 penitus
504 1911 698 1954 abolenda,
724 1911 892 1946 faciendo
920 1911 1072 1945 eandem
1100 1911 1317 1946 sententiam
1345 1911 1383 1945 in
1409 1911 1515 1953 locis,
1542 1911 1579 1945 in
1607 1911 1740 1957 quibus
1768 1911 1940 1957 expedire
1964 1911 2114 1953 videris,

239 1978 481 2026 solempniter
501 1978 694 2025 publicari.
714 1979 795 2012 Dat.
816 1979 984 2024 Anagnie
1003 1990 1026 2012 x
1046 1978 1116 2012 kal.
1138 1977 1369 2020 Novembris,
1392 1978 1623 2024 pontificatus
1643 1978 1759 2012 nostri
1780 1990 1874 2011 anno
1895 1978 2024 2023 primo.

330 2071 476 2104 monum
489 2072 621 2098 Charita-
633 2072 699 2098 ecel.
711 2071 808 2098 Paris.
823 2071 850 2096 in
865 2071 942 2096 Arcb.
958 2074 1012 2096 nat.
1029 2071 1114 2097 Paris.
1130 2071 1179 2096 LL.
1196 2073 1251 2101 18³,
1266 2073 1311 2096 sot.
1328 2071 1399 2095 189³,
1415 2084 1446 2090 —
1461 2071 1586 2100 Bulaeus,
1602 2071 1649 2102 111,
1664 2072 1718 2095 292,

331 2143 356 2168 1.
373 2142 564 2175 annoelt‘um
579 2146 728 2168 aeternum
743 2151 794 2167 non
811 2142 861 2167 suit
874 2142 943 2167 liber
957 2142 1065 2175 quidam
1081 2142 1130 2166 suh
1145 2142 1194 2166 hoc
1213 2141 1290 2166 titulo
1312 2141 1408 2171 editus,
1429 2142 1474 2166 sed
1495 2143 1527 2166 fr.
1542 2142 1676 2174 Gerardus
1691 2142 1723 2166 de
1738 2141 1824 2174 Boi-go
1840 2142 1892 2165 San
1907 2141 2035 2170 Donnino,
2051 2141 2114 2166 ord.

239 2187 312 2216 Uin..
328 2190 382 2211 tres
395 2186 480 2211 libros
495 2187 530 2211 ab
544 2187 640 2211 abbate
654 2186 775 2211 :oachim
789 2187 950 2219 compositos
966 2187 1005 2211 sic
1019 2186 1174 2216 nominavit,
1190 2186 1236 2219 qui
1252 2188 1373 2211 fuerunt:
1388 2187 1545 2212 Concordia
1559 2187 1626 2211 novi
1639 2193 1672 2211 ac
1684 2190 1732 2211 vet.
1748 2187 1916 2214 testamenti,
1932 2185 2115 2217 Apocalypsis

238 2238 324 2261 nova,
347 2234 374 2255 ot
397 2231 571 2256 psalterium
594 2232 687 2256 decem
706 2231 888 2260 chordarum,
911 2239 1024 2264 quorum
1042 2231 1136 2255 saltem
1155 2231 1271 2263 primum
1291 2231 1425 2255 Gerardus
1445 2239 1513 2254 anno
1533 2231 1594 2254 1254
1615 2239 1674 2254 cum
1694 2230 1791 2262 glossis
1811 2230 1843 2254 de
1858 2238 1925 2254 novo
1940 2229 2023 2253 edidit
2042 2229 2113 2261 (Cod,

241 2275 371 2308 Burgbes.
388 2275 434 2299 1⁹0
449 2274 526 2299 offert
541 2275 726 2301 Concordiam
736 2283 795 2299 eam
806 2275 940 2308 aliquibus
956 2275 1054 2308 glossis
1064 2275 1185 2305 Germ-di)
1198 2283 1204 2304 ς
1221 2275 1330 2307 insuper
1344 2278 1432 2299 tamen
1447 2275 1565 2300 Librum
1580 2274 1820 2300 introductoriam
1836 2274 1886 2297 huc
1901 2282 1984 2306 usquo
1999 2274 2115 2297 nondum

240 2323 375 2353 repertum
393 2319 427 2344 ad
446 2319 512 2343 istos
530 2319 614 2344 libros
633 2319 750 2352 scripsit.
771 2319 845 2344 Sicut
862 2320 915 2344 duo
934 2323 1019 2344 status
1034 2320 1135 2348 mundi,
1152 2328 1188 2343 sc.
1205 2322 1279 2343 vetus
1295 2322 1320 2343 et
1334 2327 1432 2343 novum
1446 2322 1641 2347 testamentum,
1657 2319 1755 2342 babent
1769 2326 1871 2342 sacram
1892 2318 2061 2350 scripturam,
2077 2318 2115 2341 sic

240 2367 347 2389 auctore
363 2363 482 2389 Gen-udo
500 2363 594 2388 tertius
613 2363 693 2388 etiam
715 2366 800 2388 status
819 2363 920 2393 mnndi,
940 2372 976 2388 sc.
998 2366 1083 2388 status
1103 2363 1218 2396 Spiritus
1239 2363 1328 2387 Sancti
1348 2372 1394 2387 seu
1414 2363 1551 2395 Evangelii
1570 2362 1679 2392 aeterni,
1695 2362 1739 2394 qui
1755 2370 1815 2386 cum
1834 2370 1902 2385 anno
1923 2362 1983 2385 1260
2003 2361 2116 2386 debebat

243 2409 370 2441 incipere,
384 2407 505 2440 possidet
519 2407 680 2440 scripturam
695 2415 807 2438 sacram,
823 2415 860 2432 sc.
871 2411 926 2432 tres
935 2407 1085 2440 praedictos
1098 2407 1181 2432 libros
1196 2401 1257 2431 abb.
1269 2407 1398 2432 Joacbim.
1409 2407 1474 2431 Vide
1489 2405 1596 2432 Archiv
1609 2408 1629 2438 f.
1646 2407 1816 2432 litteratur-
1823 2407 1886 2431 und
1900 2406 2114 2437 Kirchenqeseh.

242 2454 290 2478 des
304 2452 489 2482 Mittelalterae,
506 2452 526 2481 l,
542 2453 572 2476 57
587 2460 647 2484 sqq.
662 2451 827 2484 Quandoque
846 2454 934 2476 tamen
948 2452 1018 2476 docti
1038 2451 1115 2476 istius
1130 2452 1223 2476 aetatis
1241 2452 1327 2475 solum
1346 2451 1601 2479 Introductorium,
1615 2451 1771 2483 quandoque
1786 2450 2034 2475 Introductorium
2055 2458 2115 2474 cum

242 2496 398 2523 Concordia
419 2497 488 2522 novi
506 2500 530 2521 ct
553 2500 606 2522 vet.
628 2496 792 2525 testamenti,
813 2499 843 2520 ut
862 2496 995 2528 magistri,
1015 2496 1060 2528 qui
1079 2504 1183 2520 errore-s
1203 2498 1390 2527 excerpserunt
1409 2497 1500 2527 (supra
1520 2499 1549 2518 n⁰
1568 2495 1631 2527 2¹13),
1654 2494 1811 2527 quandoque
1828 2494 1974 2518 doctrinam
1995 2494 2115 2518 Jonchim

240 2541 414 2573 Evangelium
434 2543 569 2565 aeternnm
593 2540 731 2570 vocabant,
747 2548 808 2564 cum
823 2543 912 2565 tamen
927 2540 985 2573 ipse
1000 2540 1121 2564 Joacbim
1139 2539 1189 2564 sub
1207 2539 1258 2564 isto
1278 2548 1330 2563 non
1349 2539 1491 2571 quamdam
1507 2539 1676 2571 scripturam,
1692 2539 1738 2563 sed
1753 2538 1919 2571 spiritualem
1938 2538 2115 2563 substantiam

242 2588 269 2610 et
287 2584 449 2610 intellectum
465 2584 602 2618 Evangelii
618 2584 726 2614 Christi,
746 2585 816 2617 qnod
832 2584 859 2609 in
878 2584 955 2609 tertio
973 2587 1043 2609 statu
1059 2585 1203 2609 secundum
1218 2584 1334 2608 litteram
1348 2583 1492 2612 transierit,
1510 2583 1677 2615 intelligeret.
1700 2584 1739 2608 Cf.
1762 2583 1885 2614 Archiv„
1908 2592 1934 2615 p.
1959 2585 1989 2607 50
2008 2591 2066 2616 sqq.
2085 2597 2116 2602 —

241 2630 265 2655 ἱ.
278 2629 430 2655 Innocentio
445 2630 487 2659 lv,
503 2629 548 2662 qui
564 2632 647 2654 morte
661 2632 822 2662 praeventus
838 2629 1084 2654 Introductorium
1096 2637 1147 2653 non
1160 2628 1246 2661 potuit
1261 2628 1293 2652 ad
1309 2636 1416 2652 examen
1431 2636 1534 2652 vocare.
1545 2629 1608 2652 —8.
1621 2627 1694 2656 Quae
1708 2627 1856 2652 cardinales
1871 2627 1928 2652 odo
1939 2627 2114 2659 Tusculanus,

241 2673 391 2707 Stephanus
406 2674 592 2698 Praenestinus
609 2674 737 2706 nug-oque
753 2682 783 2697 ex
793 2673 1007 2699 Introduc-corio
1022 2674 1052 2699 in
1063 2673 1253 2705 Evanoelium
1267 2677 1419 2698 aeternum
1432 2675 1566 2705 notarunt,
1582 2675 1737 2696 conservata
1752 2675 1813 2696 sunt
1827 2672 1853 2696 in
1869 2671 1938 2696 Bibl.
1950 2675 2003 2696 nat.
2019 2671 2115 2702 Puris„

244 2725 294 2743 ns.
310 2718 357 2743 lat.
373 2718 460 2748 16807,
476 2718 520 2742 fol.
536 2718 566 2742 91
579 2725 586 2747 ς
602 2718 738 2747 Musas-in„
754 2726 803 2742 ms.
817 2718 872 2747 ³91,
890 2718 936 2742 fol.
951 2719 995 2747 θῦι
1011 2718 1079 2742 Bibl.
1092 2721 1145 2742 nat.
1162 2717 1257 2746 Parim,
1273 2725 1322 2741 ms.
1339 2717 1384 2741 lat.
1397 2717 1483 2746 16533,
1495 2717 1539 2741 fol.
1550 2717 1590 2741 46.
1605 2730 1637 2735 —
1649 2717 1673 2741 ¹s.
1690 2716 1762 2741 Libri
1777 2716 1838 2741 abb.
1854 2716 1974 2741 Joacbim
1989 2724 2040 2740 non
2056 2720 2118 2740 sunt

243 2762 372 2794 damuati,
388 2762 450 2787 lieet
463 2763 593 2795 quaedam
607 2766 730 2795 excerpta
744 2770 787 2787 an.
804 2763 875 2792 125⁶,
889 2762 944 2787 Jul.
959 2763 983 2793 8,
998 2771 1014 2787 a
1027 2761 1173 2795 praedictis
1188 2761 1368 2786 cardinalibus
1385 2763 1501 2794 (excepto
1521 2761 1664 2794 Stephano)
1687 2761 1784 2785 fuerint
1802 2761 1952 2791 examinati,
1973 2764 2001 2785 ut
2020 2761 2117 2793 legitur

241 2805 270 2831 in
283 2806 388 2831 duobus
402 2806 539 2839 prioribus
554 2814 636 2839 supra
648 2806 736 2831 allatis
752 2814 816 2831 mss.
829 2806 893 2831 Vide
909 2806 1113 2831 instrumentum
1128 2806 1261 2838 integrum
1276 2814 1291 2830 a
1306 2806 1404 2830 Denisse
1421 2805 1520 2830 editum
1536 2805 1562 2830 iu
1581 2804 1695 2834 Archiv,
1715 2810 1775 2835 etc„
1791 2813 1817 2838 p.
1833 2805 1930 2831 99-142.
1941 2819 1971 2824 —
1982 2807 2004 2829 5.
2017 2805 2115 2829 Saltem

242 2850 270 2875 in
284 2850 420 2884 aliquibus
440 2849 553 2876 istarum
571 2851 726 2875 cedulamm
745 2850 931 2875 scribebantur
944 2859 1048 2875 errores
1067 2859 1083 2875 a
1102 2850 1240 2883 magistris
1255 2850 1338 2875 Paris.
1361 2859 1404 2875 an.
1428 2851 1487 2875 125⁴
1507 2850 1623 2883 excerpti
1642 2853 1668 2874 et
1691 2858 1772 2882 supra
1794 2854 1823 2874 n⁰
1837 2851 1882 2874 2¹⁵2
1897 2849 2034 2882 publicati,
2050 2857 2115 2881 quos

243 2894 386 2928 episeopus
401 2895 487 2922 Paris.
502 2895 683 2920 verisimiliter
697 2904 750 2920 una
767 2904 827 2920 cum
842 2894 1058 2922 Introductorio
1077 2895 1110 2920 ad
1131 2895 1310 2920 Innocentium
1327 2895 1360 2919 lv
1375 2894 1455 2919 misit.
1472 2894 1536 2919 Vide
1551 2894 1658 2924 Denisse,
1676 2894 1694 2919 l.
1711 2902 1743 2923 c.;
1764 2894 1795 2919 u.
1811 2894 1908 2927 Haupt,
1927 2893 2081 2925 Zeitschm'st
2093 2894 2114 2924 s.

242 2938 468 2972 &chenonem
482 2940 539 2971 vn,
553 2941 608 2965 398.

369 3017 465 3043 Chare.
488 3017 566 3043 Unio.
585 3017 680 3044 Parte.
699 3018 719 3043 1.
1960 3016 1990 3039 38
