2580 3528
274 418 372 458 1254]
614 428 661 450 ΑΒ
694 429 802 451 ANNO
836 429 913 452 ucc
948 428 1079 458 usQuz
1114 430 1162 452 Λι)
1197 431 1425 453 munerun
1461 432 1500 454 iv
1534 433 1623 455 nse.
1660 434 1796 456 FRANC.
2081 427 2147 460 263

271 539 383 578 236.
407 549 588 576 Innocentius
610 550 655 576 IV
664 550 693 576 in
710 550 838 585 gratiam
859 550 982 587 capituli
998 552 1025 577 S.
1046 551 1177 585 Quintini
1196 551 1390 578 Noviomensis
1412 552 1501 579 dioec.
1520 552 1718 588 religiosorum
1737 554 1890 590 privilegia
1913 555 2011 590 quoad
2032 558 2145 590 conses-

357 598 454 625 siones
468 598 642 633 audiendas,
657 597 825 636 sepulturas
837 602 865 625 et
880 598 943 625 alia
958 599 1101 626 diminuit.

1537 638 1615 668 725⁴,
1631 638 1692 664 Hali
1705 639 1743 668 10,
1760 639 1859 665 luicis.

360 709 595 743 Innocentius
623 709 820 755 episcopus
850 721 980 744 servus
1006 722 1196 744 servorum
1225 711 1291 744 Dei
1319 711 1452 745 dilecto
1481 712 1556 745 filio
1576 739 1597 745 ..
1620 713 1757 746 decano
1783 713 1939 747 ecclesie
1965 715 2143 748 Peronen.

268 776 525 810 Noviomensis
553 776 712 810 diocesis
741 775 894 810 salutem
925 783 959 810 et
988 777 1223 823 apostolicam
1253 778 1705 835 benedictionemfiffiec-ta-
1733 792 1853 813 coram
1884 780 1992 813 nobis
2023 781 2145 826 gravis

268 842 484 877 dilectorum
504 842 662 876 filiorum
682 869 703 876 ..
722 843 850 877 decani
871 850 907 877 et
925 844 1073 890 capituli
1099 845 1256 878 ecclesie
1282 846 1402 879 Sancti
1423 846 1589 889 Quintini
1610 846 1647 879 in
1667 847 1901 881 Viromandia
1927 847 2141 881 Noviomen.

267 909 428 943 diocesis
457 910 684 955 querimonia
713 909 939 951 continebat,
970 911 1068 956 quod
1103 911 1188 945 licet
1216 912 1253 945 in
1283 912 1360 958 ipsa
1391 919 1426 946 et
1454 901 1544 946 aliis
1568 913 1736 947 ecclesiis
1765 914 1809 947 ad
1840 925 1904 947 eos
1938 908 2144 948 immediate

267 975 517 1022 spectantibus
537 977 581 1010 ad
604 976 804 1010 audiendas
832 977 1152 1023 parrochianorum
1175 979 1338 1024 ipsorum
1360 979 1615 1014 confessiones
1640 980 1895 1026 deputaverint
1919 981 2143 1022 sacerdotes,

267 1043 330 1088 qui
350 1054 458 1089 egras
478 1043 682 1077 mortalium
710 1050 850 1077 mentes
878 1044 934 1090 pia
956 1044 1207 1078 moderatione
1227 1057 1293 1091 pro
1313 1052 1420 1087 etate,
1441 1058 1530 1079 sexu
1553 1053 1586 1080 et
1607 1046 1748 1080 viribus
1769 1047 1813 1080 ad
1834 1047 1987 1080 salntem
2010 1048 2144 1093 perdu-

263 1121 346 1143 cere
377 1109 498 1144 divina
522 1110 709 1144 curatione
739 1117 932 1153 noverunt,
961 1111 1222 1145 nichilominus
1251 1119 1371 1146 tamen
1398 1113 1470 1158 ipsi
1497 1113 1726 1158 parrochiani
1753 1114 1974 1159 irrequisitis
2003 1114 2142 1147 eisdem

267 1176 532 1218 sacerdotibus,
563 1177 673 1210 immo
708 1177 830 1223 potius
865 1177 1144 1223 dampnabiliter
1177 1178 1370 1224 vilipensis
1399 1179 1443 1212 ad
1471 1180 1648 1225 quosdam
1683 1179 1882 1226 religiosos
1915 1180 2015 1214 velut
2047 1181 2142 1226 apud

264 1242 367 1288 ipsos
387 1243 544 1276 resinam
566 1243 748 1277 dumtaxat
775 1244 904 1277 salutis
930 1244 1137 1278 invenerint
1157 1257 1196 1278 se
1217 1252 1354 1278 temere
1380 1247 1642 1280 transferentes
1667 1253 1817 1292 opertos
1837 1247 1891 1280 eis
1911 1254 2141 1293 peccatorum

264 1308 404 1342 nudant
422 1308 585 1351 morbos,
607 1310 808 1355 iniquitatis
829 1310 992 1344 revelant
1011 1318 1208 1353 secretum,
1230 1318 1266 1345 et
1283 1312 1385 1345 virus
1405 1313 1575 1346 vitiorum
1597 1313 1634 1346 in
1654 1306 1887 1346 consessione
1909 1314 2139 1359 depromunt.

264 1375 309 1408 Et
332 1387 548 1421 quamquam
578 1375 687 1409 iidem
718 1376 899 1422 religiosi,
929 1389 1010 1410 cum
1042 1389 1116 1411 non
1145 1378 1219 1411 sint
1248 1378 1305 1411 sui
1329 1379 1490 1423 judices,
1518 1379 1620 1424 ipsos
1648 1391 1721 1412 non
1749 1380 1893 1425 possint
1919 1380 2062 1415 solvere
2083 1381 2141 1414 vel

261 1440 390 1488 ligare,
423 1442 645 1488 ymaginaria
679 1449 798 1476 tamen
832 1443 985 1488 quadam
1019 1443 1249 1478 absolutione
1284 1445 1376 1490 ipsis
1410 1445 1566 1478 illudere
1600 1458 1639 1479 ac
1674 1453 1798 1479 nostre
1834 1447 2140 1492 peregrinationis
2182 1459 2185 1474 ν’

261 1508 495 1554 postmodum
525 1510 693 1542 conferre
721 1509 892 1543 viaticum
923 1510 960 1543 in
990 1522 1137 1544 suarum
1169 1523 1243 1544 non
1271 1518 1445 1545 verentur
1475 1512 1708 1558 dispendium
1738 1513 1949 1546 animarum.
1987 1515 2038 1547 Ex
2067 1526 2139 1559 quo

260 1573 353 1608 illud
372 1574 636 1609 inconveniens
657 1576 792 1618 evenit,
811 1576 909 1622 quod
929 1576 1086 1610 celerem
1108 1576 1180 1610 sibi
1201 1577 1462 1623 parrochianus
1482 1578 1564 1612 talis
1590 1579 1882 1624 dampnationem
1903 1580 2055 1621 inducit,
2077 1581 2139 1626 qui

260 1653 335 1675 non
367 1642 572 1688 dijudicans
601 1654 736 1688 corpus
770 1642 908 1677 Christi
942 1644 1062 1689 ipsum
1092 1656 1110 1677 a
1140 1643 1220 1677 labe
1255 1641 1307 1678 sic
1342 1645 1498 1691 suscipit
1530 1646 1723 1679 criminum
1758 1658 1831 1679 non
1866 1634 2074 1688 mundatus,
2105 1654 2141 1680 et

260 1708 433 1743 sacerdos
462 1708 528 1751 illi,
559 1709 655 1755 apud
684 1721 791 1756 quem
822 1722 888 1756 pro
916 1710 977 1744 tali
1007 1710 1246 1756 parrochiano
1277 1718 1406 1758 egroto
1436 1712 1589 1746 animam
1618 1724 1718 1746 suam
1749 1713 1887 1755 defixit,
1916 1725 1989 1746 non
2019 1720 2139 1759 potest

259 1774 397 1809 vultum
430 1776 547 1822 ipsius
576 1776 752 1822 ignorans
786 1777 933 1823 dignam
964 1777 1009 1811 de
1040 1777 1104 1812 illo
1134 1778 1289 1812 reddere
1324 1779 1515 1821 rationem,
1546 1791 1613 1813 nec
1643 1780 1676 1812 ei
1706 1791 1771 1813 sue
1806 1792 1892 1813 cure
1927 1781 2138 1814 commissio

260 1841 419 1876 salubria
443 1842 604 1876 remedia
628 1849 787 1889 parare·,
810 1856 891 1877 cum
919 1844 1166 1891 egritudinem
1192 1857 1294 1879 suam
1321 1847 1474 1891 ejusque
1499 1846 1789 1880 circumstantias
1810 1846 2039 1892 aliquatenus
2064 1859 2138 1881 non

258 1915 443 1955 agnoscat.
474 1910 587 1943 Porro
621 1916 801 1956 tamquam
831 1922 957 1957 parum
988 1911 1036 1945 sit
1064 1912 1235 1957 proprios
1269 1912 1389 1946 taliter
1418 1913 1628 1946 sacerdotes
1663 1913 1867 1959 despicere,
1904 1914 1975 1947 nisi
2010 1926 2136 1948 eorum

212 1987 214 1989 ’
258 1975 414 2009 ecclesie
443 1976 579 2022 pariter
607 1983 923 2023 contempnantur,
952 1978 1062 2011 iidem
1092 1967 1337 2024 parrochiani,
1368 1979 1464 2013 sicut
1490 1979 1737 2025 predictorum
1767 1980 1894 2014 decani
1925 1987 1960 2013 et
1989 1980 2136 2026 capituli

258 2041 414 2076 habebat
433 2043 600 2085 assertio,
623 2055 704 2077 cum
725 2044 762 2077 in
788 2044 938 2090 prefatis
964 2045 1132 2078 ecclesiis
1158 2052 1226 2079 tam
1250 2045 1287 2079 in
1308 2046 1438 2079 officiis
1463 2046 1598 2080 divinis
1621 2059 1726 2092 quam
1748 2059 1849 2080 sacre
1876 2047 2136 2092 predicationis

259 2107 416 2154 eloquiis
445 2102 532 2143 aure
561 2110 768 2144 devotionis
797 2122 924 2145 vocem
954 2112 1011 2145 sui
1041 2111 1221 2146 deberent
1247 2113 1436 2158 suscipere
1467 2113 1668 2147 sacerdotis
1696 2114 1788 2159 ipsis
1815 2113 1984 2148 ecclesiis
2011 2121 2135 2148 contra

258 2186 446 2209 sacrorum
479 2187 658 2210 canonum
692 2183 822 2211 statuta
856 2178 1088 2224 contemptis,
1125 2178 1170 2212 ad
1209 2179 1410 2212 eorundem
1439 2179 1699 2225 religiosorum
1731 2180 1916 2213 divertunt
1945 2180 2133 2222 ecclesias,

257 2241 418 2287 predicta
438 2242 554 2276 officia
573 2242 665 2277 inibi
685 2255 751 2289 pro
777 2255 842 2284 sue
868 2236 1066 2278 voluntatis
1085 2244 1236 2279 arbitrio
1262 2245 1434 2279 audituri.
1458 2247 1610 2291 Propter
1630 2246 1729 2291 quod
1755 2246 1846 2292 ipsis
1874 2246 2133 2281 nichilominus

256 2307 456 2353 religiosis,
486 2309 549 2355 qui
578 2309 668 2343 tales
698 2309 876 2344 deberent
904 2318 1180 2357 presumptores
1209 2311 1367 2352 abicere,
1396 2324 1461 2345 eos
1486 2324 1567 2345 cum
1592 2313 1694 2358 gravi
1715 2312 1868 2345 aliorum
1889 2313 2029 2358 jactura
2054 2312 2132 2345 alli-

257 2373 439 2408 cientibus
459 2381 496 2409 et
514 2382 554 2409 ut
577 2375 692 2410 fertur
714 2376 973 2410 inducentibus
993 2377 1038 2411 ad
1059 2378 1251 2423 premissa,
1271 2378 1453 2424 contingit
1472 2378 1657 2423 predictos
1683 2378 1858 2412 decanum
1880 2385 1916 2412 ct
1934 2378 2131 2424 capitulum

256 2452 296 2474 ac
329 2447 492 2475 rectores
525 2441 762 2476 ecclesiarum
797 2443 957 2489 ipsarum
994 2443 1114 2477 solitis
1148 2443 1471 2489 parrochianorum
1507 2456 1656 2478 suorum
1692 2444 1939 2478 oblationibus
1976 2444 2130 2491 aliisque

255 2506 540 2542 obventionibus
565 2508 815 2554 multipliciter
836 2509 1060 2543 defraudari.
1090 2510 1261 2544 Ceterum
1291 2510 1503 2554 adjecerunt
1531 2510 1641 2544 iidem
1669 2511 1829 2544 decanus
1857 2518 1891 2545 et
1918 2511 2128 2557 capitulum,

255 2573 354 2619 quod
381 2574 761 2620 sTparrochianorum
789 2587 939 2610 suorum
966 2588 1110 2610 necnon
1140 2576 1377 2610 ecclesiarum
1406 2577 1602 2610 earundem
1629 2577 1813 2624 contingat
1843 2578 1879 2611 in
1909 2578 2129 2624 egritudinis

253 2639 388 2675 lectum
417 2653 634 2688 quemquam
669 2642 853 2684 decidere,
889 2643 1007 2677 statim
1039 2643 1230 2677 confluunt
1258 2643 1424 2689 religiosi
1455 2643 1621 2689 predicti,
1649 2651 1684 2677 et
1714 2644 1917 2690 plerunque
1946 2644 2128 2679 infirmum

254 2706 466 2742 invitatione
486 2715 659 2755 preventa
679 2708 748 2743 sub
776 2709 920 2755 pietatis
945 2709 1068 2756 specie
1093 2710 1283 2744 visitantes
1307 2710 1425 2756 ipsius
1451 2717 1704 2744 testamentum
1731 2717 1956 2757 componunt
1974 2718 2012 2745 et
2030 2711 2129 2744 ordi-

255 2781 352 2816 nant,
374 2787 507 2822 magno
528 2776 671 2810 tandem
696 2775 923 2810 ascribentes
948 2777 1103 2818 muneri,
1130 2777 1161 2810 si
1187 2783 1402 2811 executores
1428 2784 1636 2811 mereantur
1660 2777 1779 2823 ipsius
1804 2777 1882 2812 fieri
1909 2778 2125 2814 testamenti.

254 2841 350 2884 Quid
384 2841 512 2888 plura?
544 2843 694 2877 Blandis
728 2843 891 2889 ipsorum
926 2843 1094 2877 infirmus
1128 2843 1272 2878 illectus
1309 2843 1542 2877 sermonibus
1577 2844 1725 2878 omissis
1758 2845 1863 2878 avitis
1897 2851 1933 2878 et
1966 2845 2126 2890 paternis

254 2907 435 2954 sepulcris
454 2909 549 2955 apud
570 2921 635 2944 eos
659 2909 802 2956 eligens
827 2909 975 2956 sepeliri
1001 2910 1118 2957 ampla
1142 2910 1247 2956 ipsis,
1276 2911 1450 2956 predictis
1471 2922 1557 2945 vero
1578 2910 1746 2946 ecclesiis
1768 2910 1865 2946 nulla
1887 2911 1943 2945 vel
1969 2911 2123 2952 modica,

254 2972 372 3020 legata
403 2974 570 3022 largitur,
602 2983 638 3010 et
667 2983 705 3010 ut
733 2989 777 3010 ex
805 2976 1015 3022 huJusmodi
1054 2977 1185 3023 legatis
1221 2978 1348 3023 prefati
1383 2977 1543 3011 decanus
1578 2984 1613 3011 et
1650 2977 1846 3023 capitulum
1884 2989 1923 3010 ac
1963 2983 2124 3010 rectores
