2580 3528
438 371 502 406 190
1018 384 1340 406 CHARTULARIUM
1376 384 1567 406 cmvi-2118.
1604 385 1733 406 Panis.
2217 375 2317 417 [1246

441 500 554 537 155.-
576 509 727 536 Ordinatio
743 509 866 546 capituli
878 509 1023 545 generalis
1038 510 1103 536 Ord.
1117 510 1221 536 Praed.
1238 511 1363 536 Parisiis
1378 510 1432 536 sub
1448 520 1521 546 mag.
1535 511 1664 537 Johanne
1682 511 1831 538 Teutonico
1847 511 1988 539 celebrati
2001 512 2130 538 dedomo
2142 512 2313 539 Par-islensi.

1636 607 1712 637 1246.
1726 608 1752 634 in
1767 608 1820 634 fine
1834 608 1899 638 uait
1915 609 2029 635 Parisiis.

527 681 617 714 Cum
651 681 782 714 domus
810 681 1028 714 parisiensis
1059 681 1106 714 sit
1135 681 1287 714 multum
1309 687 1467 725 gravata,
1494 693 1666 726 rogamus
1695 682 1826 716 fratres
1850 682 2047 716 affectuose
2075 683 2120 716 de
2145 682 2316 716 omnibus

438 747 650 792 provinciis,
688 754 727 780 ut
760 747 831 792 ipsi
868 747 911 780 de
947 747 1173 780 testamentis
1208 753 1244 780 et
1276 747 1357 780 aliis
1392 746 1615 792 elemosynis
1650 748 1724 781 sint
1758 748 1906 782 solliciti
1943 756 2115 794 quantum
2146 755 2318 795 poterunt

436 813 586 859 aliquod
606 813 779 847 auxilium
802 813 965 858 predicte
988 813 1111 846 domui
1132 825 1342 858 procurare.

532 913 592 936 Mss.
610 913 683 936 Rom.
701 915 726 935 ct
740 913 881 935 Rutrncns.
898 920 975 943 capp.
993 912 1109 943 general.
1126 912 1159 934 ad
1175 911 1238 935 Ord.
1255 911 1348 934 Prncd.
1365 911 1534 942 pertinentes.
1551 926 1581 928 —-
1596 912 1721 940 Marti-ne,
1740 912 1817 937 Thes.
1836 918 1902 937 nov.
1919 913 2028 941 anecd„
2044 913 2086 941 1v,
2103 913 2173 942 1691,
2189 918 2218 937 n⁰
2233 914 2270 937 11.
2287 927 2319 932 —-—

438 957 481 980 Sic
500 957 581 980 etiam
600 956 758 981 Guillelmus
778 956 859 987 episc.
881 955 1039 979 parisiensis
1055 955 1161 987 rogavit
1180 955 1301 987 reginam
1318 955 1456 984 Blancam,
1473 959 1502 979 ut
1524 955 1652 979 fratribus
1672 956 1698 979 S.
1719 956 1813 980 Jacobi
1831 964 1892 980 aere
1911 956 1997 980 alieno
2016 957 2135 988 gravatis
2155 957 2316 983 subveniret.

436 1001 500 1025 Vide
521 1002 605 1033 Lecoy
624 1001 656 1024 de
676 1001 701 1024 la
721 1001 834 1029 Max-che,
855 1001 958 1025 Anecd.
979 1000 1149 1031 historiques
1217 1002 1258 1025 du
1277 1000 1383 1024 recueil
1401 1000 1489 1026 inedie
1508 995 1656 1026 oeEeienne
1675 1002 1710 1025 de
1728 1002 1874 1031 Bourtmn,
1895 1010 1920 1033 p.
1942 1002 1996 1029 389,
2018 1005 2088 1025 nota.
2109 1002 2139 1025 In
2158 1010 2239 1026 causa
2261 1005 2319 1027 erat

438 1054 582 1069 concursus
599 1047 711 1068 fratrum
728 1045 890 1068 studentium
905 1053 935 1068 cx
950 1044 1073 1068 omnibus
1089 1044 1233 1076 provinciis
1249 1044 1358 1068 ordinis.

442 1226 550 1263 156.
574 1235 757 1262 ‘Initoccnlius
780 1237 824 1262 IV
841 1235 953 1261 cantori
975 1235 1108 1261 Remensi
1130 1235 1266 1270 concedit,
1286 1239 1316 1261 ut
1331 1235 1457 1261 Parisiis
1480 1235 1616 1261 insistens
1635 1235 1742 1271 studio,
1762 1245 1816 1272 per
1836 1236 2060 1272 quinquennium
2076 1241 2229 1272 proventus
2250 1245 2318 1263 suos

499 1286 501 1289 ⁴
527 1284 741 1310 ecclesiasticos
755 1284 909 1320 percipiat.
2046 1274 2055 1281 ’

1682 1334 1761 1364 1246,
1776 1334 1847 1360 dutrii
1858 1335 1898 1364 13,
1914 1335 2030 1368 Lugduni.

530 1436 550 1442 ..
569 1409 717 1443 Cantori
736 1409 907 1442 Remensi
929 1408 1126 1441 Parisiensi
1148 1408 1336 1449 canonico⁷
1360 1408 1572 1454 cappellano
1594 1415 1733 1442 nostro.
1756 1409 1846 1442 Cum
1870 1409 1965 1442 sicut
1983 1409 2020 1442 in
2040 1416 2163 1443 nostra
2186 1422 2318 1455 propo-

437 1476 543 1509 suisti
565 1476 748 1521 presentia
769 1476 990 1508 constitutus
1011 1475 1055 1508 ad
1074 1475 1278 1508 facultatem
1301 1475 1543 1521 theologicam
1566 1475 1757 1508 desideres
1778 1482 1811 1509 te
1832 1476 2043 1515 transferre,
2063 1488 2131 1510 nos
2151 1476 2318 1510 volentes

437 1542 502 1576 tibi
533 1543 651 1576 facere
682 1543 831 1588 gratiam
863 1542 1076 1587 specialem,
1110 1542 1322 1575 auctoritate
1352 1541 1417 1575 tibi
1451 1541 1649 1588 apostolica
1685 1542 1920 1576 concedimus
1950 1542 2171 1584 facultatem,
2208 1549 2248 1576 ut
2279 1549 2317 1577 tu

438 1610 599 1643 Parisius
620 1610 797 1642 insistens
819 1609 953 1649 studio,
982 1608 1044 1642 ubi
1065 1609 1171 1642 etiam
1195 1608 1416 1654 prebendam
1443 1608 1602 1650 obtines,
1630 1615 1829 1654 proventus
1850 1616 1933 1642 tuos
1958 1609 2228 1644 ecclesiasticos
2252 1621 2319 1656 per

438 1677 728 1722 quinquennium
752 1677 941 1721 percipere
962 1676 1094 1716 valeas,
1118 1676 1311 1709 cotidianis
1333 1675 1656 1709 distributionibus
1677 1688 1747 1721 que
1773 1683 2045 1710 consueverunt
2069 1675 2318 1711 residentibus

437 1744 602 1777 exhiberi
631 1744 813 1776 dumtaxat
843 1743 1017 1788 exceptis,
1049 1755 1088 1776 ac
1121 1743 1151 1776 si
1181 1743 1217 1775 in
1245 1743 1400 1776 ecclesia
1420 1743 1663 1788 personaliter
1690 1743 1886 1776 resideres.
1917 1745 1996 1777 Non
2017 1743 2184 1778 obstante
2210 1744 2241 1778 si
2262 1749 2319 1778 est

439 1811 669 1844 consuetudo
696 1810 793 1855 quod
820 1810 882 1842 ubi
908 1810 990 1854 quis
1012 1809 1232 1855 prebendam
1256 1809 1397 1843 obtinet
1420 1822 1493 1843 non
1515 1817 1636 1855 potest
1655 1810 1774 1843 facere
1795 1810 1951 1856 stagium
1972 1810 2122 1844 alterius
2147 1810 2318 1844 beneficii

438 1877 495 1911 vel
531 1877 731 1922 prebende,
769 1884 828 1910 aut
859 1877 890 1909 si
927 1877 962 1909 in
997 1877 1167 1910 Remensi
1198 1876 1352 1910 ecclesia
1383 1877 1522 1910 ratione
1557 1877 1718 1910 cantorie
1752 1883 1896 1910 tenetur
1930 1877 2163 1911 residentiam
2198 1878 2317 1910 facere

439 1944 681 1989 personalem.
706 1945 783 1976 Dat.
807 1943 976 1989 Lugduni
998 1943 1048 1976 id.
1070 1943 1182 1983 Junii,
1204 1955 1298 1976 anno
1321 1943 1440 1976 tertio.

533 2043 595 2073 Reg.
612 2042 669 2065 vat.
688 2043 819 2065 innocent.
838 2042 871 2064 lv
886 2050 927 2064 an.
945 2042 968 2069 3,
989 2050 1030 2072 cp.
1047 2042 1101 2069 578,
1119 2042 1163 2064 sol.
1186 2042 1238 2064 291.
1260 2041 1289 2064 ln
1309 2050 1350 2072 cp.
1372 2042 1417 2064 574
1437 2041 1546 2064 mundat
1566 2041 1733 2064 thesaurario
1754 2041 1959 2064 cathalaunensi
1975 2044 2000 2064 ct
2018 2041 2142 2073 Philippo
2157 2041 2190 2064 de
2203 2041 2315 2073 Longes,

438 2087 564 2111 canonico
575 2086 649 2110 Beati
665 2086 770 2109 Martini
782 2086 890 2115 Turon.‚
902 2094 933 2109 ne
949 2094 1030 2117 super
1044 2086 1093 2108 hoc
1109 2089 1242 2109 cantorem
1254 2086 1372 2109 Remens.
1386 2085 1521 2109 molestari
1532 2085 1695 2117 permittant.
1708 2085 1748 2109 Cf.
1760 2085 1868 2117 Berger,
1879 2086 1930 2110 Les
1939 2085 2078 2116 Reyistres
2087 2085 2256 2111 d'Innocent
2267 2085 2316 2115 IV,

436 2136 466 2155 n⁰
480 2132 549 2155 1914.
566 2131 642 2155 Haud
658 2139 718 2154 raro
735 2131 858 2154 mandata
874 2130 1025 2162 hujusmodi
1045 2130 1071 2153 in
1093 2131 1155 2162 Reg.
1176 2130 1270 2161 pontis.
1291 2133 1440 2153 occurrunt.
1459 2129 1501 2153 Sic
1517 2139 1542 2153 v.
1563 2138 1588 2161 g.
1606 2130 1676 2153 idem
1695 2138 1766 2162 papa
1785 2130 1876 2154 abbati
1897 2131 1922 2154 S.
1940 2130 2087 2154 Genovutae
2102 2130 2187 2154 Paris.
2208 2130 2318 2154 mundat

436 2178 465 2200 23
487 2177 563 2200 Mart.
587 2176 658 2203 1249,
684 2179 713 2199 ut
740 2175 852 2198 Martino
874 2175 998 2203 scholari,
1022 2175 1110 2206 nepoti
1131 2174 1250 2206 Hugonis
1267 2175 1308 2204 (de
1328 2175 1354 2198 S.
1376 2174 1471 2204 Charo)
1492 2174 1531 2198 tit.
1556 2175 1582 2198 S.
1603 2175 1717 2198 Sabinae
1739 2175 1827 2206 presb.
1849 2175 1992 2199 cardinalis
2012 2183 2095 2206 usque
2117 2175 2150 2198 nd
2173 2174 2316 2198 triennium

436 2221 555 2245 redditus
571 2220 761 2244 ministrandus
777 2223 858 2243 curet.
875 2220 982 2251 Bergcr,
1000 2220 1016 2243 l.
1034 2228 1066 2248 (κ,
1083 2224 1111 2242 n⁰
1125 2221 1195 2243 4590.
1212 2219 1276 2242 Vide
1291 2222 1428 2250 praetcrea
1443 2227 1525 2250 supra
1540 2223 1569 2242 n⁰
1582 2220 1623 2244 116.

442 2403 549 2440 157.
574 2411 755 2437 Innocentius
772 2412 815 2436 IV
824 2410 973 2436 studentes
992 2409 1058 2436 Ord.
1079 2410 1193 2436 Cisterc.
1212 2409 1292 2446 apud
1309 2411 1335 2435 S.
1355 2409 1534 2436 Bernardum
1550 2410 1644 2436 Paris.
1663 2409 1716 2436 sub
1734 2409 1758 2435 b.
1776 2409 1856 2435 Petri
1872 2410 2050 2446 protectione
2069 2410 2199 2446 suscipit,
2218 2410 2316 2446 eisque

526 2460 622 2486 οηιιιὶα
634 2459 788 2496 privilegia
808 2459 908 2485 ordini
924 2467 1059 2485 concessa
1076 2458 1224 2493 elargitur.

1684 2508 1761 2539 1248,
1777 2508 1847 2534 dunii
1861 2508 1898 2538 19,
1914 2508 2029 2541 Lugduni.

527 2584 763 2616 Innocentius
786 2584 982 2628 episcopus
1004 2595 1133 2616 servus
1155 2595 1342 2616 servorum
1367 2583 1434 2616 Dci
1455 2583 1600 2616 dilectis
1620 2582 1706 2616 filiis
1727 2581 1913 2615 monachis
1935 2582 1979 2615 de
2000 2582 2080 2615 loco
2101 2581 2162 2627 qui
2183 2581 2316 2615 dicitur

440 2651 538 2683 Beati
574 2650 750 2683 Bernardi
789 2649 1023 2682 Parisiensis¹
1065 2650 1325 2683 Cisterciensis
1367 2649 1518 2683 Ordinis
1558 2649 1594 2682 in
1634 2648 1838 2694 theologica
1877 2648 2044 2681 facultate
2082 2647 2316 2682 studentibus

436 2716 587 2749 salutem
623 2723 655 2749 et
687 2715 922 2761 apostolicam
954 2715 1261 2749 benedictionem.
1293 2717 1528 2749 Sacrosancta
1559 2717 1718 2748 Romana
1746 2714 1900 2748 ecclesia
1930 2714 2082 2747 devotos
2103 2721 2137 2747 et
2157 2713 2315 2748 humiles

435 2783 531 2817 filios
559 2795 601 2816 ex
623 2789 768 2815 assuete
796 2782 939 2827 pictatis
968 2781 1086 2815 officio
1117 2782 1338 2827 propensius
1366 2782 1520 2827 diligere
1549 2781 1753 2823 consuevit,
1775 2788 1810 2814 et
1837 2793 1881 2813 ne
1906 2792 2097 2826 pravorum
2127 2780 2313 2814 hominum

435 2850 614 2884 molestiis
658 2849 853 2894 agitentur,
899 2860 962 2881 cos
1007 2854 1184 2893 tamquam
1226 2848 1281 2893 pia
1322 2854 1435 2881 mater
1478 2859 1543 2880 sue
1588 2847 1826 2893 protectionis
1866 2847 2065 2880 munimine
2104 2847 2311 2881 confovere.

435 2918 635 2963 Eapropter
663 2915 784 2948 dilecti
817 2915 852 2947 in
883 2914 1038 2947 Domino
1073 2914 1135 2946 filii
1169 2926 1235 2946 nos
1266 2914 1397 2947 vestris
1427 2914 1539 2959 justis
1572 2913 1882 2959 postulationibus
1915 2920 2018 2959 grato
2052 2921 2314 2947 concurrentes
