2580 3528
454 393 518 430 262
1034 403 1350 428 CHARTULARIUM
1385 402 1573 425 uuivnns.
1609 401 1738 423 mars.
1984 413 1986 415 v
2226 393 2325 434 [1254

455 478 658 526 gloriantur
681 493 710 521 n,
738 480 835 525 quod
856 479 1056 513 animorum
1086 478 1262 511 elationes
1288 484 1322 510 et
1347 482 1476 522 gestus
1503 474 1736 520 incompositi
1758 474 1847 508 satis
1876 474 2115 520 comprobant
2141 481 2178 509 et
2202 482 2326 510 osten-

455 546 557 580 dunt.
579 546 733 580 Videtur
754 545 933 591 siquidem
954 544 1201 590 adimpletum,
1225 543 1321 588 quod
1344 542 1475 587 pagani
1496 540 1667 586 presagio
1689 540 1785 574 oculi
1805 541 1922 574 suerat
1941 540 2155 586 figuratum:

1077 628 1172 652 Omnia
1188 631 1279 663 nature
1294 629 1451 658 prepostero
1467 625 1572 657 legibus
1588 625 1664 649 ibunt
1674 626 1694 649 ³.

544 717 624 748 Non
645 715 696 748 sic
724 714 887 747 habenda
918 713 1021 746 sides.
1053 715 1126 746 Nec
1155 712 1298 745 mirum.
1329 710 1448 743 Servit
1472 710 1568 742 enim
1595 710 1692 750 Sara,
1721 715 1757 742 et
1782 709 1880 755 Agar
1907 710 2071 756 imperat.
2101 710 2326 757 Affliguntur

455 781 574 822 liberi,
603 788 638 814 et
664 781 759 814 servi
786 781 950 825 optinent
977 780 1229 824 principatum.
1256 776 1432 810 Volentes
1457 776 1571 821 igitur
1590 782 1687 809 tante
1710 775 1907 810 insolentie
1932 777 2060 811 morbo
2081 777 2324 812 necessariam

454 847 626 881 adhibere
657 846 846 886 medelam,
870 853 907 879 ut
937 846 1081 890 plenius
1111 852 1147 878 et
1173 843 1370 889 perfectius
1400 842 1585 888 theologie
1616 842 1737 876 studio
1764 843 1967 884 insistatur,
1997 856 2068 890 que
2093 843 2230 878 directe
2256 844 2326 878 iter

454 914 615 947 ostendit
648 913 791 949 salutis,
822 912 879 945 vel
913 912 1038 945 saltem
1075 910 1340 956 philosophicis
1375 909 1594 954 disciplinis,
1631 921 1715 954 que,
1746 909 1814 943 etsi
1848 910 1980 955 pietate
2013 917 2171 952 careant,
2206 917 2325 944 tamen

454 981 617 1025 dirigunt
643 980 686 1012 ad
708 979 895 1012 sciendum
926 985 961 1011 et
981 978 1188 1023 cupiditatis
1220 977 1379 1009 reddunt
1405 983 1600 1017 extorrem,
1627 988 1697 1021 que
1725 983 1761 1009 et
1781 977 1942 1010 omnium
1969 977 2144 1011 malorum
2170 977 2272 1011 radix
2291 984 2327 1011 et

453 1046 632 1079 idolorum
654 1045 811 1078 servitus
832 1044 1064 1089 perhibetur:
1080 1044 1144 1077 hac
1166 1042 1408 1088 irrefragabili
1429 1042 1690 1076 constitutione
1717 1043 1921 1084 statuimus,
1944 1050 1983 1077 ut
2005 1043 2130 1077 nullus
2155 1044 2325 1078 decetero

452 1112 668 1146 secularium
710 1111 829 1156 legum
874 1112 1061 1156 professor
1095 1122 1160 1143 seu
1194 1110 1407 1150 advocatuS,
1444 1121 1663 1155 quocunque
1697 1110 1735 1143 in
1769 1109 1891 1155 legum
1926 1110 2092 1144 facultate
2127 1110 2326 1156 singularis

452 1179 606 1224 gaudeat
640 1178 879 1223 preminentie
915 1177 1107 1222 privilegio
1143 1176 1311 1222 speciali,
1347 1176 1391 1209 ad
1426 1176 1692 1210 ecclesiasticas
1728 1177 1943 1222 dignitates,
1977 1184 2209 1223 personatus,
2244 1189 2327 1223 pre-

452 1245 602 1285 bendas,
638 1256 704 1277 seu
739 1244 845 1276 etiam
878 1244 1017 1276 minora
1052 1243 1230 1276 beneficia
1264 1249 1482 1285 assumatur,
1514 1243 1585 1276 nisi
1619 1243 1657 1276 in
1685 1243 1766 1276 aliis
1801 1243 2015 1277 liberalibus
2045 1243 2252 1289 disciplinis
2279 1244 2329 1278 sit

453 1318 634 1356 expertus,
663 1317 697 1343 et
723 1311 793 1343 vita
821 1317 856 1343 et
883 1310 1045 1343 moribus
1075 1310 1351 1343 commendatus
1382 1310 1522 1350 existat,
1553 1322 1632 1343 cum
1662 1322 1727 1355 per
1756 1310 1846 1343 tales
1872 1317 1907 1343 et
1932 1309 2087 1344 ecclesie
2114 1309 2328 1358 deturpetur

452 1378 636 1419 honestas,
664 1384 699 1410 et
725 1377 895 1410 sanctitas
921 1377 1054 1418 exulet,
1078 1383 1113 1410 et
1138 1377 1253 1410 fastus
1278 1383 1314 1410 et
1338 1377 1518 1422 cupiditas
1543 1377 1590 1410 ita
1620 1383 1788 1422 regnent,
1814 1377 1912 1422 quod
1932 1377 1970 1409 in
1990 1377 2131 1410 cunctis
2157 1377 2214 1410 sui
2238 1376 2327 1411 late-

453 1444 554 1477 ribus
581 1456 727 1489 gravem
754 1443 916 1476 dolorem
947 1443 1079 1476 sentiat
1105 1450 1219 1476 mater
1246 1443 1417 1485 ecclesia,
1445 1443 1667 1476 admirandis
1692 1443 1879 1476 ulceribus
1905 1438 2079 1477 sauciata(
2099 1443 2136 1477 Si
2157 1444 2219 1489 qui
2238 1455 2326 1477 vero

453 1508 672 1556 prelatorum
701 1517 823 1543 contra
850 1510 918 1543 hoc
944 1517 1115 1543 statutum
1144 1510 1290 1544 salubre
1318 1510 1593 1556 presumptione
1619 1509 1840 1556 dampnabili
1865 1510 2001 1556 aliquid
2022 1510 2326 1556 attemptaverint,

452 1578 581 1611 factum
610 1590 714 1610 suum
743 1577 911 1610 noverint
938 1578 1017 1622 ipso
1038 1578 1122 1622 jure
1145 1577 1315 1621 [irritum]
1342 1584 1378 1610 et
1402 1589 1442 1610 se
1463 1577 1523 1610 illa
1543 1577 1622 1611 vice
1647 1583 1826 1623 potestate
1847 1577 2060 1610 conferendi
2086 1577 2262 1623 privatos3
2292 1583 2328 1611 et

453 1645 483 1677 si
501 1645 808 1689 presumptionem
826 1644 1048 1685 iteraverint,
1066 1655 1194 1689 penam
1212 1644 1359 1678 divortii
1375 1656 1394 1677 a
1411 1644 1604 1690 prelaturis
1625 1644 1702 1677 suis
1723 1650 1895 1689 poterunt
1913 1644 2120 1677 formidare.
2143 1645 2326 1686 Preterea,

452 1723 532 1743 cum
554 1711 591 1744 in
611 1711 773 1749 Francie,
795 1711 941 1756 Anglie,
966 1711 1098 1752 Scotie,
1120 1710 1271 1752 VVallie,
1295 1711 1482 1757 Hispanie,
1505 1717 1540 1744 et
1565 1711 1749 1756 Hungarie
1777 1711 1902 1756 regnis
1928 1722 2036 1744 cause
2057 1710 2232 1744 laicorum
2253 1722 2327 1744 non

452 1778 695 1822 imperatoriis
715 1777 873 1823 legibus,
903 1778 967 1810 sed
989 1777 1164 1811 laicorum
1191 1777 1523 1811 consuetudinibus
1545 1777 1772 1819 decidantur,
1799 1784 1834 1811 et
1852 1789 1932 1810 cum
1955 1777 2203 1811 ecclesiastice
2223 1789 2327 1810 sanc-

453 1851 569 1877 torum
593 1851 731 1889 patrum
753 1844 1079 1878 constitutionibus
1100 1844 1243 1878 valeant
1262 1845 1462 1886 terminari,
1484 1851 1519 1878 et
1539 1851 1607 1878 tam
1629 1856 1788 1878 canones
1809 1857 1914 1890 quam
1935 1844 2223 1878 consuetudines
2243 1842 2327 1890 plus

452 1911 719 1944 confundantur
739 1911 885 1957 legibus
912 1923 1018 1956 quam
1039 1912 1228 1956 juventur,
1255 1912 1429 1957 precipue
1455 1917 1604 1957 propter
1631 1911 1828 1956 nequitiam
1852 1923 1858 1944 :
1883 1911 2032 1944 fratrum
2057 1917 2267 1944 nostrorum
2293 1917 2329 1944 et

452 1977 604 2010 aliorum
622 1977 879 2023 religiosorum
901 1978 1055 2011 consilio
1078 1985 1113 2011 et
1131 1985 1260 2024 rogatu
1282 1978 1487 2020 statuimus,
1505 1978 1603 2023 quod
1624 1978 1661 2011 in
1682 1978 1857 2023 predictis
1877 1978 2003 2023 regnis
2021 1976 2125 2023 leges
2141 1977 2327 2011 seculares

453 2043 622 2076 decetero
649 2056 721 2076 non
747 2044 926 2090 legantur,
956 2045 985 2077 si
1012 2051 1131 2077 tamen
1152 2044 1221 2077 hoc
1243 2045 1287 2077 de
1309 2057 1437 2090 regum
1459 2051 1494 2078 et
1514 2044 1718 2090 principum
1741 2044 1963 2090 processerit
1982 2043 2186 2085 voluntate;
2209 2042 2327 2089 primo

454 2098 571 2142 tamen
593 2117 724 2143 statuto
747 2123 890 2156 semper
911 2118 946 2144 et
966 2111 1268 2156 irrefragabiliter
1288 2111 1325 2144 in
1346 2123 1413 2144 suo
1435 2110 1585 2144 robore⁴
1606 2111 1792 2144 duraturo.
1815 2112 1943 2144 Datum
1966 2111 2090 2144 Rome.

546 2208 636 2233 Matth.
654 2209 736 2232 Paris.
756 2209 858 2234 Chron.
873 2210 953 2239 maj.,
969 2210 1011 2233 ed.
1028 2210 1124 2239 Lunrd,
1141 2210 1174 2233 VI
1191 2209 1403 2242 (Additumentu),
1418 2218 1444 2241 p.
1462 2210 1515 2233 293.
1531 2223 1563 2228 -—
1577 2209 1702 2237 Bulaeus,
1718 2209 1764 2237 111,
1781 2210 1835 2233 265.
1851 2223 1883 2227 ——
1899 2197 1991 2233 Matth.
2008 2209 2082 2232 Paris
2103 2209 2170 2232 hanc
2187 2208 2328 2240 epistolam

453 2254 532 2276 refert
546 2253 579 2275 ad
594 2261 635 2276 an.
653 2253 711 2276 1254
729 2253 796 2283 (vide
812 2254 840 2282 Y,
856 2255 902 2277 429
918 2256 984 2285 sq.);
1001 2258 1028 2278 nt
1043 2254 1183 2278 intervallo
1199 2258 1301 2278 tantum
1317 2262 1398 2286 supra
1414 2254 1529 2278 indicato
1551 2254 1628 2277 istius
1648 2254 1711 2278 anni
1727 2254 1894 2278 Innocentius
1909 2255 2006 2278 Romae
2026 2253 2166 2285 (Laterani)
2185 2253 2327 2277 residebat.

453 2291 630 2321 Dubitandum
642 2301 737 2326 tamt-n,
754 2307 787 2321 an
803 2299 865 2322 haec
877 2299 1028 2322 constitutio
1044 2299 1078 2323 sit
1094 2300 1252 2323 authentica.
1269 2299 1326 2323 Non
1342 2299 1484 2331 respondet
1498 2299 1568 2322 enim
1584 2298 1681 2322 actioni
1696 2298 1854 2331 ingenioque
1872 2298 2025 2327 Innocentfi,
2042 2298 2087 2330 qui
2102 2298 2143 2322 vel
2158 2298 2186 2322 in
2200 2298 2274 2322 curia
2286 2297 2329 2324 vel

453 2344 525 2366 extra
540 2350 598 2365 eain
613 2343 729 2367 studium
742 2343 810 2374 juris
826 2343 910 2366 civilis
926 2344 1068 2375 promovit,
1089 2347 1115 2367 et
1134 2344 1220 2367 adhuc
1236 2352 1304 2367 anno
1319 2344 1380 2367 1254
1402 2352 1414 2367 (ι
1434 2344 1557 2375 generale
1573 2343 1692 2367 studium
1711 2343 1851 2375 theologie.
1868 2343 2048 2371 decretalium,
2071 2343 2236 2367 decretorum
2250 2346 2328 2375 atque

455 2386 549 2416 leyum
564 2387 590 2409 in
605 2387 704 2418 palatio
725 2396 780 2415 suo,
803 2388 870 2411 sicut
890 2388 988 2419 ubique
1010 2390 1115 2416 fecerat,
1131 2389 1265 2412 ordinavit
1281 2399 1301 2411 ι.
1318 2388 1372 2412 Nic.
1391 2388 1422 2411 de
1438 2388 1536 2412 Cui-bio
1551 2389 1623 2420 apud
1639 2388 1743 2416 Baluze,
1756 2388 1881 2416 Miscell.,
1894 2388 1934 2411 ed.
1951 2387 2081 2415 Mansi,1,
2098 2388 2151 2411 205.
2169 2387 2207 2411 Cf.
2219 2387 2327 2415 Deum-2,

454 2430 504 2454 Die
523 2431 743 2456 Universz‘taecen
758 2433 803 2456 des
818 2432 1004 2461 Mittelalters‚
1022 2433 1041 2461 1,
1058 2434 1112 2461 301,
1128 2434 1180 2456 303.
1199 2434 1289 2464 Ipsum
1305 2433 1385 2456 etiam
1401 2432 1505 2456 dicendi
1519 2441 1549 2456 ac
1565 2432 1698 2456 scribendi
1711 2441 1794 2464 genus
1810 2433 1836 2456 in
1851 2432 1900 2456 hac
1915 2432 2027 2464 epistola
2038 2431 2145 2455 minime
2159 2439 2218 2455 cum
2234 2436 2328 2463 genere

455 2475 488 2497 ab
505 2475 653 2498 Innocentio
669 2476 695 2498 in
711 2476 765 2499 suis
780 2476 899 2507 epistolis
915 2477 1034 2500 adhibito
1050 2478 1179 2509 congruit.
1193 2478 1309 2501 Tandem
1323 2486 1354 2501 ne
1367 2477 1510 2509 vestigium
1524 2477 1630 2509 quidem
1644 2477 1752 2509 reliquit
1765 2477 1830 2501 haec
1842 2477 1999 2501 Constitutio
2014 2480 2068 2500 tam
2081 2476 2235 2508 generatim,
2249 2483 2328 2508 quu-

456 2518 482 2541 in
506 2519 559 2541 illis
585 2520 736 2551 regionibus
761 2529 809 2552 pro
830 2521 925 2552 quibus
946 2522 1058 2545 maxime
1083 2522 1153 2545 edita
1174 2522 1285 2546 videtur.
1308 2523 1327 2545 Α
1342 2522 1415 2546 nullo
1430 2522 1518 2550 etiam,
1535 2522 1665 2545 Matthueo
1686 2521 1829 2545 Pari-siensi
1848 2524 1964 2553 excepto,
1986 2521 2136 2549 adducitur,
2162 2529 2222 2544 cum
2240 2523 2328 2544 tamen

457 2563 613 2586 Constitutio
629 2564 722 2594 Super
737 2565 881 2594 speculam
896 2566 1004 2589 Honorii
1021 2567 1055 2589 111
1071 2565 1164 2598 (supra
1179 2571 1208 2589 n⁰
1224 2568 1272 2596 32),
1293 2575 1360 2598 quac
1380 2566 1413 2590 ab
1433 2566 1556 2590 omnibus
1579 2566 1719 2598 allegatur,
1741 2566 1831 2589 statim
1848 2565 1945 2597 ubique
1965 2565 2124 2589 exsecutioni
2140 2564 2265 2588 mandata
2284 2564 2327 2594 sit,

456 2610 482 2630 et
496 2607 604 2630 Parisiis
620 2616 666 2638 per
682 2609 781 2639 nliquot
796 2610 901 2632 saecula
916 2609 1037 2641 viguerit.

552 2691 573 2713 1.
593 2691 661 2714 Haec
677 2692 756 2714 verba
772 2693 839 2715 sicut
853 2696 878 2716 et
894 2695 977 2716 forma
993 2694 1174 2726 inscriptionis
1190 2699 1268 2727 utque
1284 2695 1343 2718 finis
1366 2695 1493 2727 epistolae
1514 2703 1561 2718 nos
1583 2695 1701 2723 edocent,
1718 2694 1809 2718 Matth.
1826 2693 1910 2718 Paris„
1927 2693 1994 2717 hunc
2009 2693 2222 2717 constitutionem
2237 2701 2329 2725 sump—

458 2734 524 2757 sisse
538 2743 570 2757 ex
585 2736 698 2765 quadum
718 2736 874 2760 Collectione
894 2738 1077 2767 Decretalium,
1099 2739 1189 2771 utique
1210 2740 1323 2771 privata,
1345 2739 1425 2763 simili
1447 2739 1501 2763 illis
1522 2739 1548 2762 in
1568 2739 1636 2763 Bibl.
1662 2739 1766 2767 Poson.,
1788 2738 2001 2770 Grationopolit.‚
2017 2742 2076 2767 etc„
2097 2738 2259 2766 conservatis
2274 2741 2299 2762 et
2313 2746 2330 2762 u

458 2778 533 2817 nohis
550 2787 627 2810 saepe
642 2780 736 2803 citatis,
753 2794 783 2798 —
797 2782 819 2805 2.
836 2782 922 2804 Luard
940 2790 945 2805 ·.
963 2791 973 2805 α
990 2783 1031 2806 hic
1047 2793 1069 2806 n.
1086 2797 1117 2802 -
1132 2785 1154 2807 3.
1175 2783 1261 2812 Ovid.,
1283 2784 1376 2812 Trist„
1394 2785 1413 2813 1,
1429 2785 1452 2812 8,
1468 2787 1491 2808 5.
1507 2798 1538 2802 -
1552 2785 1575 2808 4.
1595 2784 1682 2807 Luard
1699 2791 1704 2807 ι
1722 2792 1733 2806 (ι
1750 2783 1841 2807 ordine
1857 2791 1878 2806 ».
1892 2801 1897 2806 .
