2618 3640
0 309 10 323 ’ἶ
0 0 70 287 ’ἮΨἿἫ

0 366 6 413 ².

0 492 11 540 ξ·

0 593 11 621 ¹⁴.

0 607 9 674 ,ἕ

1005 430 1301 452 INTRODUCTIO.
2059 432 2095 454 IX

206 509 416 558 explicanda
430 511 496 544 est.
517 507 640 543 Priora
655 507 872 543 documenta
888 506 1087 554 singulares
1105 506 1249 542 scholas
1265 509 1299 542 et
1317 506 1508 554 magistros
1526 509 1559 542 et
1578 506 1758 542 scholares
1775 507 1964 554 separatim
1982 508 2095 554 respi-

205 582 318 625 ciunt,
345 580 541 628 posteriora
564 582 683 615 autem
707 578 850 614 scholas
872 579 1084 626 conjunctas
1105 581 1139 613 et
1161 578 1350 626 magistros
1372 581 1406 613 et
1429 578 1610 614 scholares
1636 578 1673 613 in
1697 590 1827 626 corpus
1851 579 2096 614 Universitatis

208 653 381 689 redactos.
403 651 546 688 Scilicet
565 650 660 687 circa
680 650 790 686 tinem
810 650 942 686 saeculi
962 653 1042 698 post
1063 651 1103 686 C.
1126 651 1168 685 N.
1189 649 1409 693 duodecimi,
1434 653 1472 685 ut
1493 650 1689 693 Bononiae,
1712 650 1761 685 ita
1784 650 1927 685 Parisiis
1948 650 2098 685 formata

205 728 257 761 est
291 723 548 771 magistrorum
586 721 881 769 scholariumque
915 721 1079 757 societas.
1118 721 1283 769 Legimus
1317 721 1492 769 primum,
1531 724 1571 756 ut
1605 721 1757 765 videtur,
1789 721 1886 769 apud
1919 722 2097 757 Thomam

208 793 470 843 Walsingham⁴
490 795 528 830 in
546 795 617 830 vita
630 794 806 830 Johannis
823 795 850 838 1,
864 793 1023 829 vicesimi
1040 793 1148 841 primi
1164 792 1304 829 abbatis
1322 794 1358 828 S.
1373 792 1504 828 Albani
1520 795 1752 837 (1195-1214)
1773 806 1780 828 :
1806 808 1820 825 α
1837 793 1903 829 Hic
1919 793 1955 828 in
1967 793 2097 841 juven-

207 872 280 904 tute
314 867 495 904 scolarum
526 866 781 902 Parisiensium
813 865 1063 913 frequentator
1093 865 1257 901 assiduus
1286 865 1331 901 ad
1361 865 1558 901 electorum
1596 866 1809 901 consortium
1841 865 2096 913 magistrorum

208 939 337 975 meruit
358 939 544 986 attingere.
568 954 582 971 »
612 939 714 974 Certe
734 949 830 973 anno
854 939 1063 974 1208-1209
1076 938 1152 985 Jam
1175 936 1315 985 vigebat
1338 937 1568 979 Universitas,
1592 949 1675 973 cum
1695 937 1929 973 Innocentius
1950 938 1997 972 lll
2019 937 2099 972 uni-

207 1011 314 1047 versis
345 1010 553 1047 doctoribus
582 1021 703 1045 sacrae
739 1010 901 1057 paginae,
933 1009 1177 1053 decretorum,
1210 1009 1415 1045 liberalium
1451 1009 1583 1044 artium
1615 1009 1759 1045 Parisiis
1789 1008 2098 1045 commorantibus

207 1083 372 1131 injungat
392 1082 652 1130 utmagistrum
673 1083 715 1117 G.
747 1095 762 1114 «
780 1081 955 1117 beneficio
979 1081 1158 1117 societatis
1181 1092 1307 1117 eorum
1328 1082 1366 1116 in
1387 1081 1684 1128 magistralibus»
1710 1081 1888 1129 privatum
1917 1095 1931 1113 (ι
1948 1081 2100 1117 Univer-

208 1155 303 1191 sitati
315 1154 570 1203 magistrorum
584 1169 598 1186 ι)
626 1165 687 1189 seu
713 1153 993 1189 «communioni
1012 1153 1294 1200 magistrorum»
1320 1153 1508 1189 restituant
1522 1157 1556 1189 et
1575 1153 1620 1189 ad
1636 1154 1892 1189 «consortium
1913 1153 1949 1189 in
1969 1153 2099 1201 magis-

208 1225 359 1262 tralibus
377 1242 391 1259 »
416 1225 606 1262 admittant
627 1224 728 1273 (Vid.
752 1224 846 1260 infra
866 1231 902 1259 n⁰
923 1225 977 1272 8).
999 1226 1036 1259 ln
1053 1225 1177 1260 eadem
1195 1224 1319 1260 charta
1339 1225 1497 1272 primum
1518 1236 1583 1260 vox
1601 1240 1617 1257 «
1638 1225 1854 1261 Universitas
1870 1240 1884 1258 »
1908 1225 2099 1273 magistro-

207 1309 290 1333 rum
309 1300 518 1345 usurpatur.
542 1298 648 1332 Anno
674 1299 766 1332 1207
789 1296 879 1340 Odo,
901 1296 1090 1344 episcopus
1107 1296 1331 1338 Parisiensis,
1356 1297 1399 1332 de
1415 1297 1674 1332 communitate
1695 1297 1914 1333 scholarium
1937 1297 2099 1344 loquitur

209 1368 304 1414 (Vid.
321 1375 363 1404 n⁰
377 1368 424 1417 6).
442 1369 518 1404 Hae
541 1368 744 1404 mentiones
767 1368 905 1416 primae
930 1368 973 1403 de
1002 1367 1237 1403 Universitate
1260 1368 1454 1404 constituta
1476 1371 1686 1412 occurrunt,
1707 1369 1768 1404 sed
1789 1369 1876 1416 quin
1893 1381 1972 1404 eam
1989 1369 2098 1416 paulo

206 1441 307 1490 prius
330 1440 521 1476 formatam
544 1452 621 1476 esse
643 1439 892 1476 existimemus
908 1451 980 1475 non
997 1439 1157 1482 obstant;
1177 1451 1384 1486 quanquam
1408 1439 1564 1488 Philippi
1581 1440 1734 1487 Augusti
1753 1440 1978 1488 privilegium
1999 1440 2095 1488 (Vid.

207 1519 244 1548 11⁰
264 1512 298 1561 1)
317 1524 412 1548 anno
433 1514 526 1548 1200
542 1511 666 1548 datum
683 1511 909 1548 scholaribus
926 1511 1145 1548 scholarium
1164 1511 1370 1548 societatem
1387 1524 1460 1548 non
1479 1511 1625 1548 indicat.

306 1585 410 1621 Actio
434 1584 676 1620 verisimiliter
696 1583 812 1631 prima
834 1595 906 1631 qua
939 1598 953 1616 «
972 1583 1190 1619 Universitas
1210 1599 1225 1616 »
1252 1595 1317 1619 suo
1340 1584 1487 1619 nomine
1509 1583 1646 1631 aliquid
1672 1583 1828 1620 decrevit
1855 1588 1938 1620 ante
1962 1596 2097 1620 annum

211 1658 303 1693 1208
320 1656 467 1700 incidit;
491 1668 574 1692 nam
597 1656 830 1692 Innocentius
852 1657 899 1691 lll
922 1655 959 1691 in
979 1655 1129 1703 epistola
1147 1667 1256 1703 supra
1275 1660 1474 1692 memorata
1493 1656 1716 1692 mentionem
1736 1656 1819 1692 facit
1837 1657 1948 1692 trium
1975 1671 1989 1689 (ι
2009 1656 2101 1692 arti-

208 1729 374 1765 culorum
403 1744 417 1762 »
450 1727 582 1776 quibus
611 1739 736 1763 omnes
763 1727 923 1775 magistri
948 1739 1073 1775 parere
1096 1726 1268 1771 debeant;
1300 1726 1535 1775 respiciebant
1560 1731 1680 1764 autem
1702 1727 1866 1764 habitum
1890 1728 2097 1773 honestum,

215 1800 440 1837 «lectionum
457 1803 490 1836 et
506 1799 791 1847 disputationum
807 1799 970 1835 ordinem
988 1815 1002 1832 »
1022 1811 1062 1835 ac
1079 1799 1180 1847 pium
1198 1811 1303 1835 usum
1319 1799 1355 1835 in
1373 1799 1599 1836 celebrandis
1615 1800 1871 1836 defunctorum
1886 1800 2099 1836 clericorum

208 1872 399 1920 exsequiis
423 1873 519 1914 Quos
537 1871 723 1916 articulos,
743 1871 868 1907 saltem
886 1871 929 1907 de
947 1871 1143 1907 lectionum
1166 1871 1526 1920 disputationumque
1545 1872 1683 1916 ordine,
1706 1872 1830 1919 utique
1848 1872 2007 1920 magistri
2031 1884 2102 1909 una

208 1947 418 1988 statuerant,
453 1943 546 1979 sicut
570 1943 768 1980 eorundem
797 1942 1091 1979 reformationem
1122 1943 1359 1979 articulorum
1391 1942 1495 1992 (quae
1525 1944 1562 1979 in
1592 1943 1718 1979 eadem
1754 1944 1905 1992 epistola
1936 1944 2099 1992 refertur)

209 2016 356 2052 nomine
381 2015 545 2051 omnium
573 2015 827 2063 magistrorum
854 2014 898 2050 ab
925 2015 1065 2051 octonis
1093 2027 1135 2050 ex
1161 2015 1211 2050 eis
1239 2019 1439 2063 susceptam
1467 2016 1662 2051 cernimus.

308 2086 522 2123 Universitas
542 2087 794 2134 magistrorum
811 2090 844 2122 et
860 2086 1078 2122 scholarium
1096 2086 1196 2134 quasi
1213 2098 1368 2135 persona
1384 2087 1628 2123 introducitur
1647 2088 1804 2135 primum
1825 2087 1861 2122 in
1887 2091 1970 2123 nota
1990 2087 2101 2124 dona—

210 2158 306 2195 tione
330 2170 413 2207 erga
439 2160 579 2194 Fratres
607 2158 873 2195 Praedicatores
899 2159 934 2194 S.
965 2158 1089 2194 Jacobi
1119 2170 1214 2194 anno
1241 2161 1328 2194 1221
1364 2158 1461 2207 (Vid.
1491 2165 1527 2194 11⁰
1551 2162 1625 2204 42),
1649 2159 1684 2195 in
1705 2171 1775 2207 qua
1796 2159 1926 2207 legitur
1953 2172 1960 2195 :
1993 2174 2007 2191 «
2030 2161 2100 2196 Nos

209 2230 426 2267 Universitas
450 2230 703 2278 magistrorum
729 2234 764 2266 ct
789 2230 1008 2266 scholarium
1038 2230 1291 2266 Parisiensium
1316 2245 1330 2263 »
1346 2260 1354 2274 ,
1382 2231 1480 2278 quod
1506 2234 1631 2279 postea
1655 2231 1761 2279 vulgo
1788 2231 1960 2275 occurrit,
1984 2231 2099 2268 donec

210 2304 341 2338 Rector
367 2302 571 2338 artistarum
595 2306 633 2338 ut
661 2302 770 2338 totius
798 2302 1044 2338 Universitatis
1074 2303 1203 2338 Rector
1225 2302 1323 2338 haud
1345 2302 1513 2350 ambigue
1536 2303 1739 2351 recognitus
1755 2306 1821 2339 est.
1850 2305 1977 2339 Postea
2001 2303 2098 2339 enim

211 2375 339 2410 Rector
381 2385 522 2421 semper
563 2377 646 2409 ante
685 2374 956 2410 Universitatem
994 2373 1216 2410 nominatur.
1267 2373 1449 2410 Habemus
1485 2375 1592 2410 etiam
1635 2375 1798 2422 ejusdem
1842 2375 1928 2410 anni
1962 2375 2099 2411 litteras

210 2444 385 2493 quasdam
405 2444 556 2481 Honorii
576 2446 626 2480 111
648 2445 860 2493 praebentes
880 2445 1102 2481 locutionem
1123 2461 1139 2478 «
1161 2445 1374 2482 Universitas
1391 2446 1647 2494 magistrorum
1669 2450 1702 2482 et
1723 2446 1973 2482 scholarium»
2001 2446 2096 2491 (Vid.

209 2516 304 2552 infra
323 2523 361 2552 n⁰
382 2515 459 2565 41);
490 2527 645 2564 quarum
668 2528 712 2552 ex
730 2519 896 2552 contextu
918 2516 1135 2553 concludere
1155 2516 1237 2553 licet
1258 2517 1357 2553 illam
1379 2517 1496 2565 primo
1515 2518 1715 2554 adhibitam
1742 2530 1820 2555 esse
1843 2530 1927 2554 cum
1953 2519 2100 2555 Univer-

210 2587 294 2624 sitas
311 2587 469 2636 sigillum
490 2587 728 2632 fabricaverit,
751 2588 788 2624 in
806 2599 878 2635 quo
894 2587 1146 2632 verisimiliter,
1167 2591 1205 2623 ut
1225 2588 1331 2624 etiam
1355 2589 1547 2636 posterius,
1574 2589 1641 2625 fuit
1663 2590 1875 2638 inscriptum
1901 2605 1915 2622 «
1933 2590 2097 2638 Sigillum

210 2660 455 2696 Universitatis
478 2660 732 2708 magistrorum
752 2663 785 2696 et
806 2659 1026 2696 scholarium
1049 2659 1204 2696 Parisius
1228 2659 1280 2695 »².
1310 2662 1347 2695 ln
1375 2661 1560 2708 praedicto
1587 2661 1806 2698 documento
1832 2662 1990 2711 sigillum
2015 2663 2100 2698 Uni-

211 2732 383 2768 versitatis
403 2732 562 2779 primum
584 2732 686 2779 quasi
705 2732 813 2780 paulo
834 2736 916 2768 ante
939 2731 1145 2768 confectum
1162 2736 1396 2777 memoratur,
1414 2744 1622 2781 quanquam
1648 2734 1774 2770 charta
1789 2734 1992 2770 donationis
2014 2746 2098 2782 erga

211 2803 350 2839 Fratres
380 2803 644 2840 Praedicatores
674 2803 799 2851 sigillis
828 2804 939 2839 trium
970 2804 1237 2852 theologorum,
1272 2815 1344 2840 non
1375 2808 1494 2840 autem
1530 2806 1777 2842 Universitatis
1810 2806 1926 2854 sigillo
1958 2806 2098 2842 munita

305 2944 327 2968 1.
345 2945 425 2970 Gesta
440 2947 577 2971 abbatum
593 2945 760 2970 monasterii
772 2945 800 2970 S.
815 2946 932 2976 Albani,
946 2946 988 2971 ed.
1003 2946 1105 2976 Ram,
1118 2947 1138 2975 1,
1155 2954 1181 2978 p.
1196 2946 1252 2971 217.

304 2989 327 3013 2.
345 2989 478 3015 Habemus
497 2989 613 3022 sigillum
633 2989 820 3014 Universitatis
834 2991 895 3015 anni
912 2991 972 3015 1292
994 2992 1019 3016 in
1039 2991 1120 3016 Arch.
1133 2991 1194 3015 Nat.
1211 2990 1296 3016 Paris.
1314 2991 1346 3016 K.
1365 2991 1412 3015 964
1429 2993 1620 3016 conservatum.
1636 2993 1674 3017 Cf.
1695 2992 1893 3026 descriptionem
1915 2993 1984 3025 apud
2004 2993 2097 3017 noum

212 3034 324 3064 n'ARco,
339 3034 488 3060 Collection
503 3036 536 3059 de
547 3042 662 3068 sceaux,
680 3034 715 3064 11,
730 3039 760 3058 n⁰
773 3034 845 3064 8015,
861 3037 888 3060 et
902 3035 1017 3061 VALnt-:T
1033 3042 1068 3059 nr:
1084 3036 1247 3066 vmivmm,
1263 3036 1336 3061 Hist.
1352 3038 1384 3060 de
1402 3036 1600 3062 l'lnstruction
1615 3038 1761 3069 pufflique,
1776 3046 1803 3070 p.
1817 3038 1871 3062 1290

337 3079 432 3103 Chart.
454 3079 532 3105 Unio.
550 3080 646 3104 Parim
663 3079 684 3103 1.
1949 3084 1963 3106 b
