2580 3528
240 389 338 431 1282]
580 400 627 422 ΑΒ
661 400 767 423 ANNo
802 401 879 428 nce
914 401 1046 430 usqua
1081 402 1129 424 ,sn
1165 402 1394 425 munerun
1429 403 1469 426 1v
1504 404 1592 426 nso.
1630 405 1766 428 rque.
2049 400 2112 432 593

237 473 354 512 sionis
379 479 415 508 et
437 473 685 516 inhibitionis,v
707 479 772 508 etc.
799 474 836 508 Si
861 475 944 520 quis
968 482 1101 518 autem,
1127 481 1191 510 etc.
1220 477 1298 510 Dat.
1326 477 1422 522 apud
1448 476 1583 511 Urbem
1608 479 1777 511 Veterem
1809 479 1857 512 id.
1885 481 2112 523 Decembris,

238 539 469 586 pontificatus
489 541 605 574 nostri
625 553 720 575 anno
741 542 872 587 primo.

334 638 462 664 Vidimus
477 638 583 671 Aymari
603 639 797 672 archicpiscopi
814 640 983 672 Lugdunens.
999 649 1041 664 an.
1058 640 1128 669 1283,
1145 641 1243 665 mensis
1258 641 1332 670 Julii,
1349 642 1375 665 in
1391 642 1468 666 Arch.
1484 643 1587 674 depart.
1606 643 1638 666 de
1653 643 1679 666 la
1694 643 1845 671 Cote-d'Or,
1863 644 1939 668 fonds
1955 645 2114 675 CordeHers,

234 683 316 708 lia-se
336 684 392 708 907.
411 683 481 708 Bibl.
501 684 599 708 Turon.
619 692 670 708 ms.
690 685 746 713 606,
760 685 806 710 fol.
826 684 881 709 174.
896 685 992 710 Poson.
1013 693 1063 709 ms.
1085 685 1124 714 13,
1148 684 1193 710 sol.
1210 686 1254 710 231
1262 685 1282 710 b.
1298 679 1484 718 Glassberger,
1507 687 1611 712 Chr-on.
1631 687 1659 711 in
1680 689 1819 712 Analecta
1838 689 1998 718 Francz‘sc..
2021 690 2054 718 ΙΙ,
2076 691 2113 715 75.

236 728 432 754 Firmamenta
447 729 538 753 trium
555 728 619 753 Ord.
637 728 766 759 (Parisiis,
787 729 857 760 1512)
874 729 950 761 juxta
971 729 1110 762 originale.
1127 730 1178 754 Sed
1193 730 1261 754 Bibl.
1278 734 1332 755 nat.
1347 731 1444 759 Paris.,
1459 739 1511 756 ms,
1525 732 1572 756 lat.
1591 732 1661 760 3120,
1684 732 1728 756 rol.
1739 732 1771 756 ¹1b
1787 732 1822 764 (ct
1839 732 1866 756 in
1885 733 1978 764 lingua
1997 734 2114 766 gallica),

235 774 259 803 8.
277 774 308 798 ⁷2
322 776 348 797 et
362 772 418 802 74¹¹,
434 773 547 805 epistola
562 773 624 797 data
638 776 679 797 est
693 773 731 805 iiij
746 773 783 797 id.
799 773 920 798 Januarii
935 774 1002 805 (Jan.
1017 775 1055 803 10,
1073 783 1115 798 an.
1132 775 1213 805 1282),
1229 775 1298 799 sicut
1314 775 1406 799 eadem
1426 776 1460 799 ad
1475 776 1634 808 mag-istrum
1650 777 1766 808 general.
1782 780 1808 801 et
1820 777 1997 809 provinciales
2012 778 2115 810 priores

236 817 300 843 Ord.
325 818 419 842 Praed.
440 818 468 842 in
489 818 599 843 δατ-θαι.
620 818 666 842 des
686 818 865 842 Dominicnins
885 819 911 842 in
931 818 1008 843 Arch.
1025 819 1128 851 ἀείρω-1.
1144 819 1176 843 de
1190 819 1217 843 la
1233 819 1380 848 Cote—d'Oin
1396 821 1428 844 Η.
1444 821 1499 849 221,
1516 821 1562 845 sol.
1588 821 1646 845 44¹².
1671 821 1735 846 Cod.
1757 822 1897 846 Rutenens.
1918 822 2029 847 Constit.
2050 823 2114 848 Ord.

235 863 339 891 Praed,
355 871 382 895 p.
396 863 450 887 202.
466 862 564 895 Ripou,
582 863 660 888 Bull-
677 863 741 888 ord.
754 863 870 895 Praeti„
886 864 919 892 Π,
936 864 959 887 1.
974 877 1006 882 -
1023 864 1077 887 llae
1096 864 1200 888 litterae
1219 872 1312 888 ansam
1334 865 1516 897 praebuerunt
1538 873 1650 898 magnae
1671 866 1816 890 turbationi
1836 866 1863 890 in
1879 867 2066 896 Universitate,
2087 871 2116 891 ut

235 902 393 932 documenta
407 907 478 932 iufra
494 910 520 931 et
534 907 561 931 in
577 907 600 932 11
614 911 686 932 tomo
701 908 784 932 reluta
799 908 922 940 probant.
940 908 979 932 Cf.
996 908 1030 932 ad
1045 908 1094 932 hoe
1109 909 1250 940 epistolam
1265 909 1277 932 1
1293 909 1358 933 Julii
1374 917 1407 933 an
1426 910 1487 934 1282
1502 909 1638 934 Guillelmi
1652 910 1769 942 archiep.
1786 911 1924 943 Rotomng.
1940 915 1966 936 et
1980 912 2115 936 Guillelmi

235 952 317 984 episc.
344 951 530 976 Ambianensis
549 952 583 976 ad
607 951 823 984 archiepiscopos
846 953 1010 982 Remensem,
1033 953 1223 986 Sennnensem,
1244 954 1424 978 Turonensem
1448 954 1480 978 de
1502 953 1619 978 Concilio
1650 955 1819 979 convocando
1843 955 1981 981 directam.
2010 957 2114 985 Mai-lot,

235 997 397 1028 Metropolis
418 996 559 1025 Remens„
581 997 615 1025 II,
636 998 690 1021 579.
709 997 782 1021 Idem
803 997 931 1021 Martinus
947 998 981 1021 lv
994 997 1050 1029 jam
1065 1006 1107 1021 an.
1125 998 1194 1027 1268,
1215 998 1275 1022 Dec.
1292 999 1330 1027 25,
1345 1001 1464 1030 ternpore
1482 1007 1534 1031 quo
1549 999 1636 1023 adhuc
1650 999 1754 1031 legatus
1774 1000 1800 1024 in
1821 1000 1932 1024 Francia
1952 1001 2009 1029 fuit,
2023 1002 2115 1025 eodem

235 1049 316 1066 sensu
330 1044 409 1074 atque
426 1041 453 1065 in
471 1041 568 1066 litteris
590 1049 672 1074 supra
691 1041 835 1074 publicatis
850 1050 900 1074 pro
915 1042 1064 1074 privilegiis
1088 1042 1304 1067 Prnedicatorum
1328 1046 1353 1067 et
1376 1043 1508 1067 Minox-um
1522 1047 1614 1068 contra
1633 1044 1737 1076 aliquos
1759 1045 1885 1068 articulos
1909 1045 1935 1069 in
1957 1045 2115 1078 provinciali

236 1086 352 1110 Concilio
368 1086 402 1110 ab
417 1086 618 1118 archiepiscopo
632 1086 755 1110 Remensi
769 1089 794 1110 ct
808 1085 865 1118 ejus
880 1086 1056 1119 suffraganeis
1071 1087 1156 1111 editos
1171 1095 1200 1111 se
1214 1087 1369 1113 declaravit.
1385 1088 1449 1111 Cod.
1466 1088 1607 1112 Rutcnens.
1625 1089 1738 1113 Constit.
1753 1089 1816 1113 Ord.
1834 1090 1938 1118 Praed.,
1954 1099 1980 1122 p.
1997 1091 2116 1115 205-208.

233 1143 267 1149 --
280 1130 433 1162 Capitulum
455 1131 579 1162 generale
606 1130 670 1155 Ord.
691 1131 784 1155 Praed.
800 1130 863 1154 anni
877 1131 938 1155 1282
953 1131 1091 1155 admonuit
1110 1133 1206 1156 fratres
1222 1135 1250 1155 ut
1265 1132 1365 1156 monita
1380 1131 1406 1155 in
1423 1132 1520 1156 litteris
1540 1141 1626 1165 papae
1641 1141 1767 1165 expressa
1786 1133 1967 1158 observarent.
1989 1135 2115 1166 Mar-tene,

237 1174 316 1200 Thes.
332 1181 396 1200 nov.
411 1177 521 1204 anecd..
537 1175 579 1203 lv,
594 1175 664 1204 1806,
680 1179 710 1199 n⁰
722 1176 744 1199 3.

235 1324 348 1363 509.
372 1334 517 1360 Martinus
535 1334 580 1360 IV
591 1333 727 1368 Gerardo,
747 1333 892 1369 quondam
908 1333 1011 1360 abbati
1027 1335 1054 1360 S.
1077 1336 1211 1361 Germani
1224 1335 1260 1362 de
1275 1336 1384 1367 Pratis,
1402 1336 1453 1371 qui
1474 1335 1609 1372 olinrpro
1627 1335 1698 1362 hono
1710 1336 1796 1372 pacis
1812 1336 1840 1363 in
1854 1337 1980 1372 gratiam
2002 1339 2116 1365 Univer-

323 1382 423 1409 sitatis
436 1382 615 1409 Parisiensis
631 1383 764 1418 regimini
778 1382 918 1409 abbatiae
933 1383 1029 1417 cessit,
1049 1383 1124 1410 hona
1137 1387 1165 1410 et
1174 1385 1246 1420 jura
1262 1385 1358 1410 omnia
1374 1385 1401 1410 ei
1416 1383 1526 1410 collata
1541 1386 1701 1419 confirmat.

1247 1473 1322 1503 1282,
1337 1474 1457 1500 danum-ll
1466 1474 1504 1504 21,
1520 1475 1590 1506 apud
1601 1473 1690 1500 orbem
1705 1475 1830 1500 Ueterem.

323 1546 491 1581 Gerardo
519 1546 697 1580 monacho
728 1547 911 1592 quondam
941 1546 1061 1581 abbati
1089 1548 1299 1581 monasterii
1330 1547 1452 1582 Sancti
1482 1548 1655 1582 Germani
1682 1549 1726 1582 de
1755 1549 1871 1582 Pratis
1897 1549 2115 1583 Parisiensis

233 1613 279 1649 ad
308 1615 504 1648 Romanam
535 1613 726 1648 ecclesiam
757 1613 859 1648 nullo
889 1614 1010 1648 medio
1035 1615 1254 1660 pertinentis
1279 1615 1430 1649 Ordinis
1457 1615 1578 1649 Sancti
1603 1615 1806 1649 Benedicti.
1834 1617 1875 1649 In
1901 1616 2116 1650 executione

234 1681 427 1727 regiminis
456 1681 669 1715 monasterii
700 1681 820 1715 Sancti
847 1681 1020 1715 Germani
1046 1681 1092 1715 de
1122 1682 1238 1716 Pratis
1267 1682 1465 1716 Parisiens.
1490 1682 1534 1716 ad
1566 1683 1760 1716 Romanam
1792 1682 1982 1716 ecclesiam
2015 1682 2115 1716 nullo

235 1747 357 1782 medio
386 1747 617 1794 pertinentiS‚
649 1747 800 1782 Ordinis
831 1748 951 1782 Sancti
982 1748 1186 1790 Benedicti,
1216 1749 1268 1782 sic
1298 1749 1415 1783 virtus
1445 1749 1591 1782 Domini
1621 1748 1687 1782 tibi
1716 1749 1876 1783 astitisse
1912 1749 2116 1783 dinoscitur

234 1820 275 1849 ut
306 1814 401 1861 apud
438 1826 506 1848 nos
542 1821 578 1848 et
608 1814 844 1861 quamplures
873 1827 940 1848 seu
971 1815 1104 1849 multos
1140 1815 1232 1849 alios
1268 1816 1360 1849 fama
1397 1822 1456 1849 tua
1491 1815 1587 1849 clara
1623 1822 1659 1849 et
1693 1815 1888 1850 laudabilis
1925 1816 2112 1850 habeatur.

235 1881 332 1916 Olim
371 1881 555 1927 siquidem
592 1881 687 1915 inter
725 1887 760 1916 te
799 1889 835 1916 et
870 1882 1070 1916 nonnullos
1109 1881 1307 1916 monachos
1346 1882 1501 1928 predicti
1539 1882 1753 1916 monasterii
1791 1883 2033 1916 communiter
2071 1895 2114 1917 ex

235 1954 336 1994 parte
366 1960 449 1989 una,
487 1955 523 1982 et
551 1948 825 1982 universitatem
860 1949 1117 1995 magistrorum
1151 1961 1191 1983 ac
1223 1948 1419 1983 scolarium
1452 1948 1650 1983 Parisiens.
1682 1960 1726 1983 ex
1758 1949 1882 1991 altera,
1921 1950 2113 1984 occasione

235 2015 475 2061 quorumdam
501 2015 821 2050 fundamentorum
846 2015 1050 2050 latitudinis
1070 2015 1272 2062 amplioris,
1294 2027 1364 2062 que
1386 2022 1437 2058 tu,
1460 2015 1545 2049 dum
1566 2015 1683 2050 adhuc
1704 2027 1808 2050 esses
1833 2015 1945 2050 abbas
1970 2029 2114 2051 monas-

236 2081 320 2116 terii
345 2082 547 2124 memorati,
569 2083 724 2129 ejusque
749 2082 917 2116 monachi
938 2095 1011 2116 non
1031 2082 1142 2129 longe
1163 2095 1181 2116 a
1203 2083 1318 2129 septis
1338 2083 1456 2128 ipsius
1478 2082 1515 2116 in
1534 2082 1592 2117 via
1612 2094 1678 2117 seu
1704 2094 1813 2117 secus
1838 2083 1931 2117 viam
1953 2096 2023 2130 qua
2042 2084 2115 2118 itur

236 2136 282 2183 ad
306 2154 412 2194 prata·
426 2148 623 2183 scolarium
642 2150 840 2184 Parisiens.
862 2149 1100 2184 mandavistis
1121 2156 1157 2184 et
1177 2149 1315 2183 fecistis
1336 2150 1501 2183 construi
1521 2149 1614 2183 viam
1636 2149 1751 2195 ipsam
1777 2149 1860 2196 plus
1884 2150 1993 2184 solito
2017 2163 2114 2184 coar-

237 2214 361 2258 tando,
381 2215 504 2261 gravis
530 2222 566 2251 et
589 2216 827 2262 dispendiose
847 2217 957 2251 nimis
977 2217 1226 2251 discensionis
1246 2217 1395 2251 materia
1420 2217 1592 2250 suscitata
1612 2222 1648 2250 ct
1668 2216 1881 2250 enormibus
1906 2229 1946 2251 ac
1972 2218 2115 2263 pericu-

235 2281 328 2316 losis
348 2287 384 2316 et
408 2281 633 2317 detestandis
653 2283 785 2318 exinde
806 2283 1016 2318 subsecutis
1037 2283 1263 2325 excessibus,
1287 2284 1323 2317 in
1344 2283 1584 2329 quorumdam
1611 2283 1655 2316 de
1682 2283 1926 2317 Universitate
1954 2284 2114 2329 predicta

237 2360 429 2395 personas,
459 2360 550 2383 ausu
577 2349 799 2396 dampnabili
829 2350 1047 2396 perpetratis
1075 2362 1084 2384 :
1112 2362 1180 2384 nos
1208 2357 1293 2384 tunc
1320 2350 1358 2383 in
1385 2350 1517 2383 minori
1545 2349 1663 2383 officio
1691 2350 1879 2384 constituti
1908 2357 1944 2384 et
1973 2350 2010 2384 in
2040 2350 2114 2386 illis

237 2414 402 2462 partibus
435 2415 630 2462 legationis
663 2417 860 2463 fungentes
894 2416 1027 2459 officio,
1057 2428 1139 2451 cum
1173 2428 1217 2450 ex
1250 2423 1351 2462 parte
1385 2416 1503 2462 ipsius
1534 2415 1790 2450 Universitatis
1820 2429 1860 2450 ac
1888 2417 1977 2451 alias
2006 2418 2113 2452 etiam

236 2482 408 2528 publicus
428 2494 541 2529 super
559 2482 632 2517 hiis
651 2483 788 2518 clamor
806 2483 950 2518 validus
969 2483 1015 2518 ad
1035 2490 1195 2518 nostram
1216 2483 1436 2517 audientiam
1457 2482 1700 2529 pervenisset,
1722 2483 1766 2517 ad
1787 2483 2046 2530 inquirendum
2068 2485 2113 2520 de

236 2549 457 2596 supradictis
485 2549 699 2584 excessibus
726 2550 931 2585 exolvendo
958 2550 1074 2585 nostri
1102 2557 1223 2596 partes
1251 2549 1360 2584 ossicii
1388 2549 1558 2583 duximus
1586 2549 1873 2595 procedendum,
1903 2550 2114 2597 hujusmodi

234 2615 384 2662 quidem
410 2622 537 2651 nostro
565 2617 748 2663 pendente
774 2629 964 2664 processu,
990 2624 1029 2651 tu
1053 2617 1273 2663 contemptis
1297 2616 1463 2651 comodis
1490 2616 1650 2663 propriis
1674 2622 1710 2650 et
1734 2616 1885 2651 honoris
1909 2620 2114 2665 postposito

237 2682 289 2717 tui
316 2689 425 2726 statu,
447 2695 512 2730 pro
533 2682 631 2718 bono
652 2684 751 2730 pacis
772 2691 808 2718 et
827 2684 993 2730 ejusdem
1014 2684 1274 2730 tranquillitate
1296 2683 1507 2717 monasterii
1531 2694 1572 2717 ac
1597 2683 1704 2717 etiam
1730 2684 1987 2719 Universitatis
2013 2698 2115 2721 reve-

235 2749 353 2784 rentia
379 2749 602 2796 supradicte,
631 2757 762 2797 sponte
789 2750 827 2785 in
854 2751 991 2786 nostris
1020 2750 1189 2785 manibus
1215 2750 1358 2785 abbatie
1385 2750 1503 2796 ipsius
1530 2750 1742 2784 monasterii
1769 2751 1901 2785 cedere
1928 2753 2113 2795 curavisti,

235 2827 379 2862 nosque
403 2815 614 2863 hujusmodi
642 2824 735 2852 tuam
762 2818 968 2852 cessionem
990 2818 1160 2852 duximus
1181 2816 1453 2851 admittendam.
1475 2817 1527 2851 Ac
1552 2817 1696 2850 tandem
1723 2824 1818 2851 tuam
1846 2825 1914 2852 tam
1941 2819 2113 2854 humilem

237 2888 275 2918 et
307 2889 542 2929 spontaneam
580 2884 802 2927 cessionem,
837 2890 970 2931 tueque
1004 2884 1211 2919 devotionis
1245 2884 1428 2926 affectum,
1463 2894 1568 2929 quam
1604 2895 1691 2930 erga
1730 2885 1924 2919 Romanam
1964 2887 2113 2931 gessisti

237 2948 444 2992 ecclesiam,
465 2949 626 2997 benigne
652 2951 960 2986 considerationis
985 2951 1157 2998 indagine
1184 2951 1390 2993 metientes,
1412 2956 1609 2996 pensantes
1635 2962 1781 2996 quoque
1807 2952 1904 2997 quod
1931 2959 1966 2986 tu
1994 2952 2116 2987 lauda-

363 3008 459 3034 Chart.
482 3008 563 3034 Unio.
581 3009 676 3035 Paris.
691 3009 710 3034 Ι.
1962 3011 1991 3034 75
