2580 3528
231 408 329 449 1279]
575 417 622 439 ΑΒ
655 417 760 439 nuno
793 416 871 439 uec
905 415 1037 444 usqua
1072 416 1120 438 AD
1154 416 1383 438 ruitirruu
1418 417 1458 438 1v
1491 417 1580 438 nnc.
1619 418 1754 439 nuuc.
2041 409 2106 442 573

229 491 371 525 bertum
394 490 452 524 'de
486 491 612 532 Saana,
646 490 860 524 canonicum
900 490 1152 535 Bajocensem,
1188 489 1378 535 physicum
1412 489 1662 523 illustrissime
1702 490 1830 536 regine
1870 492 2032 526 Francie.
2068 499 2103 525 et

228 563 423 603 utrumque
443 568 568 590 eorum
589 556 628 590 in
648 556 820 596 solidum,
842 555 1066 590 exhibitores
1086 556 1325 602 presentium,
1344 567 1432 589 suos
1452 556 1642 589 constituit
1662 563 1695 589 et
1717 556 1801 589 secit
1821 563 1925 590 att....
1945 564 2048 590 natos
2069 565 2102 590 et

229 630 485 670 procuratores
518 622 724 669 generales,
760 622 807 656 ita
841 622 939 668 quod
973 634 1047 655 non
1082 622 1129 656 sit
1162 622 1292 656 melior
1325 622 1487 655 conditio
1522 623 1748 668 occupantis,
1780 623 2000 668 conjunctim
2037 636 2102 656 seu

229 690 389 731 divisim,
418 689 462 724 ad
492 689 701 736 ponendum
732 695 769 723 et
796 689 1012 723 mittendum
1040 689 1187 722 nomine
1214 689 1332 735 ipsius
1359 689 1574 722 thesaurarii
1605 696 1640 722 et
1672 701 1737 735 pro
1767 690 1848 735 ipso
1879 689 2039 723 scolares
2066 690 2103 723 in

228 756 412 802 theologia
432 756 623 790 studentes
643 756 819 798 Parisius,
841 756 902 802 qui
924 756 968 789 de
990 755 1098 789 bonis
1119 756 1237 802 ipsius
1258 755 1474 789 thesaurarii
1495 768 1513 789 a
1534 756 1689 789 Domino
1711 755 1782 789 sibi
1803 755 1945 789 collatis
1967 755 2101 789 ibidem

228 823 267 857 in
281 823 404 857 studio
420 829 684 864 sustententur,
701 823 738 856 in
756 823 1029 868 possessionem
1046 822 1271 868 corporalem
1290 822 1440 856 duarum
1459 822 1662 863 domorum,
1682 822 1873 863 librorum,
1891 829 1925 856 et
1941 823 2101 856 omnium

229 889 439 924 utensilium
469 890 506 923 in
540 889 678 923 eisdem
713 896 981 931 contentorum,
1011 901 1102 935 quas
1130 889 1274 923 dicebat
1303 901 1342 922 se
1372 889 1507 922 habere
1536 889 1632 922 idem
1664 889 1912 922 thesaurarius
1942 889 2103 923 Parisius

228 957 331 998 sitas,
351 968 459 990 unam
478 955 650 990 videlicet
669 956 707 989 in
726 956 806 990 vico
827 956 971 1002 Cytare,
993 956 1029 989 in
1050 955 1239 1002 parrochia
1260 956 1380 990 Sancti
1402 956 1568 990 Severini
1590 956 1822 998 Parisiensis,
1841 963 1877 989 et
1895 956 2043 990 alteram
2065 956 2102 989 in

228 1023 309 1058 vico
330 1023 451 1058 Sancti
470 1023 637 1062 Cosme',
653 1023 755 1068 juxta
777 1023 923 1056 domum
945 1022 1204 1056 monachorum
1232 1023 1571 1068 Clugniacensium,
1592 1022 1636 1056 ab
1657 1023 1827 1069 opposito
1848 1023 1979 1056 (lomus
2001 1034 2104 1056 reve-

229 1089 334 1124 rendi
358 1089 470 1136 patris
490 1090 655 1136 episcopi
676 1089 1027 1130 Autisiodorensis⁸,
1050 1090 1095 1123 de
1117 1089 1251 1135 quibus
1273 1089 1311 1123 fit
1334 1090 1476 1123 mencio
1504 1091 1539 1122 in
1565 1089 1783 1135 quibusdam
1809 1089 1942 1123 litteris
1967 1089 2103 1135 sigillis

227 1156 328 1190 curie
345 1156 650 1203 Rothomagensis
667 1163 703 1190 et
722 1156 838 1202 ipsius
855 1156 1070 1190 thesaurarii
1088 1156 1272 1202 sigillatis,
1290 1163 1399 1202 prout
1413 1156 1601 1190 asserebat
1620 1157 1716 1190 idem
1734 1156 1997 1198 thesaurarius,
2014 1163 2050 1190 et
2065 1157 2102 1189 in

227 1222 446 1269 quibusdam
466 1222 548 1256 aliis
567 1222 699 1257 litteris
720 1235 832 1268 super
856 1223 1047 1268 premissis
1068 1223 1258 1264 consectis,
1284 1235 1374 1268 quas
1395 1235 1509 1269 penes
1529 1235 1568 1256 se
1589 1223 1760 1256 dicuntur
1780 1223 1914 1256 habere
1941 1223 2102 1257 scolares

227 1289 416 1331 antediem
438 1296 475 1323 et
493 1289 584 1323 dans
599 1289 737 1323 eisdem
759 1289 1032 1323 venerabilibus
1052 1290 1141 1323 viris
1163 1289 1462 1335 procuratoribus
1483 1290 1575 1331 suis,
1593 1297 1628 1324 et
1648 1290 1792 1335 utrique
1813 1290 2049 1336 conjunctim,
2067 1297 2103 1323 et

227 1368 352 1390 eorum
373 1355 478 1390 alteri
498 1356 658 1397 divisim,
679 1355 875 1401 plenariam
897 1362 1111 1401 potestatem
1133 1363 1168 1389 et
1188 1356 1347 1402 speciale
1370 1346 1573 1390 mandatum
1596 1357 1770 1402 ponendi,
1793 1356 2041 1390 constituendi
2067 1363 2101 1390 et

227 1422 392 1458 mittendi
416 1434 482 1469 per
500 1434 540 1456 se
560 1422 663 1468 ipsos
683 1422 919 1468 conjunctim,
941 1434 1007 1456 seu
1029 1434 1093 1468 per
1113 1434 1239 1456 eorum
1261 1422 1413 1456 alterum
1436 1423 1594 1463 divisim,
1617 1435 1682 1456 seu
1710 1435 1774 1468 per
1792 1423 1900 1456 alium
1926 1423 1983 1456 vel
2009 1423 2101 1456 alios

226 1496 320 1531 quos
342 1484 402 1519 vel
426 1496 533 1530 quem
561 1484 632 1530 ipsi
657 1484 821 1527 insimul,
846 1484 904 1518 vel
930 1484 1020 1518 alter
1045 1496 1171 1518 eorum
1199 1485 1358 1526 divisim,
1384 1485 1428 1518 ad
1458 1484 1527 1518 hoc
1553 1485 1777 1518 constituere
1807 1485 1991 1519 voluerint
2019 1484 2100 1518 loeo

225 1551 390 1598 ipsorum
410 1563 477 1585 seu
497 1550 647 1585 alterius
667 1551 892 1593 eorumdem,
914 1551 952 1584 in
973 1551 1249 1597 possessionem
1269 1551 1495 1597 corporalem
1517 1551 1803 1597 premissorum;
1827 1558 1862 1585 et
1882 1563 1946 1584 eos
1969 1551 2102 1584 missos

225 1618 264 1652 in
283 1618 378 1652 dicta
402 1618 641 1664 possessione
661 1618 800 1660 tuendi,
823 1618 1058 1660 defendendi,
1081 1625 1117 1652 et
1137 1619 1257 1652 omnia
1277 1618 1345 1652 alia
1366 1618 1521 1652 faciendi
1543 1630 1654 1664 super
1675 1618 1866 1664 premissis
1887 1629 1951 1651 seu
1979 1618 2102 1663 aliquo

226 1683 525 1732 premissorum⁴,
546 1696 616 1730 que
636 1684 716 1730 ipse
737 1683 985 1719 thesaurarius
1005 1685 1140 1718 faceret
1160 1697 1225 1718 seu
1246 1685 1364 1718 faeere
1385 1691 1523 1731 posset,
1542 1685 1573 1718 si
1594 1696 1748 1730 presens
1769 1691 1880 1726 esset,
1903 1691 2044 1730 gratum
2069 1691 2102 1718 et

226 1757 342 1786 ratum
368 1751 559 1786 habiturus
588 1751 762 1797 quicquid
790 1763 854 1798 per
883 1751 1001 1786 dictos
1030 1751 1262 1785 venerabiles
1287 1752 1388 1786 viros
1416 1758 1673 1798 procuratores
1702 1763 1803 1794 suos,
1832 1763 1957 1785 eorum
1985 1751 2101 1797 gratia

226 1818 346 1864 quoad
371 1817 454 1860 hoc,
482 1829 548 1851 seu
574 1830 640 1864 per
666 1817 819 1852 alterum
846 1818 1073 1860 eorumdem,
1101 1830 1166 1852 seu
1194 1830 1259 1864 per
1286 1818 1506 1852 substitutos
1532 1818 1589 1852 vel
1618 1817 1854 1852 substitutum
1882 1817 1926 1851 ab
1952 1818 2006 1851 eis
2034 1829 2099 1852 seu

225 1883 339 1919 altero
359 1884 585 1926 eorumdem,
602 1884 806 1918 ordinatum
828 1891 864 1918 et
882 1885 1013 1918 sactum
1034 1884 1144 1918 suerit
1163 1884 1200 1918 in
1223 1885 1424 1930 premissis.
1442 1884 1549 1928 Quod
1570 1884 1741 1918 omnibus
1757 1896 1911 1930 quorum
1933 1884 2098 1926 interest,

225 1962 270 1987 ox
293 1950 470 1985 relatione
493 1950 647 1997 predicti
667 1951 779 1997 jurati
800 1951 915 1985 nostri
937 1950 1044 1985 nobis
1064 1951 1169 1993 sacta,
1189 1951 1247 1985 cui
1269 1950 1377 1985 fidem
1403 1951 1601 1997 plenariam
1628 1951 1748 1996 quoad
1773 1950 1841 1984 hoc
1868 1950 2098 1992 adhibemus,

225 2023 353 2052 tenore
385 2017 610 2063 presentium
645 2017 714 2051 sub
748 2017 872 2063 sigillo
905 2018 1006 2051 curie
1040 2016 1346 2064 Rothomagensis
1379 2017 1531 2051 facimus
1565 2017 1808 2050 manifestum.
1841 2018 1969 2050 Datum
2004 2029 2099 2050 anno

227 2083 373 2118 Domini
393 2085 444 2118 Μ’
454 2084 531 2119 CC'
542 2085 638 2118 LXX
664 2096 775 2125 nono,
797 2084 857 2118 die
877 2084 1058 2118 dominica
1079 2090 1162 2130 post
1180 2084 1446 2118 Ascensionem
1468 2084 1627 2117 Domini.

1226 2150 1412 2184 Habentur
1439 2150 1552 2196 gratis
1581 2162 1647 2196 pro
1677 2150 1916 2184 thesaurario.

320 2247 457 2280 Originnle
470 2247 498 2272 in
512 2248 589 2272 Arch.
605 2248 726 2273 Univen.
739 2248 823 2274 Paria.
836 2249 911 2273 theca
926 2249 1002 2273 xxn.
1019 2249 1045 2273 Z.
1062 2249 1084 2272 1.
1101 2251 1124 2274 5.
1141 2249 1238 2273 Charta
1254 2249 1344 2281 sigillo
1359 2249 1469 2272 munita.
1481 2263 1512 2267 —
1522 2249 1659 2277 Jourdnin,
1672 2253 1701 2271 ιιο
1716 2249 1769 2272 256.
1782 2248 1852 2272 —lu
1866 2248 1958 2271 ‹aun-tu
1973 2248 2097 2280 originali

226 2293 316 2325 -ttqu
330 2292 412 2317 verb·
424 2292 511 2317 ‹idet-
525 2296 595 2317 nunt.

321 2377 344 2402 1.
361 2376 510 2401 Bam-adn·
529 2384 576 2400 oen
590 2377 731 2401 Bertoldu·
745 2377 778 2401 de
792 2377 818 2401 S.
835 2377 961 2409 Dionysio
976 2377 1027 2401 ruit
1041 2378 1159 2401 ramosus
1173 2377 1322 2409 theologus,
1338 2380 1430 2409 postea
1444 2376 1618 2401 cancellarius
1634 2376 1800 2405 Par-inienuit,
1817 2384 1860 2400 an.
1881 2377 1943 2400 1300
1956 2376 2098 2409 episcopu-

227 2421 431 2446 Anrelianmin.
445 2420 510 2445 Vide
524 2421 556 2445 tle
570 2421 629 2454 ipuo
644 2421 766 2446 Ham-dau
782 2421 807 2445 in
822 2421 897 2447 msc.
913 2421 967 2447 liu.
984 2422 1017 2446 de
1029 2421 1059 2446 la
1069 2421 1188 2452 France,
1198 2421 1272 2450 XXV,
1284 2422 1330 2445 317
1345 2429 1413 2453 εψμ
1428 2421 1511 2453 Lecoy
1527 2421 1559 2445 de
1574 2421 1599 2445 la
1612 2421 1725 2450 marche,
1740 2421 1781 2446 La
1794 2420 1892 2446 chaire
1899 2422 2046 2452 francaiu
2059 2428 2099 2446 au

226 2471 329 2497 moyen
347 2466 407 2497 doe.
427 2466 442 2489 2
461 2465 513 2494 od„
533 2473 560 2497 p.
581 2467 635 2489 500.
650 2478 682 2484 —
700 2467 723 2490 2.
742 2465 815 2490 Bane
831 2466 939 2489 domum
958 2465 1115 2490 Gussletmun
1135 2466 1168 2489 de
1188 2466 1274 2489 Suana
1293 2469 1319 2489 et
1337 2465 1472 2490 ‚lohannes
1494 2465 1526 2489 de
1546 2465 1686 2490 Gemeticis
1706 2473 1756 2497 pro
1775 2465 1861 2497 pretio
1880 2465 2054 2489 duem-tarum
2073 2469 2100 2489 et

225 2509 359 2542 octogint-
373 2509 435 2534 libr.
450 2513 536 2534 turon.
555 2509 705 2534 babuerunt
717 2518 732 2534 ι
748 2509 876 2542 mugi-tro
890 2509 1020 2534 Richardo
1035 2510 1068 2533 do
1081 2510 1182 2538 Nealsa,
1197 2509 1324 2534 canonico
1338 2509 1467 2538 Remensi,
1484 2513 1550 2534 teste
1562 2509 1653 2534 charta
1666 2518 1709 2534 an.
1725 2510 1795 2540 1273,
1809 2510 1907 2533 mensis
1924 2509 2098 2542 Septembris,

226 2553 253 2578 in
270 2553 347 2579 Areb.
365 2556 418 2578 nat.
437 2553 521 2578 Paris.
540 2553 567 2578 S.
586 2554 675 2583 Μὴ
695 2558 725 2578 n⁰
744 2554 781 2578 1⁵.
794 2554 983 2587 Apographum
1003 2553 1068 2578 ibid.
1090 2558 1119 2577 n⁰
1136 2554 1173 2578 ¹¹³.
1189 2567 1220 2572 —
1235 2555 1257 2578 3,
1279 2553 1315 2578 De
1337 2553 1389 2578 iata
1404 2554 1483 2578 domo
1503 2554 1562 2578 vido
1579 2562 1662 2585 supra
1680 2558 1710 2577 n⁰
1728 2554 1772 2578 ³61
1794 2553 1849 2584 (ubi
1868 2554 1947 2578 etiam
1967 2554 1999 2578 de
2018 2554 2098 2578 domo

226 2597 448 2629 cumben-ium)
463 2601 489 2623 et
506 2597 699 2631 Topooraphoe
712 2597 869 2631 hinov-tque
881 2599 924 2624 du
937 2598 1021 2624 view-n
1033 2598 1127 2628 Parin,
1138 2606 1189 2631 par
1199 2598 1341 2622 'rin-erma
1353 2606 1359 2622 ι
1375 2598 1484 2629 Mulon
1497 2598 1666 2624 occidentale
1681 2599 1715 2623 de
1732 2597 1919 2628 l'Uuiversn'td,
1934 2607 1961 2631 p.
1976 2599 2023 2623 428
2035 2606 2094 2631 oqq.

225 2655 258 2662 —·
270 2643 295 2667 t.
309 2642 384 2675 Orig.
402 2650 408 2667 x
426 2651 438 2666 ι
453 2642 593 2675 proniani·
609 2651 630 2667 ι.
