2580 3528
482 422 546 454 538
1060 426 1381 450 CHARTULARIUM
1416 425 1606 447 uuivssns.
1643 424 1772 446 PAnis.
2255 415 2355 456 [1275

477 506 535 529 Vnt.
550 518 582 524 —
596 504 715 536 Epistola
734 507 806 527 caret
823 502 950 535 temporis
970 505 1031 525 nota
1050 505 1076 526 et
1093 501 1264 533 inscriptione
1279 500 1392 524 nominis
1412 507 1506 531 papae.
1523 499 1561 522 Ad
1577 506 1618 521 an.
1637 498 1706 526 1275,
1727 498 1815 522 Max-tii
1835 499 1874 528 25,
1891 498 1999 531 quidam
2021 500 2053 523 fr.
2074 499 2208 523 Johannes
2229 499 2356 532 supprior

477 550 611 582 prioratus
627 550 658 572 de
673 548 806 572 Char-itate
821 547 980 571 nominatur.
997 547 1035 570 Cf.
1053 546 1088 570 De
1108 546 1273 577 Lespinnsse,
1296 544 1401 569 Cartul.
1418 545 1458 568 du
1472 543 1595 574 prieure'
1606 544 1640 567 de
1659 542 1688 567 Ζα
1705 542 1986 573 Οὴανίίέ-εαν-Ζοίνε,
2000 552 2027 575 p.
2044 544 2099 573 261,
2115 548 2144 567 n⁰
2159 544 2212 568 125.
2234 544 2355 576 Epistola

476 595 547 618 haud
564 594 639 618 facile
654 597 715 625 post
727 593 891 625 praedictum
907 599 1004 615 annum
1019 591 1118 622 scripta
1133 593 1181 619 est,
1199 598 1244 613 nec
1260 589 1339 612 etiam
1354 592 1414 612 ante
1429 596 1470 611 on.
1490 588 1559 615 1259,
1576 595 1628 619 quo
1643 587 1746 619 primus
1763 587 1892 619 magister
1907 587 1970 612 Ord.
1987 588 2105 612 Cluniae.
2121 589 2247 612 laudatur
2262 590 2354 621 (supra

475 643 505 662 n0
526 640 589 668 3110).
611 638 686 666 Quod
705 638 739 661 ad
757 637 943 661 cancellarium
963 635 1055 659 attinet
1075 635 1166 658 charta
1181 634 1279 665 optime
1297 635 1453 664 congrueret
1474 632 1553 656 aetati
1573 631 1695 664 magistri
1716 631 1843 664 Stephani
1865 632 1944 663 (circa
1963 641 2006 657 an.
2025 633 2087 656 1263
2106 641 2190 665 usque
2211 633 2292 664 1268).
2315 634 2352 658 De

478 683 561 707 initiis
577 682 687 714 collegii
703 681 881 706 Cluniacensis
897 680 1005 704 Parisiis
1019 679 1078 703 vide
1094 687 1175 710 supra
1189 683 1218 701 n⁰
1233 679 1287 707 375,
1303 681 1373 700 nota.

572 767 595 791 1.
614 767 667 790 Hoc
681 766 784 789 initium
805 765 940 796 epistolae,
957 763 1070 795 demptis
1084 763 1243 795 quibusdam
1257 761 1414 785 lectionibus
1429 760 1604 789 variantibus,
1619 761 1741 792 congruit
1761 769 1820 784 cum
1839 761 1914 785 initio
1936 761 2084 786 litterarum
2099 762 2244 787 Innocentii
2256 763 2291 787 lv
2305 771 2354 795 pro

478 810 695 834 Cistereiensibus
712 818 793 841 supra
807 814 836 832 n⁰
852 810 896 832 133
914 809 1052 832 editarum.

475 963 587 1000 466.
610 971 761 1007 Philippus
784 973 835 1005 Ill,
858 972 1030 996 Francorum
1050 978 1109 1004 rex,
1132 972 1227 995 notum
1247 969 1322 1003 facit
1342 977 1373 994 se
1393 968 1508 995 litteras
1531 967 1635 994 vidisse
1655 968 1759 1004 quibus
1774 968 1934 995 Ludovicus
1950 969 1996 995 IX
2012 969 2189 1004 recognoscit
2199 969 2354 1006 privilegia

566 1020 712 1055 magistris
728 1024 755 1046 et
768 1019 948 1045 scholaribus
963 1018 1179 1044 Parisiensibus
1194 1027 1213 1043 a
1228 1017 1363 1054 Philippo
1377 1018 1508 1052 Augusto
1524 1025 1671 1044 concessa.

1613 1107 1688 1137 1278,
1703 1115 1794 1134 mense
1807 1107 1937 1137 danum-io,
1953 1107 2066 1134 Parisiis.

563 1185 751 1230 Philippus
776 1184 842 1216 Dei
864 1183 978 1229 gratia
1002 1184 1221 1216 Francorum
1246 1194 1319 1215 rex.
1342 1183 1473 1215 Notum
1496 1182 1649 1215 facimus
1671 1182 1856 1216 universis
1881 1189 1952 1216 tam
1981 1182 2216 1228 presentibus
2244 1194 2351 1228 quam

473 1252 616 1293 futuris,
648 1251 745 1296 quod
775 1262 842 1283 nos
872 1250 1009 1283 litteras
1039 1249 1163 1283 inclite
1194 1249 1458 1283 recordationis
1489 1249 1753 1295 preklarissimi
1783 1249 1922 1282 domini
1952 1255 1988 1282 et
2019 1249 2201 1295 genitoris
2235 1249 2352 1283 nostri

473 1318 645 1352 Ludovici
676 1318 775 1363 regis
805 1319 1025 1350 Francorum
1054 1316 1212 1350 vidimus
1242 1315 1278 1349 in
1304 1315 1370 1349 hec
1400 1315 1510 1350 verba
1538 1327 1545 1348 :
1579 1316 1620 1348 In
1649 1316 1798 1349 nomine
1828 1322 1951 1349 sancte
1987 1322 2023 1349 et
2051 1316 2240 1350 individue
2271 1316 2352 1350 Tri-

473 1381 606 1422 nitatis,
638 1392 753 1413 amen.
786 1379 992 1413 Ludovicus
1022 1379 1088 1411 Dei
1118 1378 1244 1424 gratia,
1275 1383 1339 1412 etc.
1365 1379 1459 1412 sicut
1483 1389 1594 1423 supra
1624 1382 1662 1411 11⁰
1686 1378 1742 1420 66,
1769 1389 1873 1424 usque
1899 1378 1936 1412 in
1953 1378 2085 1424 finem.
2109 1377 2248 1413 Deinde
2273 1391 2284 1412 .·
2311 1379 2353 1412 In

473 1449 576 1492 cujus
599 1447 651 1480 rei
677 1447 924 1480 testimonium
949 1445 1182 1491 presentibus
1208 1445 1339 1478 litteris
1365 1452 1530 1478 nostrum
1553 1445 1706 1478 fecimus
1732 1445 1866 1490 apponi
1889 1444 2070 1491 sigillum.
2097 1445 2228 1478 Actum
2251 1445 2351 1479 Pari-

473 1515 550 1548 sius
580 1526 673 1547 anno
704 1514 848 1546 Domini
878 1513 1071 1546 millesimo
1102 1512 1353 1546 ducentesimo
1384 1511 1656 1558 septuagesimo
1686 1512 1827 1557 quinto,
1859 1523 1988 1545 mense
2012 1512 2197 1545 Januario.

568 1612 703 1644 Originale
724 1611 751 1635 in
775 1611 851 1635 Areh.
874 1615 927 1635 nat.
951 1611 1034 1635 Paris.
1058 1611 1091 1634 M.
1114 1611 1170 1639 66⁸,
1192 1614 1222 1633 n⁰
1241 1611 1263 1634 6.
1297 1610 1422 1642 Sigillum
1442 1617 1547 1634 cereum
1575 1609 1625 1633 vir.
1646 1610 1696 1633 col.
1722 1609 1774 1633 filis
1795 1611 1871 1634 serie.
1897 1609 1957 1634 rub.
1978 1612 2004 1633 et
2030 1609 2080 1633 vir.
2107 1610 2158 1634 col.
2180 1610 2350 1642 appenditur.

474 1657 625 1681 Pertinebat
643 1657 676 1680 ad
691 1657 767 1680 Arch.
783 1656 906 1680 Univers.

471 1797 584 1834 467.
601 1806 753 1843 Philippus
767 1807 818 1841 ΙΙΙ,
831 1807 1003 1832 Francorum
1018 1814 1077 1840 rex,
1090 1806 1259 1842 praeposito
1274 1805 1437 1832 Parisiensi
1451 1805 1572 1831 mandat
1583 1808 1613 1831 ut
1627 1805 1782 1840 magistros
1799 1808 1826 1830 et
1839 1803 1988 1830 scholares
2003 1804 2163 1831 Parisiens.
2180 1803 2218 1830 ah
2234 1804 2351 1840 injustis

562 1855 701 1882 violentiis
716 1855 863 1890 defendat.

1599 1903 1672 1933 1276,
1688 1903 1751 1930 dulii
1760 1903 1805 1933 27,
1821 1903 1890 1936 apud
1901 1903 2063 1929 uetadunum.

563 1979 750 2024 Philippus
774 1979 839 2012 Dei
871 1979 984 2024 gratia
1008 1980 1226 2012 Francorum
1258 1990 1320 2012 rex
1343 2005 1364 2011 ..
1386 1978 1574 2024 preposito
1598 1978 1795 2011 parisiensi
1828 1977 1993 2011 salutem.
2029 1976 2243 2011 Mandamus
2282 1976 2349 2010 tibi

474 2046 642 2090 quatinus
685 2046 955 2079 universitatem
1000 2046 1255 2091 magistrorum
1300 2052 1336 2078 et
1373 2045 1567 2078 scolarium
1607 2044 1768 2078 Parisius
1811 2044 2035 2077 studentium
2081 2043 2259 2077 defendas
2304 2043 2349 2077 ab

474 2112 619 2157 injustis
653 2112 842 2146 violenciis
873 2119 907 2145 et,
935 2111 1207 2158 gravaminibus
1237 2112 1451 2145 manifestis.
1482 2112 1610 2144 Actum
1647 2111 1742 2156 apud
1771 2110 2007 2144 Meledunum
2043 2109 2101 2143 die
2135 2109 2222 2143 lune
2265 2116 2352 2156 post

474 2179 604 2212 festum
634 2179 737 2212 beate
767 2180 878 2212 Marie
909 2179 1137 2225 Magdalene,
1168 2190 1261 2212 anno
1293 2178 1438 2212 Domini
1469 2178 1597 2212 M⁰CC⁰
1627 2178 1900 2223 septuagesimo
1931 2183 2045 2210 sexto.

567 2277 701 2308 Originule
717 2277 742 2300 in
756 2277 832 2300 Arch.
846 2277 966 2301 Univers.
983 2277 1066 2300 Paris.
1082 2277 1157 2300 theca
1172 2277 1214 2300 IV.
1231 2277 1260 2300 A.
1276 2277 1313 2300 21.
1330 2284 1352 2300 e.
1368 2289 1399 2294 —
1413 2276 1551 2304 Jourdain,
1568 2280 1597 2299 n⁰
1612 2277 1666 2304 245,
1683 2275 1726 2308 qui
1742 2275 1861 2299 chartam
1876 2283 2016 2307 perperam
2032 2275 2065 2298 ad
2078 2275 2130 2298 Jul.
2146 2275 2175 2298 26
2190 2275 2279 2298 refert.

476 2457 588 2493 468.
615 2466 764 2492 Ordinatio
784 2467 981 2492 Universitatis
1000 2466 1186 2501 Parisiensis,
1204 2475 1238 2492 nc
1261 2466 1392 2501 magistri
1411 2469 1439 2492 et
1455 2465 1620 2492 haccalarei
1635 2466 1664 2492 in
1680 2465 1750 2492 locis
1762 2465 1886 2502 privatis
1907 2464 2005 2500 libros,
2028 2465 2156 2501 exceptis
2175 2464 2347 2499 grammati-

567 2514 678 2540 calibus
694 2519 721 2541 et
736 2515 915 2550 logicalibus,
934 2515 1040 2550 legant.
1511 2532 1513 2534 v

1475 2560 1551 2590 1276,
1568 2559 1727 2592 Septembris
1740 2560 1766 2590 2,
1782 2560 1851 2592 apud
1863 2559 1886 2586 S.
1901 2559 2060 2585 Bet-nardum.

569 2633 794 2666 Universitas
828 2634 1082 2679 magistrorum
1118 2641 1153 2667 et
1187 2634 1380 2667 scolarium
1416 2635 1676 2668 Parisiensium
1711 2634 1754 2668 ad
1788 2640 1998 2679 perpetuam
2033 2633 2086 2666 rei
2120 2631 2345 2665 memoriam.

480 2700 598 2732 Verus
621 2699 861 2733 Samaritanus
882 2707 1006 2733 noster
1026 2701 1062 2733 in
1083 2701 1257 2734 mundum
1283 2701 1435 2735 veniens
1460 2708 1623 2734 naturam
1648 2700 1838 2734 humanam
1867 2699 2126 2733 miserabiliter
2153 2698 2346 2732 sauciatam

481 2765 622 2798 sanitati
649 2766 817 2806 restituit,
843 2767 964 2799 vinum
992 2774 1026 2799 et
1053 2767 1172 2800 oleum
1201 2768 1349 2801 sauciati
1370 2768 1584 2802 vulneribus
1606 2767 1844 2801 infundendo.
1871 2766 1963 2810 Quia
1989 2777 2076 2799 vero
2097 2765 2230 2811 patitur
2255 2765 2348 2798 reci-

482 2831 616 2873 divum,
639 2832 802 2864 adhiberi
823 2832 949 2865 debuit
967 2833 1158 2875 medicina,
1181 2846 1250 2878 que
1271 2835 1365 2868 soret
1384 2834 1484 2868 utilis
1505 2835 1550 2868 ad
1570 2834 1722 2868 salutem
1739 2835 1840 2879 juxta
1861 2832 2068 2878 qualitatem
2090 2831 2222 2873 morbi,
2250 2843 2347 2864 nunc

480 2899 649 2939 fomenta,
679 2910 773 2931 nunc
801 2905 933 2931 actiora
960 2899 1118 2932 remedia
1145 2900 1339 2933 salubriter
1365 2901 1595 2946 apponendo.
1624 2902 1777 2946 Propter
1804 2899 1901 2946 quod
1930 2905 2160 2933 sacrosancta
2190 2897 2347 2931 ecclesia

481 2965 689 2998 diversosca
709 2976 824 2998 nones
846 2964 959 2997 edidit
979 2965 1178 2998 secundum
1199 2966 1385 3011 culparum
1411 2968 1628 3013 exigentiam
1656 2967 1812 3013 puniens
1838 2973 2134 3011 transgressores
2155 2971 2191 2998 et
2215 2964 2347 2998 suturis

588 3024 626 3047 68.
