2580 3528
485 396 551 429 490
1066 403 1382 427 CHARTULARIUM
1417 401 1607 424 UMVERS.
1644 400 1774 423 PAnls.
2259 393 2356 434 [1271

487 491 560 513 non
581 479 746 512 modicus
767 479 942 512 maximus
969 479 1015 512 sit
1039 479 1076 510 in
1101 478 1186 519 fine,
1214 477 1350 510 idcirco
1378 475 1446 509 sub
1473 475 1578 520 penis
1602 474 1751 519 prefatis
1778 481 1813 508 et
1838 475 2046 520 specialiter
2066 475 2135 510 sub
2156 476 2358 522 privatione

487 547 748 591 cujuscumque
769 545 1007 591 promotionis
1033 545 1068 577 in
1094 544 1259 577 facultate
1285 542 1464 575 medicine
1490 540 1610 574 habite
1638 547 1673 574 et
1697 540 1865 575 habende
1893 542 2078 576 universis
2099 543 2303 578 scolaribus
2323 550 2360 578 et

487 613 590 646 etiam
614 612 770 658 singulis
791 611 997 644 inhibemus
1022 611 1173 644 firmiter
1198 622 1242 642 ne
1268 609 1399 654 aliquis
1426 619 1550 641 eorum
1578 619 1666 640 sano
1694 619 1759 641 seu
1781 608 1886 641 etiam
1907 609 2052 642 infirmo
2073 609 2222 655 aliquod
2243 611 2359 644 medi-

487 686 686 712 camentum
710 679 998 719 confortativum,
1019 677 1242 710 alterativum
1269 688 1334 709 seu
1360 675 1465 708 etiam
1491 674 1685 708 laxativum
1711 675 1791 708 sine
1816 674 1971 721 alicujus
1999 677 2165 722 magistri
2185 677 2223 710 in
2242 677 2359 711 medi-

486 746 564 778 cina
595 746 781 790 presencia
813 744 1080 784 subministrem
1116 755 1181 775 nec
1211 743 1329 783 etiam7
1366 748 1513 786 excepta
1549 741 1663 786 prima
1694 741 1787 784 vice,
1826 742 1961 785 visitet,
1997 743 2070 776 nisi
2099 755 2223 777 secum
2258 744 2360 778 affuit

486 812 658 857 magister
678 811 808 856 aliquis
829 811 889 855 qui
910 811 1028 855 ipsum
1050 810 1182 855 dirigat
1203 815 1235 842 et
1258 809 1402 841 modum
1425 808 1548 853 operis
1570 808 1751 841 ostendat.
1780 810 1824 842 Et
1848 809 1880 842 si
1899 809 2033 855 aliquis
2055 809 2212 855 aliquem
2233 817 2359 845 contra

486 879 684 923 predictum
714 884 883 910 statutum
905 877 1045 909 noverit
1075 882 1297 921 operantem,
1319 887 1384 920 per
1405 876 1652 920 juramentum
1681 887 1787 908 suum
1820 875 1957 909 decano
1986 883 2114 910 nostro
2141 877 2200 911 vel
2229 877 2357 911 saltem

485 945 591 977 alicui
620 944 792 989 magistro
822 950 900 976 actu
931 943 1072 988 regenti
1102 949 1242 976 secrete
1273 941 1460 984 revelabit,
1489 949 1525 975 et
1552 942 1614 975 ille
1642 942 1700 975 cui
1729 942 1951 976 revelabitur
1979 943 2134 977 celabit⁸
2163 956 2357 990 personam

484 1010 714 1043 revelantem.

575 1108 636 1131 Cod.
654 1109 709 1131 Vat.
726 1109 788 1139 Reg.
805 1109 859 1136 406,
877 1108 921 1130 fol.
938 1109 975 1131 59.
993 1108 1058 1130 Mus.
1075 1107 1203 1135 Britann.,
1220 1107 1306 1130 Addit.
1322 1115 1396 1136 mss,
1410 1111 1439 1130 n⁰
1453 1108 1538 1134 17:304,
1555 1108 1599 1131 fol.
1617 1109 1654 1131 70.
1670 1108 1748 1131 Deest
1759 1107 1786 1131 in
1799 1108 1857 1131 cod.
1872 1107 2009 1132 Cheltenh.
2020 1108 2186 1138 —Bulaeus,
2201 1109 2248 1139 111,
2260 1110 2359 1134 400.—

483 1153 545 1176 Cum
563 1153 628 1176 falsa
644 1152 692 1175 hoc
707 1153 861 1175 documento
876 1155 938 1175 nota
954 1151 1080 1183 temporis
1097 1151 1122 1174 in
1138 1160 1202 1175 mSS.
1218 1152 1252 1175 sit
1269 1152 1401 1183 apposita,
1420 1151 1471 1175 viri
1487 1152 1556 1175 docti
1574 1152 1720 1184 disputant,
1737 1152 1770 1175 nd
1786 1161 1864 1184 quem
1883 1160 1982 1176 annum
1999 1153 2034 1176 sit
2047 1154 2224 1178 resen-endum.
2242 1154 2357 1178 Bulaeus

481 1200 556 1228 putat
571 1197 603 1219 ad
619 1205 659 1220 an.
676 1197 752 1225 1271;
771 1196 876 1220 Crevier
893 1197 973 1226 (Hist.
990 1198 1022 1220 de
1037 1196 1213 1220 l'Universite'
1225 1198 1257 1220 de
1270 1196 1364 1224 Paris,
1381 1197 1414 1225 ΙΙ,
1431 1197 1469 1227 51)
1486 1197 1520 1220 ad
1536 1205 1577 1220 an.
1595 1197 1670 1226 1301;
1687 1197 1825 1226 Jourdain,
1841 1201 1871 1220 11⁰
1887 1198 1941 1227 227,
1958 1206 1983 1221 n.
2001 1198 2023 1226 3,
2038 1201 2064 1221 et
2077 1202 2106 1221 n⁰
2119 1198 2164 1222 515
2178 1198 2211 1222 nd
2226 1207 2268 1222 un.
2285 1199 2356 1223 1331.

481 1241 612 1265 Sententia
635 1241 762 1265 Jourdain
787 1244 855 1264 certe
877 1241 1043 1273 reprobanda
1067 1244 1115 1269 est,
1141 1249 1200 1264 cum
1217 1249 1285 1264 anno
1308 1242 1369 1264 1330
1392 1241 1532 1273 Philippus
1559 1241 1591 1265 de
1615 1241 1704 1271 Curia,
1725 1250 1785 1265 ann.
1807 1242 1946 1265 1331-1332
1967 1242 2129 1274 Reginaldus
2149 1243 2181 1266 de
2200 1242 2358 1268 Coi-neman

482 1286 571 1309 decani
600 1286 732 1309 facultatis
757 1286 900 1309 medicinae
920 1286 1024 1314 fuerint,
1046 1289 1071 1309 et
1091 1286 1172 1309 codex
1195 1286 1252 1309 Vnt.
1283 1286 1345 1317 Reg.
1367 1286 1477 1318 insuper
1496 1286 1574 1317 longo
1594 1289 1653 1310 ante
1673 1294 1714 1310 an.
1737 1287 1795 1310 1331
1817 1287 1933 1319 scriptus
1961 1286 2003 1311 sit.
2033 1287 2167 1311 Sententia
2187 1287 2268 1311 etiam
2287 1287 2358 1312 docti

481 1330 585 1354 Crevier
604 1339 654 1353 non
674 1331 768 1361 placet,
790 1339 848 1353 cum
863 1331 889 1353 in
904 1331 1038 1362 praedicto
1054 1331 1109 1353 cod.
1127 1331 1283 1354 documenta
1297 1339 1426 1354 annorum
1440 1330 1561 1362 priorum
1576 1339 1644 1354 suec.
1666 1331 1723 1354 XIV
1743 1331 1770 1354 in
1789 1331 1840 1355 fine
1860 1335 1963 1355 tantum
1982 1331 2080 1355 codicis
2100 1332 2231 1364 exscripta
2251 1332 2312 1363 sint,
2332 1336 2358 1358 et

480 1379 615 1406 praetereo
635 1375 737 1398 initium
755 1375 924 1398 documenti:
947 1384 958 1398 «
980 1376 1051 1398 Anno
1069 1377 1160 1400 eodem
1179 1384 1201 1403 D,
1223 1375 1249 1398 in
1269 1384 1332 1399 mss.
1354 1375 1433 1404 obsit,
1458 1384 1520 1399 num
1539 1376 1725 1399 documentum
1747 1376 1910 1407 praecedens
1937 1377 1975 1406 (n⁰
1994 1377 2049 1407 433)
2071 1380 2111 1400 est
2136 1377 2197 1400 anni
2223 1377 2293 1406 1270,
2315 1377 2356 1401 vel

482 1420 539 1443 1271
557 1423 615 1443 ante
630 1420 739 1448 Pascha,
753 1420 821 1451 quod
838 1420 926 1451 utique
941 1420 1081 1451 significat,
1098 1424 1239 1452 utrumque
1254 1421 1439 1444 documentum
1454 1420 1524 1444 infra
1538 1420 1618 1444 breve
1633 1423 1737 1452 tempus
1753 1421 1854 1444 editum
1867 1429 1934 1450 esse,
1951 1421 2001 1444 sub
2017 1421 2129 1445 diversis
2142 1425 2230 1445 tamen
2240 1421 2355 1446 decanis.

481 1465 593 1495 Ideoque
607 1465 734 1488 sententia
749 1465 839 1488 Buluei
854 1465 976 1488 omnibus
992 1465 1050 1488 aliis
1066 1466 1240 1497 praeferenda
1255 1465 1369 1489 videtur.

575 1551 596 1573 1.
617 1551 645 1573 ln
660 1558 723 1573 mss.
736 1558 741 1573 t
756 1558 768 1573 «
783 1550 921 1573 Millesimo
937 1550 1001 1573 XXX
1016 1550 1102 1581 primo
1116 1558 1137 1578 1),
1154 1550 1171 1573 i.
1189 1558 1210 1573 e.
1228 1550 1296 1573 1031.
1317 1563 1345 1567 —
1361 1551 1383 1573 2.
1400 1550 1457 1573 Vat.
1475 1551 1539 1582 Reg.
1556 1558 1561 1573 z
1580 1559 1591 1573 a
1607 1550 1781 1574 communiter
1792 1558 1814 1574 n.
1825 1551 1888 1574 —3.
1906 1551 1959 1574 Hac
1975 1550 2087 1579 litterae,
2104 1554 2233 1583 quantum
2246 1550 2354 1580 scimus,

481 1595 513 1617 ad
530 1603 576 1618 nos
590 1603 640 1617 non
656 1598 838 1626 pervenerunt.
854 1609 885 1612 —
899 1596 921 1617 4.
938 1595 994 1617 Vnt.
1012 1595 1076 1626 Reg.
1090 1602 1096 1618 t
1113 1603 1124 1618 «
1140 1594 1318 1618 administrati
1334 1603 1355 1618 ».
1371 1608 1403 1612 —-
1416 1594 1440 1618 5.
1457 1595 1520 1618 Mss.
1537 1603 1543 1618 ι
1561 1603 1573 1618 α
1589 1595 1698 1618 celando
1714 1603 1736 1618 ».

479 1783 591 1820 435.
619 1792 762 1827 officialis
783 1793 881 1819 curiae
899 1793 994 1819 Paris.
1012 1797 1107 1819 notum
1126 1794 1201 1828 facit
1221 1795 1342 1828 fratrem
1367 1793 1531 1828 Gregorium
1557 1793 1672 1820 Ordinis
1694 1792 1784 1820 Vallis
1807 1792 1988 1819 Scholarium
2008 1796 2236 1819 coeoesecutorem
2265 1796 2356 1819 testa-

567 1842 653 1867 menti
668 1842 796 1876 defuncti
811 1842 943 1876 magistri
959 1842 1097 1868 Iohannis
1118 1842 1153 1869 de
1174 1844 1238 1869 Raa
1267 1843 1442 1869 concessisse
1462 1842 1585 1869 Roberto
1607 1842 1643 1869 de
1666 1842 1796 1869 Sorbona
1821 1842 1850 1868 in
1868 1843 1996 1877 gratiam
2011 1841 2132 1868 duorum
2152 1842 2354 1877 magistrorum

569 1891 710 1926 quasdam
726 1900 855 1917 cameras
869 1892 944 1917 sitas
958 1892 1093 1918 Parisiis.

1638 1942 1709 1971 1271,
1724 1949 1813 1967 mense
1827 1941 1899 1971 Maio.
1914 1940 2067 1976 [Parisiis]

570 2015 757 2048 Universis
779 2022 968 2060 presentes
988 2016 1126 2049 litteras
1147 2016 1368 2061 inspecturis
1396 2015 1560 2049 officialis
1581 2016 1680 2049 curie
1702 2016 1920 2049 Parisiensis
1943 2015 2097 2049 salutem
2120 2015 2158 2048 in
2178 2015 2350 2048 Domino.

481 2081 610 2113 Notum
644 2081 793 2114 facimus
828 2082 925 2126 quod
959 2082 996 2114 in
1030 2089 1153 2115 nostra
1185 2082 1368 2127 presentia
1402 2082 1622 2115 constitutus
1661 2083 1770 2115 frater
1811 2082 2016 2128 Gregorius
2053 2082 2204 2115 Ordinis
2237 2081 2354 2116 Vallis

481 2147 679 2180 Scolarium
706 2148 979 2190 Parisiensium,
1008 2155 1225 2181 coexecutor
1252 2155 1291 2182 ut
1318 2148 1460 2181 dicebat
1486 2149 1692 2182 testamenti
1720 2149 1881 2182 defuncti
1912 2149 2078 2194 magistri
2104 2148 2281 2182 Johannis
2308 2147 2354 2181 de

482 2215 568 2255 Rua,
591 2214 770 2259 quondam
791 2215 955 2248 canonici
980 2215 1251 2257 Ambianensis,
1274 2216 1432 2248 asseruit
1456 2215 1602 2249 nomine
1628 2228 1695 2248 suo
1721 2222 1757 2248 et
1781 2222 2062 2249 coexecutorum
2084 2227 2234 2248 suorum
2255 2214 2354 2260 quod

480 2279 575 2312 idem
610 2281 782 2325 magister
814 2281 997 2315 Johannes
1032 2282 1068 2314 in
1098 2281 1222 2315 ultima
1251 2281 1435 2315 voluntate
1471 2294 1534 2315 sua
1564 2282 1699 2327 legavit
1728 2281 1872 2315 duobus
1903 2282 2089 2328 magistris
2120 2280 2354 2315 studentibus

481 2347 639 2379 Parisius
660 2348 696 2379 in
717 2347 920 2393 theologica
940 2348 1107 2381 facultate
1129 2355 1164 2381 et
1183 2348 1409 2382 morantibus
1430 2349 1525 2382 inter
1550 2349 1710 2382 scolares
1737 2349 1900 2394 magistri
1923 2348 2141 2383 Robertirde
2163 2347 2353 2382 Sorbonna

481 2413 644 2445 canonici
665 2414 880 2447 Parisiensis
900 2427 965 2460 pro
986 2415 1282 2448 administrandis
1303 2416 1374 2449 vite
1395 2416 1614 2449 necessariis
1634 2415 1772 2449 eisdem
1794 2415 1939 2449 duobus
1961 2416 2147 2461 magistris
2168 2415 2352 2448 sexdecim

482 2478 592 2511 libras
622 2481 812 2524 parisiens.
841 2483 950 2514 annui
982 2482 1146 2515 redditus
1177 2482 1362 2515 habendas
1389 2489 1425 2516 et
1452 2483 1706 2528 percipiendas
1734 2483 1917 2516 annuatim
1945 2482 1989 2516 ab
2020 2482 2148 2515 eodem
2177 2482 2352 2527 magistro
2383 2481 2385 2483 ’

483 2545 640 2578 Roberto
667 2558 731 2578 seu
757 2547 799 2579 ab
826 2547 894 2580 alio
921 2548 964 2580 al)
990 2549 1070 2593 ipso
1095 2561 1239 2582 causam
1264 2549 1432 2583 habituro
1458 2562 1568 2595 super
1594 2549 1811 2595 quibusdam
1837 2550 1992 2583 cameris
2014 2555 2050 2582 et
2069 2548 2222 2594 quadam
2243 2548 2352 2581 domo

484 2622 553 2654 que
575 2612 752 2655 quondam
774 2614 920 2646 suerunt
940 2614 1025 2647 dicti
1046 2616 1209 2660 magistri
1229 2615 1418 2658 Johannis,
1440 2617 1520 2649 sitis
1541 2616 1701 2650 Parisius
1727 2616 1764 2649 in
1786 2617 1930 2650 civitate
1956 2616 1994 2649 in
2018 2615 2100 2649 vico
2127 2614 2172 2647 de
2193 2613 2352 2647 Marche-

483 2677 578 2721 palu.
601 2678 768 2711 Asseruit
787 2680 890 2712 etiam
913 2680 1030 2713 dictus
1051 2689 1221 2715 executor
1242 2683 1339 2727 quod
1360 2689 1443 2728 post
1465 2683 1656 2716 decessum
1675 2683 1792 2728 ipsius
1813 2683 1974 2716 defuncti
1995 2681 2159 2727 magistri
2175 2680 2351 2714 Johannis

484 2755 595 2788 super
625 2750 836 2777 testamento
866 2758 930 2778 seu
959 2747 1082 2780 ultima
1111 2748 1294 2782 voluntate
1322 2761 1386 2782 sua
1413 2749 1537 2795 plures
1567 2750 1821 2783 altercationes
1854 2756 1890 2783 et
1919 2749 2003 2782 lites
2033 2755 2111 2782 orte
2141 2748 2289 2781 fuerunt
2317 2754 2353 2781 et

484 2810 650 2852 deducte,
679 2818 713 2843 et
740 2819 886 2856 propter
913 2812 1120 2857 hujusmodi
1147 2815 1400 2849 altercationes
1426 2823 1462 2850 et
1486 2817 1568 2850 lites
1594 2818 1766 2850 maximas
1793 2828 1972 2862 expensas
1999 2816 2165 2849 fecerunt
2191 2821 2227 2848 et
2253 2814 2351 2859 quod

483 2877 680 2922 predictam
708 2878 853 2910 domum
880 2879 1017 2912 ratione
1044 2892 1282 2925 expensarum
1310 2883 1347 2915 in
1372 2883 1582 2927 hujusmodi
1610 2883 1906 2917 altercationibus
1937 2882 1981 2916 ab
2011 2882 2149 2915 eisdem
2181 2887 2352 2914 executo-

482 2943 584 2977 ribus
605 2944 775 2977 factarum
796 2945 1048 2979 vendiderunt.
1076 2947 1340 2981 Nichilominus
1362 2956 1479 2982 tamen
1505 2950 1623 2984 dictus
1643 2951 1753 2984 frater
1774 2950 1978 2996 Gregorius
2002 2949 2155 2994 cupiens
2177 2954 2350 2993 quantum

603 3003 642 3025 62.
1873 3021 1876 3023 .
