<?xml version="1.0" encoding="UTF-8"?>
<!DOCTYPE html PUBLIC "-//W3C//DTD XHTML 1.0 Transitional//EN"
    "http://www.w3.org/TR/xhtml1/DTD/xhtml1-transitional.dtd">
<html xmlns="http://www.w3.org/1999/xhtml" xml:lang="en" lang="en">
 <head>
  <title>
</title>
<meta http-equiv="Content-Type" content="text/html;charset=utf-8" />
  <meta name='ocr-system' content='tesseract 3.04.00' />
  <meta name='ocr-capabilities' content='ocr_page ocr_carea ocr_par ocr_line ocrx_word'/>
</head>
<body>
  <div class='ocr_page' id='page_1' title='image "./chartulariumuniv01univuoft_0355.png"; bbox 0 0 2580 3528; ppageno 0'>
   <div class='ocr_carea' id='block_1_1' title="bbox 0 0 252 3528">
    <p class='ocr_par' dir='ltr' id='par_1_1' title="bbox 0 0 252 3528">
     <span class='ocr_line' id='line_1_1' title="bbox 0 0 252 3528; baseline 0 0"><span class='ocrx_word' id='word_1_1' title='bbox 0 0 252 3528; x_wconf 95' lang='lat' dir='ltr'><strong> </strong></span> 
     </span>
    </p>
   </div>
   <div class='ocr_carea' id='block_1_2' title="bbox 284 403 2156 445">
    <p class='ocr_par' dir='ltr' id='par_1_2' title="bbox 284 403 2156 445">
     <span class='ocr_line' id='line_1_2' title="bbox 284 403 2156 445; baseline 0.003 -11"><span class='ocrx_word' id='word_1_2' title='bbox 284 403 381 445; x_wconf 86' lang='lat'><strong>1256]</strong></span> <span class='ocrx_word' id='word_1_3' title='bbox 619 412 667 435; x_wconf 74' lang='lat' dir='ltr'><strong>AB</strong></span> <span class='ocrx_word' id='word_1_4' title='bbox 699 412 807 435; x_wconf 68' lang='lat' dir='ltr'><strong>Auno</strong></span> <span class='ocrx_word' id='word_1_5' title='bbox 840 411 918 435; x_wconf 71' lang='lat' dir='ltr'><strong>mcc</strong></span> <span class='ocrx_word' id='word_1_6' title='bbox 952 411 1085 441; x_wconf 74' lang='lat' dir='ltr'><strong>usQus</strong></span> <span class='ocrx_word' id='word_1_7' title='bbox 1119 412 1168 434; x_wconf 73' lang='lat' dir='ltr'><strong>AD</strong></span> <span class='ocrx_word' id='word_1_8' title='bbox 1203 411 1432 434; x_wconf 76' lang='lat' dir='ltr'><strong>rmmpptm</strong></span> <span class='ocrx_word' id='word_1_9' title='bbox 1467 412 1507 435; x_wconf 74' lang='grc' dir='ltr'><strong>ιν</strong></span> <span class='ocrx_word' id='word_1_10' title='bbox 1541 412 1629 435; x_wconf 71' lang='lat' dir='ltr'><strong>nnc.</strong></span> <span class='ocrx_word' id='word_1_11' title='bbox 1666 413 1801 436; x_wconf 62' lang='lat' dir='ltr'><strong>rante.</strong></span> <span class='ocrx_word' id='word_1_12' title='bbox 2090 406 2156 440; x_wconf 88' lang='lat'><strong>313</strong></span> 
     </span>
    </p>
   </div>
   <div class='ocr_carea' id='block_1_3' title="bbox 268 471 2156 2149">
    <p class='ocr_par' dir='ltr' id='par_1_3' title="bbox 276 471 2156 1331">
     <span class='ocr_line' id='line_1_3' title="bbox 283 471 2156 531; baseline 0.001 -11"><span class='ocrx_word' id='word_1_13' title='bbox 283 485 354 520; x_wconf 87' lang='lat' dir='ltr'><strong>sub</strong></span> <span class='ocrx_word' id='word_1_14' title='bbox 371 485 506 521; x_wconf 81' lang='lat' dir='ltr'><strong>vexillo</strong></span> <span class='ocrx_word' id='word_1_15' title='bbox 525 485 612 519; x_wconf 86' lang='lat' dir='ltr'><strong>fidei</strong></span> <span class='ocrx_word' id='word_1_16' title='bbox 633 485 795 519; x_wconf 88' lang='lat' dir='ltr'><strong>membra</strong></span> <span class='ocrx_word' id='word_1_17' title='bbox 814 485 937 519; x_wconf 84' lang='lat' dir='ltr'><strong>fidelia</strong></span> <span class='ocrx_word' id='word_1_18' title='bbox 956 485 1104 520; x_wconf 92' lang='lat' dir='ltr'><strong>Christo</strong></span> <span class='ocrx_word' id='word_1_19' title='bbox 1124 485 1232 531; x_wconf 86' lang='lat' dir='ltr'><strong>capiti</strong></span> <span class='ocrx_word' id='word_1_20' title='bbox 1251 471 1536 520; x_wconf 78' lang='lat' dir='ltr'><strong>conformantur.</strong></span> <span class='ocrx_word' id='word_1_21' title='bbox 1557 487 1660 519; x_wconf 90' lang='lat' dir='ltr'><strong>Nunc</strong></span> <span class='ocrx_word' id='word_1_22' title='bbox 1681 486 1793 531; x_wconf 90' lang='lat' dir='ltr'><strong>igitur</strong></span> <span class='ocrx_word' id='word_1_23' title='bbox 1811 487 1916 520; x_wconf 87' lang='lat' dir='ltr'><strong>miles</strong></span> <span class='ocrx_word' id='word_1_24' title='bbox 1939 489 2156 522; x_wconf 76' lang='lat' dir='ltr'>exercitatur</span> 
     </span>
     <span class='ocr_line' id='line_1_4' title="bbox 284 551 2155 599; baseline 0.001 -12"><span class='ocrx_word' id='word_1_25' title='bbox 284 552 329 588; x_wconf 90' lang='lat' dir='ltr'><strong>ad</strong></span> <span class='ocrx_word' id='word_1_26' title='bbox 360 563 521 599; x_wconf 84' lang='lat' dir='ltr'><strong>pugnam</strong></span> <span class='ocrx_word' id='word_1_27' title='bbox 549 558 586 586; x_wconf 90' lang='lat' dir='ltr'><strong>et</strong></span> <span class='ocrx_word' id='word_1_28' title='bbox 611 551 847 586; x_wconf 77' lang='lat' dir='ltr'><strong>tunsionibus</strong></span> <span class='ocrx_word' id='word_1_29' title='bbox 858 551 886 570; x_wconf 78' lang='lat'><strong>&#39;⁰</strong></span> <span class='ocrx_word' id='word_1_30' title='bbox 915 551 1060 585; x_wconf 85' lang='lat' dir='ltr'><strong>bellicis</strong></span> <span class='ocrx_word' id='word_1_31' title='bbox 1090 551 1314 585; x_wconf 85' lang='lat' dir='ltr'><strong>examinatur</strong></span> <span class='ocrx_word' id='word_1_32' title='bbox 1343 551 1488 594; x_wconf 80' lang='lat' dir='ltr'>athleta,</span> <span class='ocrx_word' id='word_1_33' title='bbox 1509 551 1659 598; x_wconf 88' lang='lat' dir='ltr'><strong>eligitur</strong></span> <span class='ocrx_word' id='word_1_34' title='bbox 1686 552 1731 585; x_wconf 89' lang='lat' dir='ltr'><strong>ad</strong></span> <span class='ocrx_word' id='word_1_35' title='bbox 1760 559 1954 586; x_wconf 87' lang='lat' dir='ltr'><strong>certamen.</strong></span> <span class='ocrx_word' id='word_1_36' title='bbox 1987 555 2088 587; x_wconf 69' lang='lat' dir='ltr'><strong>Nunc</strong></span> <span class='ocrx_word' id='word_1_37' title='bbox 2118 555 2155 588; x_wconf 92' lang='lat' dir='ltr'><strong>in</strong></span> 
     </span>
     <span class='ocr_line' id='line_1_5' title="bbox 280 618 2155 665; baseline 0.001 -12"><span class='ocrx_word' id='word_1_38' title='bbox 280 618 530 654; x_wconf 81' lang='lat' dir='ltr'><strong>tribulationis</strong></span> <span class='ocrx_word' id='word_1_39' title='bbox 550 618 697 653; x_wconf 85' lang='lat' dir='ltr'><strong>fornace</strong></span> <span class='ocrx_word' id='word_1_40' title='bbox 717 629 895 652; x_wconf 89' lang='lat' dir='ltr'><strong>succensa</strong></span> <span class='ocrx_word' id='word_1_41' title='bbox 915 625 1144 665; x_wconf 85' lang='lat' dir='ltr'><strong>peccatorum</strong></span> <span class='ocrx_word' id='word_1_42' title='bbox 1166 625 1375 652; x_wconf 88' lang='lat' dir='ltr'><strong>nostrorum</strong></span> <span class='ocrx_word' id='word_1_43' title='bbox 1398 618 1516 652; x_wconf 88' lang='lat' dir='ltr'><strong>scoria</strong></span> <span class='ocrx_word' id='word_1_44' title='bbox 1536 618 1764 664; x_wconf 75' lang='lat' dir='ltr'><strong>excoquitur,</strong></span> <span class='ocrx_word' id='word_1_45' title='bbox 1785 619 1960 664; x_wconf 88' lang='lat' dir='ltr'><strong>probatur</strong></span> <span class='ocrx_word' id='word_1_46' title='bbox 1984 620 2155 665; x_wconf 82' lang='lat' dir='ltr'><strong>patientie</strong></span> 
     </span>
     <span class='ocr_line' id='line_1_6' title="bbox 278 684 2156 731; baseline 0 -11"><span class='ocrx_word' id='word_1_47' title='bbox 278 686 398 721; x_wconf 78' lang='lat' dir='ltr'><strong>virtus</strong></span> <span class='ocrx_word' id='word_1_48' title='bbox 417 692 455 720; x_wconf 90' lang='lat' dir='ltr'><strong>et</strong></span> <span class='ocrx_word' id='word_1_49' title='bbox 474 685 686 719; x_wconf 87' lang='lat' dir='ltr'><strong>meritorum</strong></span> <span class='ocrx_word' id='word_1_50' title='bbox 708 684 826 730; x_wconf 84' lang='lat' dir='ltr'><strong>gloria</strong></span> <span class='ocrx_word' id='word_1_51' title='bbox 846 684 1063 718; x_wconf 91' lang='lat' dir='ltr'><strong>cumulatur.</strong></span> <span class='ocrx_word' id='word_1_52' title='bbox 1085 686 1161 718; x_wconf 89' lang='lat' dir='ltr'><strong>Jam</strong></span> <span class='ocrx_word' id='word_1_53' title='bbox 1183 685 1376 718; x_wconf 88' lang='lat' dir='ltr'><strong>novissimi</strong></span> <span class='ocrx_word' id='word_1_54' title='bbox 1401 685 1576 731; x_wconf 90' lang='lat' dir='ltr'><strong>temporis</strong></span> <span class='ocrx_word' id='word_1_55' title='bbox 1601 684 1690 718; x_wconf 88' lang='lat' dir='ltr'><strong>hora</strong></span> <span class='ocrx_word' id='word_1_56' title='bbox 1713 685 1858 719; x_wconf 89' lang='lat' dir='ltr'><strong>videtur</strong></span> <span class='ocrx_word' id='word_1_57' title='bbox 1877 685 2013 719; x_wconf 89' lang='lat' dir='ltr'><strong>instare</strong></span> <span class='ocrx_word' id='word_1_58' title='bbox 2033 687 2156 720; x_wconf 90' lang='lat' dir='ltr'><strong>novis-</strong></span> 
     </span>
     <span class='ocr_line' id='line_1_7' title="bbox 279 750 2155 798; baseline 0.001 -12"><span class='ocrx_word' id='word_1_59' title='bbox 279 753 383 794; x_wconf 83' lang='lat' dir='ltr'><strong>sima,</strong></span> <span class='ocrx_word' id='word_1_60' title='bbox 411 752 450 785; x_wconf 90' lang='lat' dir='ltr'><strong>in</strong></span> <span class='ocrx_word' id='word_1_61' title='bbox 478 763 548 797; x_wconf 90' lang='lat' dir='ltr'><strong>qua</strong></span> <span class='ocrx_word' id='word_1_62' title='bbox 575 750 744 797; x_wconf 81' lang='lat' dir='ltr'><strong>reprobis</strong></span> <span class='ocrx_word' id='word_1_63' title='bbox 768 751 920 785; x_wconf 81' lang='lat' dir='ltr'><strong>facultas</strong></span> <span class='ocrx_word' id='word_1_64' title='bbox 947 750 1092 785; x_wconf 87' lang='lat' dir='ltr'><strong>dabitur</strong></span> <span class='ocrx_word' id='word_1_65' title='bbox 1119 751 1299 794; x_wconf 89' lang='lat' dir='ltr'><strong>seviendi,</strong></span> <span class='ocrx_word' id='word_1_66' title='bbox 1329 751 1507 785; x_wconf 86' lang='lat' dir='ltr'><strong>inferetur</strong></span> <span class='ocrx_word' id='word_1_67' title='bbox 1536 752 1743 798; x_wconf 92' lang='lat' dir='ltr'><strong>persecutio</strong></span> <span class='ocrx_word' id='word_1_68' title='bbox 1767 752 1880 797; x_wconf 86' lang='lat' dir='ltr'><strong>justis</strong></span> <span class='ocrx_word' id='word_1_69' title='bbox 1907 758 1943 786; x_wconf 88' lang='lat' dir='ltr'><strong>et</strong></span> <span class='ocrx_word' id='word_1_70' title='bbox 1967 752 2004 785; x_wconf 90' lang='lat' dir='ltr'><strong>in</strong></span> <span class='ocrx_word' id='word_1_71' title='bbox 2029 752 2155 787; x_wconf 89' lang='lat' dir='ltr'><strong>electis</strong></span> 
     </span>
     <span class='ocr_line' id='line_1_8' title="bbox 278 817 2154 866; baseline 0 -13"><span class='ocrx_word' id='word_1_72' title='bbox 278 825 558 866; x_wconf 90' lang='lat' dir='ltr'><strong>persecutorum</strong></span> <span class='ocrx_word' id='word_1_73' title='bbox 591 817 713 852; x_wconf 80' lang='lat' dir='ltr'><strong>rabies</strong></span> <span class='ocrx_word' id='word_1_74' title='bbox 748 818 972 852; x_wconf 80' lang='lat' dir='ltr'><strong>exardescet.</strong></span> <span class='ocrx_word' id='word_1_75' title='bbox 1006 819 1083 852; x_wconf 86' lang='lat' dir='ltr'><strong>Jam</strong></span> <span class='ocrx_word' id='word_1_76' title='bbox 1118 818 1238 852; x_wconf 89' lang='lat' dir='ltr'><strong>soluto</strong></span> <span class='ocrx_word' id='word_1_77' title='bbox 1274 818 1426 852; x_wconf 88' lang='lat' dir='ltr'><strong>Sathana</strong></span> <span class='ocrx_word' id='word_1_78' title='bbox 1456 818 1632 852; x_wconf 89' lang='lat' dir='ltr'><strong>satellites</strong></span> <span class='ocrx_word' id='word_1_79' title='bbox 1668 818 1822 852; x_wconf 84' lang='lat' dir='ltr'><strong>Sathane</strong></span> <span class='ocrx_word' id='word_1_80' title='bbox 1855 826 2080 853; x_wconf 90' lang='lat' dir='ltr'><strong>concurrunt</strong></span> <span class='ocrx_word' id='word_1_81' title='bbox 2111 820 2154 853; x_wconf 94' lang='lat' dir='ltr'><strong>ad</strong></span> 
     </span>
     <span class='ocr_line' id='line_1_9' title="bbox 278 884 2153 932; baseline 0 -13"><span class='ocrx_word' id='word_1_82' title='bbox 278 885 441 932; x_wconf 81' lang='lat' dir='ltr'><strong>predam,</strong></span> <span class='ocrx_word' id='word_1_83' title='bbox 469 885 656 931; x_wconf 80' lang='lat' dir='ltr'><strong>suspirant</strong></span> <span class='ocrx_word' id='word_1_84' title='bbox 675 884 719 918; x_wconf 84' lang='lat' dir='ltr'><strong>ad</strong></span> <span class='ocrx_word' id='word_1_85' title='bbox 740 884 880 926; x_wconf 90' lang='lat' dir='ltr'><strong>cedem,</strong></span> <span class='ocrx_word' id='word_1_86' title='bbox 906 885 951 918; x_wconf 86' lang='lat' dir='ltr'><strong>ad</strong></span> <span class='ocrx_word' id='word_1_87' title='bbox 975 885 1161 918; x_wconf 89' lang='lat' dir='ltr'><strong>interitum</strong></span> <span class='ocrx_word' id='word_1_88' title='bbox 1182 884 1323 918; x_wconf 85' lang='lat' dir='ltr'><strong>inhiant</strong></span> <span class='ocrx_word' id='word_1_89' title='bbox 1342 891 1378 918; x_wconf 91' lang='lat' dir='ltr'><strong>et</strong></span> <span class='ocrx_word' id='word_1_90' title='bbox 1397 885 1449 919; x_wconf 88' lang='lat' dir='ltr'><strong>sic</strong></span> <span class='ocrx_word' id='word_1_91' title='bbox 1470 885 1560 918; x_wconf 90' lang='lat' dir='ltr'><strong>inito</strong></span> <span class='ocrx_word' id='word_1_92' title='bbox 1580 885 1705 918; x_wconf 89' lang='lat' dir='ltr'><strong>federe</strong></span> <span class='ocrx_word' id='word_1_93' title='bbox 1725 885 2008 931; x_wconf 83' lang='lat' dir='ltr'><strong>conspirationis</strong></span> <span class='ocrx_word' id='word_1_94' title='bbox 2029 886 2153 931; x_wconf 92' lang='lat' dir='ltr'><strong>inique</strong></span> 
     </span>
     <span class='ocr_line' id='line_1_10' title="bbox 278 951 2155 999; baseline -0.001 -12"><span class='ocrx_word' id='word_1_95' title='bbox 278 952 500 999; x_wconf 84' lang='lat' dir='ltr'><strong>sanguinem</strong></span> <span class='ocrx_word' id='word_1_96' title='bbox 531 951 659 986; x_wconf 88' lang='lat' dir='ltr'><strong>sitiunt</strong></span> <span class='ocrx_word' id='word_1_97' title='bbox 687 952 933 985; x_wconf 87' lang='lat' dir='ltr'><strong>innocentem.</strong></span> <span class='ocrx_word' id='word_1_98' title='bbox 967 951 1037 985; x_wconf 90' lang='lat' dir='ltr'><strong>Sed</strong></span> <span class='ocrx_word' id='word_1_99' title='bbox 1067 951 1105 985; x_wconf 91' lang='lat' dir='ltr'><strong>in</strong></span> <span class='ocrx_word' id='word_1_100' title='bbox 1133 951 1192 985; x_wconf 88' lang='lat' dir='ltr'><strong>his</strong></span> <span class='ocrx_word' id='word_1_101' title='bbox 1221 951 1392 986; x_wconf 91' lang='lat' dir='ltr'><strong>omnibus</strong></span> <span class='ocrx_word' id='word_1_102' title='bbox 1422 958 1520 985; x_wconf 90' lang='lat' dir='ltr'><strong>tanto</strong></span> <span class='ocrx_word' id='word_1_103' title='bbox 1551 951 1595 985; x_wconf 92' lang='lat' dir='ltr'><strong>de</strong></span> <span class='ocrx_word' id='word_1_104' title='bbox 1625 952 1886 998; x_wconf 90' lang='lat' dir='ltr'><strong>omnipotentis</strong></span> <span class='ocrx_word' id='word_1_105' title='bbox 1916 953 1982 985; x_wconf 92' lang='lat' dir='ltr'><strong>Dei</strong></span> <span class='ocrx_word' id='word_1_106' title='bbox 2011 953 2155 986; x_wconf 87' lang='lat' dir='ltr'><strong>miseri-</strong></span> 
     </span>
     <span class='ocr_line' id='line_1_11' title="bbox 278 1018 2152 1064; baseline -0.001 -11"><span class='ocrx_word' id='word_1_107' title='bbox 278 1019 414 1061; x_wconf 82' lang='lat' dir='ltr'><strong>cordia,</strong></span> <span class='ocrx_word' id='word_1_108' title='bbox 450 1018 489 1052; x_wconf 92' lang='lat' dir='ltr'><strong>in</strong></span> <span class='ocrx_word' id='word_1_109' title='bbox 521 1030 628 1064; x_wconf 88' lang='lat' dir='ltr'><strong>quem</strong></span> <span class='ocrx_word' id='word_1_110' title='bbox 663 1024 773 1052; x_wconf 86' lang='lat' dir='ltr'><strong>totam</strong></span> <span class='ocrx_word' id='word_1_111' title='bbox 802 1018 981 1063; x_wconf 86' lang='lat' dir='ltr'><strong>jactamus</strong></span> <span class='ocrx_word' id='word_1_112' title='bbox 1015 1030 1182 1052; x_wconf 87' lang='lat' dir='ltr'><strong>ancoram</strong></span> <span class='ocrx_word' id='word_1_113' title='bbox 1213 1018 1292 1064; x_wconf 90' lang='lat' dir='ltr'><strong>spei</strong></span> <span class='ocrx_word' id='word_1_114' title='bbox 1322 1025 1459 1060; x_wconf 88' lang='lat' dir='ltr'><strong>nostre,</strong></span> <span class='ocrx_word' id='word_1_115' title='bbox 1496 1018 1693 1052; x_wconf 87' lang='lat' dir='ltr'><strong>firmiorem</strong></span> <span class='ocrx_word' id='word_1_116' title='bbox 1727 1018 1894 1052; x_wconf 83' lang='lat' dir='ltr'><strong>fiduciam</strong></span> <span class='ocrx_word' id='word_1_117' title='bbox 1930 1019 2152 1061; x_wconf 87' lang='lat' dir='ltr'><strong>obtinemus,</strong></span> 
     </span>
     <span class='ocr_line' id='line_1_12' title="bbox 278 1084 2152 1132; baseline 0.001 -13"><span class='ocrx_word' id='word_1_118' title='bbox 278 1091 413 1132; x_wconf 84' lang='lat' dir='ltr'><strong>quanto</strong></span> <span class='ocrx_word' id='word_1_119' title='bbox 439 1097 506 1132; x_wconf 91' lang='lat' dir='ltr'><strong>pro</strong></span> <span class='ocrx_word' id='word_1_120' title='bbox 532 1091 635 1119; x_wconf 89' lang='lat' dir='ltr'><strong>certo</strong></span> <span class='ocrx_word' id='word_1_121' title='bbox 660 1085 920 1131; x_wconf 87' lang='lat' dir='ltr'><strong>cognoscimus</strong></span> <span class='ocrx_word' id='word_1_122' title='bbox 945 1097 1013 1118; x_wconf 88' lang='lat' dir='ltr'><strong>nos</strong></span> <span class='ocrx_word' id='word_1_123' title='bbox 1038 1097 1104 1131; x_wconf 89' lang='lat' dir='ltr'><strong>pro</strong></span> <span class='ocrx_word' id='word_1_124' title='bbox 1132 1084 1209 1118; x_wconf 90' lang='lat' dir='ltr'><strong>sola</strong></span> <span class='ocrx_word' id='word_1_125' title='bbox 1234 1085 1449 1118; x_wconf 85' lang='lat' dir='ltr'><strong>defensione</strong></span> <span class='ocrx_word' id='word_1_126' title='bbox 1469 1085 1631 1119; x_wconf 86' lang='lat' dir='ltr'><strong>veritatis</strong></span> <span class='ocrx_word' id='word_1_127' title='bbox 1652 1092 1688 1118; x_wconf 90' lang='lat' dir='ltr'><strong>et</strong></span> <span class='ocrx_word' id='word_1_128' title='bbox 1701 1085 1844 1131; x_wconf 87' lang='lat' dir='ltr'><strong>justitie</strong></span> <span class='ocrx_word' id='word_1_129' title='bbox 1865 1086 1932 1119; x_wconf 83' lang='lat' dir='ltr'><strong>ista</strong></span> <span class='ocrx_word' id='word_1_130' title='bbox 1954 1086 2038 1131; x_wconf 90' lang='lat' dir='ltr'><strong>pati.</strong></span> <span class='ocrx_word' id='word_1_131' title='bbox 2065 1087 2152 1120; x_wconf 84' lang='lat' dir='ltr'><strong>Nam</strong></span> 
     </span>
     <span class='ocr_line' id='line_1_13' title="bbox 277 1151 2155 1198; baseline -0.001 -11"><span class='ocrx_word' id='word_1_132' title='bbox 277 1152 347 1187; x_wconf 84' lang='lat' dir='ltr'><strong>etsi</strong></span> <span class='ocrx_word' id='word_1_133' title='bbox 373 1152 418 1186; x_wconf 85' lang='lat' dir='ltr'><strong>ad</strong></span> <span class='ocrx_word' id='word_1_134' title='bbox 445 1151 699 1198; x_wconf 84' lang='lat' dir='ltr'><strong>probationem</strong></span> <span class='ocrx_word' id='word_1_135' title='bbox 729 1151 902 1198; x_wconf 86' lang='lat' dir='ltr'><strong>patientie</strong></span> <span class='ocrx_word' id='word_1_136' title='bbox 932 1158 1057 1185; x_wconf 87' lang='lat' dir='ltr'><strong>nostre</strong></span> <span class='ocrx_word' id='word_1_137' title='bbox 1087 1158 1277 1198; x_wconf 87' lang='lat' dir='ltr'><strong>opporteat</strong></span> <span class='ocrx_word' id='word_1_138' title='bbox 1303 1163 1372 1185; x_wconf 89' lang='lat' dir='ltr'><strong>nos</strong></span> <span class='ocrx_word' id='word_1_139' title='bbox 1399 1152 1581 1185; x_wconf 89' lang='lat' dir='ltr'><strong>modicum</strong></span> <span class='ocrx_word' id='word_1_140' title='bbox 1612 1151 1792 1194; x_wconf 88' lang='lat' dir='ltr'><strong>tribulari,</strong></span> <span class='ocrx_word' id='word_1_141' title='bbox 1820 1152 1882 1198; x_wconf 91' lang='lat' dir='ltr'><strong>qui</strong></span> <span class='ocrx_word' id='word_1_142' title='bbox 1909 1159 2027 1186; x_wconf 88' lang='lat' dir='ltr'><strong>tamen</strong></span> <span class='ocrx_word' id='word_1_143' title='bbox 2053 1153 2155 1187; x_wconf 91' lang='lat' dir='ltr'><strong>novit</strong></span> 
     </span>
     <span class='ocr_line' id='line_1_14' title="bbox 277 1217 2152 1264; baseline 0 -11"><span class='ocrx_word' id='word_1_144' title='bbox 277 1230 366 1253; x_wconf 87' lang='lat' dir='ltr'><strong>suos</strong></span> <span class='ocrx_word' id='word_1_145' title='bbox 400 1218 446 1252; x_wconf 87' lang='lat' dir='ltr'><strong>de</strong></span> <span class='ocrx_word' id='word_1_146' title='bbox 480 1217 718 1252; x_wconf 87' lang='lat' dir='ltr'><strong>tribulatione</strong></span> <span class='ocrx_word' id='word_1_147' title='bbox 752 1217 908 1263; x_wconf 87' lang='lat' dir='ltr'><strong>eripere,</strong></span> <span class='ocrx_word' id='word_1_148' title='bbox 943 1229 1024 1251; x_wconf 89' lang='lat' dir='ltr'><strong>cum</strong></span> <span class='ocrx_word' id='word_1_149' title='bbox 1060 1218 1194 1251; x_wconf 90' lang='lat' dir='ltr'><strong>viderit</strong></span> <span class='ocrx_word' id='word_1_150' title='bbox 1225 1225 1483 1264; x_wconf 88' lang='lat' dir='ltr'><strong>opportunum,</strong></span> <span class='ocrx_word' id='word_1_151' title='bbox 1520 1225 1709 1252; x_wconf 87' lang='lat' dir='ltr'><strong>succurret</strong></span> <span class='ocrx_word' id='word_1_152' title='bbox 1746 1219 1932 1264; x_wconf 87' lang='lat' dir='ltr'><strong>potentius</strong></span> <span class='ocrx_word' id='word_1_153' title='bbox 1970 1219 2152 1253; x_wconf 87' lang='lat' dir='ltr'><strong>tribulatis</strong></span> 
     </span>
     <span class='ocr_line' id='line_1_15' title="bbox 276 1284 1502 1331; baseline -0.002 -12"><span class='ocrx_word' id='word_1_154' title='bbox 276 1285 414 1320; x_wconf 86' lang='lat' dir='ltr'><strong>faciens</strong></span> <span class='ocrx_word' id='word_1_155' title='bbox 434 1285 588 1331; x_wconf 89' lang='lat' dir='ltr'><strong>insuper</strong></span> <span class='ocrx_word' id='word_1_156' title='bbox 606 1296 688 1318; x_wconf 90' lang='lat' dir='ltr'><strong>cum</strong></span> <span class='ocrx_word' id='word_1_157' title='bbox 709 1284 908 1318; x_wconf 85' lang='lat' dir='ltr'><strong>tentatione</strong></span> <span class='ocrx_word' id='word_1_158' title='bbox 928 1290 1144 1329; x_wconf 89' lang='lat' dir='ltr'><strong>proventum</strong></span> <span class='ocrx_word' id='word_1_159' title='bbox 1166 1284 1281 1330; x_wconf 84' lang='lat' dir='ltr'><strong>gratie</strong></span> <span class='ocrx_word' id='word_1_160' title='bbox 1301 1284 1502 1330; x_wconf 86' lang='lat' dir='ltr'><strong>amplioris.</strong></span> 
     </span>
    </p>

    <p class='ocr_par' dir='ltr' id='par_1_4' title="bbox 270 1349 2152 1931">
     <span class='ocr_line' id='line_1_16' title="bbox 365 1349 2151 1398; baseline 0.001 -13"><span class='ocrx_word' id='word_1_161' title='bbox 365 1352 440 1385; x_wconf 88' lang='lat' dir='ltr'><strong>Hec</strong></span> <span class='ocrx_word' id='word_1_162' title='bbox 462 1362 575 1396; x_wconf 89' lang='lat' dir='ltr'><strong>pauca</strong></span> <span class='ocrx_word' id='word_1_163' title='bbox 595 1362 754 1396; x_wconf 84' lang='lat' dir='ltr'><strong>superne</strong></span> <span class='ocrx_word' id='word_1_164' title='bbox 778 1350 917 1384; x_wconf 85' lang='lat' dir='ltr'><strong>caritati</strong></span> <span class='ocrx_word' id='word_1_165' title='bbox 941 1356 1063 1384; x_wconf 87' lang='lat' dir='ltr'><strong>vestre</strong></span> <span class='ocrx_word' id='word_1_166' title='bbox 1089 1349 1181 1383; x_wconf 88' lang='lat' dir='ltr'><strong>ultra</strong></span> <span class='ocrx_word' id='word_1_167' title='bbox 1205 1362 1310 1395; x_wconf 88' lang='lat' dir='ltr'><strong>quam</strong></span> <span class='ocrx_word' id='word_1_168' title='bbox 1337 1351 1436 1384; x_wconf 91' lang='lat' dir='ltr'><strong>credi</strong></span> <span class='ocrx_word' id='word_1_169' title='bbox 1462 1352 1580 1396; x_wconf 87' lang='lat' dir='ltr'><strong>possit</strong></span> <span class='ocrx_word' id='word_1_170' title='bbox 1603 1351 1714 1385; x_wconf 87' lang='lat' dir='ltr'><strong>scribi</strong></span> <span class='ocrx_word' id='word_1_171' title='bbox 1740 1351 1798 1385; x_wconf 88' lang='lat' dir='ltr'><strong>vel</strong></span> <span class='ocrx_word' id='word_1_172' title='bbox 1818 1352 1890 1385; x_wconf 88' lang='lat' dir='ltr'><strong>dici</strong></span> <span class='ocrx_word' id='word_1_173' title='bbox 1911 1352 1947 1385; x_wconf 92' lang='lat' dir='ltr'><strong>in</strong></span> <span class='ocrx_word' id='word_1_174' title='bbox 1968 1353 2151 1398; x_wconf 85' lang='lat' dir='ltr'><strong>profundo</strong></span> 
     </span>
     <span class='ocr_line' id='line_1_17' title="bbox 275 1413 2152 1464; baseline 0 -12"><span class='ocrx_word' id='word_1_175' title='bbox 275 1417 551 1452; x_wconf 86' lang='lat' dir='ltr'><strong>tribulationum</strong></span> <span class='ocrx_word' id='word_1_176' title='bbox 572 1417 704 1463; x_wconf 84' lang='lat' dir='ltr'><strong>pelago</strong></span> <span class='ocrx_word' id='word_1_177' title='bbox 729 1417 918 1451; x_wconf 87' lang='lat' dir='ltr'><strong>constituti</strong></span> <span class='ocrx_word' id='word_1_178' title='bbox 938 1417 1107 1461; x_wconf 78' lang='lat' dir='ltr'><strong>duximus</strong></span> <span class='ocrx_word' id='word_1_179' title='bbox 1131 1417 1341 1459; x_wconf 87' lang='lat' dir='ltr'><strong>intimanda,</strong></span> <span class='ocrx_word' id='word_1_180' title='bbox 1371 1424 1410 1450; x_wconf 85' lang='lat' dir='ltr'><strong>ut</strong></span> <span class='ocrx_word' id='word_1_181' title='bbox 1429 1429 1642 1463; x_wconf 87' lang='lat' dir='ltr'><strong>processum</strong></span> <span class='ocrx_word' id='word_1_182' title='bbox 1669 1418 1754 1451; x_wconf 91' lang='lat' dir='ltr'><strong>dicti</strong></span> <span class='ocrx_word' id='word_1_183' title='bbox 1780 1419 1919 1464; x_wconf 82' lang='lat' dir='ltr'><strong>negotii</strong></span> <span class='ocrx_word' id='word_1_184' title='bbox 1947 1413 2152 1464; x_wconf 85' lang='lat' dir='ltr'><strong>aliqualiter</strong></span> 
     </span>
     <span class='ocr_line' id='line_1_18' title="bbox 274 1477 2150 1531; baseline 0 -12"><span class='ocrx_word' id='word_1_185' title='bbox 274 1477 557 1531; x_wconf 74' lang='lat' dir='ltr'><strong>cognoscentes,</strong></span> <span class='ocrx_word' id='word_1_186' title='bbox 575 1495 734 1530; x_wconf 88' lang='lat' dir='ltr'><strong>superna</strong></span> <span class='ocrx_word' id='word_1_187' title='bbox 749 1483 882 1530; x_wconf 86' lang='lat' dir='ltr'><strong>pietate</strong></span> <span class='ocrx_word' id='word_1_188' title='bbox 903 1490 939 1517; x_wconf 90' lang='lat' dir='ltr'><strong>et</strong></span> <span class='ocrx_word' id='word_1_189' title='bbox 953 1483 1208 1530; x_wconf 86' lang='lat' dir='ltr'><strong>compassione</strong></span> <span class='ocrx_word' id='word_1_190' title='bbox 1224 1484 1395 1517; x_wconf 90' lang='lat' dir='ltr'><strong>commoti</strong></span> <span class='ocrx_word' id='word_1_191' title='bbox 1416 1484 1511 1530; x_wconf 89' lang='lat' dir='ltr'><strong>apud</strong></span> <span class='ocrx_word' id='word_1_192' title='bbox 1532 1483 1717 1518; x_wconf 89' lang='lat' dir='ltr'><strong>Christum</strong></span> <span class='ocrx_word' id='word_1_193' title='bbox 1734 1497 1773 1518; x_wconf 84' lang='lat' dir='ltr'><strong>ac</strong></span> <span class='ocrx_word' id='word_1_194' title='bbox 1789 1485 1979 1530; x_wconf 87' lang='lat' dir='ltr'><strong>Virginem</strong></span> <span class='ocrx_word' id='word_1_195' title='bbox 2000 1492 2150 1522; x_wconf 87' lang='lat' dir='ltr'><strong>matrem</strong></span> 
     </span>
     <span class='ocr_line' id='line_1_19' title="bbox 273 1549 2149 1597; baseline 0 -12"><span class='ocrx_word' id='word_1_196' title='bbox 273 1552 367 1597; x_wconf 79' lang='lat' dir='ltr'><strong>ejus,</strong></span> <span class='ocrx_word' id='word_1_197' title='bbox 394 1550 540 1585; x_wconf 90' lang='lat' dir='ltr'><strong>ordinis</strong></span> <span class='ocrx_word' id='word_1_198' title='bbox 566 1550 786 1592; x_wconf 83' lang='lat' dir='ltr'><strong>advocatam,</strong></span> <span class='ocrx_word' id='word_1_199' title='bbox 815 1556 852 1583; x_wconf 92' lang='lat' dir='ltr'><strong>et</strong></span> <span class='ocrx_word' id='word_1_200' title='bbox 877 1549 1022 1583; x_wconf 90' lang='lat' dir='ltr'><strong>beatum</strong></span> <span class='ocrx_word' id='word_1_201' title='bbox 1050 1550 1280 1584; x_wconf 90' lang='lat' dir='ltr'><strong>Dominicum</strong></span> <span class='ocrx_word' id='word_1_202' title='bbox 1308 1557 1445 1596; x_wconf 86' lang='lat' dir='ltr'><strong>patrem</strong></span> <span class='ocrx_word' id='word_1_203' title='bbox 1472 1557 1637 1584; x_wconf 89' lang='lat' dir='ltr'><strong>nostrum</strong></span> <span class='ocrx_word' id='word_1_204' title='bbox 1663 1557 1699 1584; x_wconf 88' lang='lat' dir='ltr'><strong>et</strong></span> <span class='ocrx_word' id='word_1_205' title='bbox 1723 1557 1886 1584; x_wconf 90' lang='lat' dir='ltr'><strong>sanctum</strong></span> <span class='ocrx_word' id='word_1_206' title='bbox 1912 1551 1979 1584; x_wconf 91' lang='lat' dir='ltr'><strong>Dei</strong></span> <span class='ocrx_word' id='word_1_207' title='bbox 2003 1553 2149 1585; x_wconf 89' lang='lat' dir='ltr'><strong>Petrum</strong></span> 
     </span>
     <span class='ocr_line' id='line_1_20' title="bbox 272 1617 2149 1664; baseline -0.001 -12"><span class='ocrx_word' id='word_1_208' title='bbox 272 1624 467 1664; x_wconf 85' lang='lat' dir='ltr'><strong>martyrem</strong></span> <span class='ocrx_word' id='word_1_209' title='bbox 495 1617 716 1664; x_wconf 80' lang='lat' dir='ltr'><strong>gloriosum,</strong></span> <span class='ocrx_word' id='word_1_210' title='bbox 745 1617 851 1662; x_wconf 83' lang='lat' dir='ltr'><strong>cujus</strong></span> <span class='ocrx_word' id='word_1_211' title='bbox 878 1617 1030 1663; x_wconf 85' lang='lat' dir='ltr'><strong>sanguis</strong></span> <span class='ocrx_word' id='word_1_212' title='bbox 1056 1617 1200 1651; x_wconf 86' lang='lat' dir='ltr'><strong>noviter</strong></span> <span class='ocrx_word' id='word_1_213' title='bbox 1225 1617 1330 1650; x_wconf 86' lang='lat' dir='ltr'><strong>susus</strong></span> <span class='ocrx_word' id='word_1_214' title='bbox 1353 1617 1398 1651; x_wconf 86' lang='lat' dir='ltr'><strong>ad</strong></span> <span class='ocrx_word' id='word_1_215' title='bbox 1423 1618 1539 1651; x_wconf 91' lang='lat' dir='ltr'><strong>Deum</strong></span> <span class='ocrx_word' id='word_1_216' title='bbox 1565 1617 1660 1651; x_wconf 91' lang='lat' dir='ltr'><strong>sicut</strong></span> <span class='ocrx_word' id='word_1_217' title='bbox 1683 1617 1902 1651; x_wconf 88' lang='lat' dir='ltr'><strong>confidimus</strong></span> <span class='ocrx_word' id='word_1_218' title='bbox 1929 1630 1994 1663; x_wconf 92' lang='lat' dir='ltr'><strong>pro</strong></span> <span class='ocrx_word' id='word_1_219' title='bbox 2020 1618 2149 1652; x_wconf 88' lang='lat' dir='ltr'><strong>ordine</strong></span> 
     </span>
     <span class='ocr_line' id='line_1_21' title="bbox 272 1683 2149 1731; baseline -0.001 -12"><span class='ocrx_word' id='word_1_220' title='bbox 272 1696 341 1719; x_wconf 85' lang='lat' dir='ltr'><strong>suo</strong></span> <span class='ocrx_word' id='word_1_221' title='bbox 366 1683 499 1718; x_wconf 87' lang='lat' dir='ltr'><strong>clamat</strong></span> <span class='ocrx_word' id='word_1_222' title='bbox 522 1686 617 1728; x_wconf 90' lang='lat' dir='ltr'><strong>(cum</strong></span> <span class='ocrx_word' id='word_1_223' title='bbox 642 1683 680 1717; x_wconf 91' lang='lat' dir='ltr'><strong>in</strong></span> <span class='ocrx_word' id='word_1_224' title='bbox 704 1683 774 1717; x_wconf 91' lang='lat' dir='ltr'><strong>hoc</strong></span> <span class='ocrx_word' id='word_1_225' title='bbox 799 1683 949 1730; x_wconf 84' lang='lat' dir='ltr'><strong>negotio</strong></span> <span class='ocrx_word' id='word_1_226' title='bbox 974 1683 1120 1717; x_wconf 88' lang='lat' dir='ltr'><strong>diabolo</strong></span> <span class='ocrx_word' id='word_1_227' title='bbox 1148 1691 1366 1730; x_wconf 87' lang='lat' dir='ltr'><strong>procurante</strong></span> <span class='ocrx_word' id='word_1_228' title='bbox 1396 1684 1499 1718; x_wconf 86' lang='lat' dir='ltr'><strong>ruina</strong></span> <span class='ocrx_word' id='word_1_229' title='bbox 1530 1684 1595 1718; x_wconf 89' lang='lat' dir='ltr'><strong>toti</strong></span> <span class='ocrx_word' id='word_1_230' title='bbox 1621 1684 1743 1718; x_wconf 91' lang='lat' dir='ltr'><strong>ordini</strong></span> <span class='ocrx_word' id='word_1_231' title='bbox 1768 1686 1994 1731; x_wconf 87' lang='lat' dir='ltr'><strong>preparetur)</strong></span> <span class='ocrx_word' id='word_1_232' title='bbox 2020 1697 2149 1731; x_wconf 88' lang='lat' dir='ltr'><strong>preces</strong></span> 
     </span>
     <span class='ocr_line' id='line_1_22' title="bbox 272 1749 2149 1798; baseline 0 -13"><span class='ocrx_word' id='word_1_233' title='bbox 272 1751 445 1798; x_wconf 89' lang='lat' dir='ltr'><strong>precibus</strong></span> <span class='ocrx_word' id='word_1_234' title='bbox 471 1750 682 1793; x_wconf 87' lang='lat' dir='ltr'><strong>cumuletis,</strong></span> <span class='ocrx_word' id='word_1_235' title='bbox 711 1749 820 1784; x_wconf 88' lang='lat' dir='ltr'><strong>nobis</strong></span> <span class='ocrx_word' id='word_1_236' title='bbox 847 1750 957 1783; x_wconf 89' lang='lat' dir='ltr'><strong>immo</strong></span> <span class='ocrx_word' id='word_1_237' title='bbox 984 1750 1050 1784; x_wconf 89' lang='lat' dir='ltr'><strong>toti</strong></span> <span class='ocrx_word' id='word_1_238' title='bbox 1075 1750 1196 1784; x_wconf 89' lang='lat' dir='ltr'><strong>ordini</strong></span> <span class='ocrx_word' id='word_1_239' title='bbox 1221 1751 1259 1784; x_wconf 90' lang='lat' dir='ltr'><strong>in</strong></span> <span class='ocrx_word' id='word_1_240' title='bbox 1284 1750 1406 1793; x_wconf 89' lang='lat' dir='ltr'><strong>nobis,</strong></span> <span class='ocrx_word' id='word_1_241' title='bbox 1434 1750 1478 1784; x_wconf 92' lang='lat' dir='ltr'><strong>ab</strong></span> <span class='ocrx_word' id='word_1_242' title='bbox 1503 1750 1584 1784; x_wconf 88' lang='lat' dir='ltr'><strong>aliis</strong></span> <span class='ocrx_word' id='word_1_243' title='bbox 1608 1751 1811 1784; x_wconf 87' lang='lat' dir='ltr'><strong>orationum</strong></span> <span class='ocrx_word' id='word_1_244' title='bbox 1838 1751 2010 1798; x_wconf 83' lang='lat' dir='ltr'><strong>suffragia</strong></span> <span class='ocrx_word' id='word_1_245' title='bbox 2035 1752 2149 1797; x_wconf 90' lang='lat' dir='ltr'><strong>impe-</strong></span> 
     </span>
     <span class='ocr_line' id='line_1_23' title="bbox 271 1817 2148 1864; baseline 0 -12"><span class='ocrx_word' id='word_1_246' title='bbox 271 1824 409 1852; x_wconf 81' lang='lat' dir='ltr'><strong>trantes</strong></span> <span class='ocrx_word' id='word_1_247' title='bbox 438 1824 475 1852; x_wconf 88' lang='lat' dir='ltr'><strong>et</strong></span> <span class='ocrx_word' id='word_1_248' title='bbox 503 1824 667 1852; x_wconf 83' lang='lat' dir='ltr'><strong>nostram</strong></span> <span class='ocrx_word' id='word_1_249' title='bbox 698 1817 957 1860; x_wconf 85' lang='lat' dir='ltr'><strong>innocentiam,</strong></span> <span class='ocrx_word' id='word_1_250' title='bbox 987 1817 1050 1850; x_wconf 86' lang='lat' dir='ltr'><strong>ubi</strong></span> <span class='ocrx_word' id='word_1_251' title='bbox 1084 1829 1238 1851; x_wconf 88' lang='lat' dir='ltr'><strong>necesse</strong></span> <span class='ocrx_word' id='word_1_252' title='bbox 1266 1817 1446 1860; x_wconf 88' lang='lat' dir='ltr'><strong>videritis,</strong></span> <span class='ocrx_word' id='word_1_253' title='bbox 1476 1825 1706 1860; x_wconf 85' lang='lat' dir='ltr'><strong>excusantes,</strong></span> <span class='ocrx_word' id='word_1_254' title='bbox 1737 1818 1832 1852; x_wconf 89' lang='lat' dir='ltr'><strong>sicut</strong></span> <span class='ocrx_word' id='word_1_255' title='bbox 1859 1819 1927 1852; x_wconf 91' lang='lat' dir='ltr'><strong>viri</strong></span> <span class='ocrx_word' id='word_1_256' title='bbox 1955 1818 2148 1864; x_wconf 87' lang='lat' dir='ltr'><strong>prudentia</strong></span> 
     </span>
     <span class='ocr_line' id='line_1_24' title="bbox 270 1883 1481 1931; baseline -0.001 -12"><span class='ocrx_word' id='word_1_257' title='bbox 270 1883 405 1931; x_wconf 88' lang='lat' dir='ltr'><strong>prediti</strong></span> <span class='ocrx_word' id='word_1_258' title='bbox 425 1896 469 1918; x_wconf 92' lang='lat' dir='ltr'><strong>ex</strong></span> <span class='ocrx_word' id='word_1_259' title='bbox 488 1883 725 1931; x_wconf 83' lang='lat' dir='ltr'><strong>presentibus</strong></span> <span class='ocrx_word' id='word_1_260' title='bbox 745 1883 894 1930; x_wconf 86' lang='lat' dir='ltr'><strong>capiatis</strong></span> <span class='ocrx_word' id='word_1_261' title='bbox 905 1883 930 1904; x_wconf 77' lang='lat'><strong>²¹</strong></span> <span class='ocrx_word' id='word_1_262' title='bbox 951 1883 1089 1930; x_wconf 88' lang='lat' dir='ltr'><strong>aliquid</strong></span> <span class='ocrx_word' id='word_1_263' title='bbox 1110 1884 1155 1918; x_wconf 90' lang='lat' dir='ltr'><strong>de</strong></span> <span class='ocrx_word' id='word_1_264' title='bbox 1175 1884 1320 1918; x_wconf 88' lang='lat' dir='ltr'><strong>futuris.</strong></span> <span class='ocrx_word' id='word_1_265' title='bbox 1343 1884 1481 1919; x_wconf 88' lang='lat' dir='ltr'><strong>Valete.</strong></span> 
     </span>
    </p>

    <p class='ocr_par' dir='ltr' id='par_1_5' title="bbox 268 1981 2147 2149">
     <span class='ocr_line' id='line_1_25' title="bbox 363 1981 2147 2016; baseline 0.001 -10"><span class='ocrx_word' id='word_1_266' title='bbox 363 1981 440 2006; x_wconf 71' lang='grc' dir='ltr'><strong>Δηὼ.</strong></span> <span class='ocrx_word' id='word_1_267' title='bbox 462 1982 565 2014; x_wconf 68' lang='grc' dir='ltr'><strong>ᾶόραη.</strong></span> <span class='ocrx_word' id='word_1_268' title='bbox 587 1982 620 2006; x_wconf 86' lang='lat' dir='ltr'><strong>de</strong></span> <span class='ocrx_word' id='word_1_269' title='bbox 644 1982 671 2006; x_wconf 80' lang='lat' dir='ltr'><strong>ln</strong></span> <span class='ocrx_word' id='word_1_270' title='bbox 695 1982 839 2006; x_wconf 66' lang='lat' dir='ltr'><strong>cote—d’ot·</strong></span> <span class='ocrx_word' id='word_1_271' title='bbox 863 1982 969 2015; x_wconf 80' lang='lat' dir='ltr'><strong>(Dijon),</strong></span> <span class='ocrx_word' id='word_1_272' title='bbox 991 1982 1153 2007; x_wconf 77' lang='lat' dir='ltr'><strong>Cartulairae</strong></span> <span class='ocrx_word' id='word_1_273' title='bbox 1174 1983 1220 2006; x_wconf 87' lang='lat' dir='ltr'><strong>des</strong></span> <span class='ocrx_word' id='word_1_274' title='bbox 1242 1982 1430 2012; x_wconf 75' lang='lat' dir='ltr'><strong>Dominicains,</strong></span> <span class='ocrx_word' id='word_1_275' title='bbox 1451 1983 1482 2006; x_wconf 82' lang='grc' dir='ltr'><strong>Η.</strong></span> <span class='ocrx_word' id='word_1_276' title='bbox 1503 1983 1558 2012; x_wconf 88' lang='grc'><strong>221,</strong></span> <span class='ocrx_word' id='word_1_277' title='bbox 1578 1983 1623 2007; x_wconf 75' lang='lat' dir='ltr'><strong>fol.</strong></span> <span class='ocrx_word' id='word_1_278' title='bbox 1645 1983 1699 2007; x_wconf 86' lang='lat'><strong>111.</strong></span> <span class='ocrx_word' id='word_1_279' title='bbox 1722 1983 1751 2007; x_wconf 89' lang='lat' dir='ltr'><strong>In</strong></span> <span class='ocrx_word' id='word_1_280' title='bbox 1773 1991 1802 2007; x_wconf 85' lang='lat' dir='ltr'><strong>eo</strong></span> <span class='ocrx_word' id='word_1_281' title='bbox 1822 1983 1879 2007; x_wconf 85' lang='lat' dir='ltr'><strong>cod.</strong></span> <span class='ocrx_word' id='word_1_282' title='bbox 1905 1985 1983 2013; x_wconf 82' lang='lat' dir='ltr'><strong>(saec.</strong></span> <span class='ocrx_word' id='word_1_283' title='bbox 2006 1984 2081 2015; x_wconf 85' lang='lat' dir='ltr'><strong>XIV),</strong></span> <span class='ocrx_word' id='word_1_284' title='bbox 2101 1984 2147 2016; x_wconf 88' lang='lat' dir='ltr'><strong>qni</strong></span> 
     </span>
     <span class='ocr_line' id='line_1_26' title="bbox 269 2025 2147 2060; baseline 0.001 -10"><span class='ocrx_word' id='word_1_285' title='bbox 269 2025 371 2051; x_wconf 76' lang='lat' dir='ltr'><strong>mendis</strong></span> <span class='ocrx_word' id='word_1_286' title='bbox 382 2029 474 2056; x_wconf 70' lang='lat' dir='ltr'><strong>scatet,</strong></span> <span class='ocrx_word' id='word_1_287' title='bbox 490 2026 626 2051; x_wconf 80' lang='lat' dir='ltr'><strong>invenitur</strong></span> <span class='ocrx_word' id='word_1_288' title='bbox 638 2026 707 2051; x_wconf 79' lang='lat' dir='ltr'><strong>inter</strong></span> <span class='ocrx_word' id='word_1_289' title='bbox 720 2026 847 2059; x_wconf 75' lang='lat' dir='ltr'><strong>epistolas</strong></span> <span class='ocrx_word' id='word_1_290' title='bbox 858 2026 986 2051; x_wconf 78' lang='lat' dir='ltr'><strong>Johannis</strong></span> <span class='ocrx_word' id='word_1_291' title='bbox 1000 2026 1183 2056; x_wconf 81' lang='lat' dir='ltr'><strong>Vercellensis,</strong></span> <span class='ocrx_word' id='word_1_292' title='bbox 1198 2027 1358 2051; x_wconf 79' lang='lat' dir='ltr'><strong>successoris</strong></span> <span class='ocrx_word' id='word_1_293' title='bbox 1370 2027 1508 2051; x_wconf 74' lang='lat' dir='ltr'><strong>flamberti</strong></span> <span class='ocrx_word' id='word_1_294' title='bbox 1523 2027 1549 2051; x_wconf 89' lang='lat' dir='ltr'><strong>in</strong></span> <span class='ocrx_word' id='word_1_295' title='bbox 1563 2028 1718 2059; x_wconf 79' lang='lat' dir='ltr'><strong>generalatu</strong></span> <span class='ocrx_word' id='word_1_296' title='bbox 1734 2027 1901 2060; x_wconf 71' lang='lat'><strong>(1264-1284),</strong></span> <span class='ocrx_word' id='word_1_297' title='bbox 1913 2028 2018 2060; x_wconf 82' lang='lat' dir='ltr'><strong>ipsiquo</strong></span> <span class='ocrx_word' id='word_1_298' title='bbox 2032 2028 2147 2053; x_wconf 68' lang='lat' dir='ltr'><strong>‚Iohanni</strong></span> 
     </span>
     <span class='ocr_line' id='line_1_27' title="bbox 268 2070 2146 2104; baseline 0.001 -9"><span class='ocrx_word' id='word_1_299' title='bbox 268 2076 410 2103; x_wconf 71' lang='lat' dir='ltr'><strong>perperam</strong></span> <span class='ocrx_word' id='word_1_300' title='bbox 428 2070 580 2100; x_wconf 60' lang='lat' dir='ltr'><strong>ssoessiitnr,</strong></span> <span class='ocrx_word' id='word_1_301' title='bbox 597 2070 666 2095; x_wconf 81' lang='lat' dir='ltr'><strong>sicut</strong></span> <span class='ocrx_word' id='word_1_302' title='bbox 679 2073 705 2095; x_wconf 81' lang='lat' dir='ltr'><strong>et</strong></span> <span class='ocrx_word' id='word_1_303' title='bbox 723 2070 881 2096; x_wconf 74' lang='lat' dir='ltr'><strong>Guiuelmus</strong></span> <span class='ocrx_word' id='word_1_304' title='bbox 901 2071 933 2095; x_wconf 80' lang='lat' dir='ltr'><strong>de</strong></span> <span class='ocrx_word' id='word_1_305' title='bbox 955 2071 1039 2095; x_wconf 88' lang='lat' dir='ltr'><strong>Tocco</strong></span> <span class='ocrx_word' id='word_1_306' title='bbox 1059 2071 1086 2095; x_wconf 88' lang='lat' dir='ltr'><strong>in</strong></span> <span class='ocrx_word' id='word_1_307' title='bbox 1106 2071 1168 2096; x_wconf 72' lang='lat' dir='ltr'><strong>Vita</strong></span> <span class='ocrx_word' id='word_1_308' title='bbox 1182 2071 1212 2096; x_wconf 74' lang='lat'><strong>8.</strong></span> <span class='ocrx_word' id='word_1_309' title='bbox 1231 2071 1353 2096; x_wconf 76' lang='lat' dir='ltr'><strong>Thomae</strong></span> <span class='ocrx_word' id='word_1_310' title='bbox 1369 2073 1437 2102; x_wconf 73' lang='grc' dir='ltr'><strong>(ΔΑ.</strong></span> <span class='ocrx_word' id='word_1_311' title='bbox 1454 2071 1504 2097; x_wconf 72' lang='lat' dir='ltr'><strong>ss.</strong></span> <span class='ocrx_word' id='word_1_312' title='bbox 1520 2072 1607 2101; x_wconf 67' lang='grc' dir='ltr'><strong>Μαι-1.,</strong></span> <span class='ocrx_word' id='word_1_313' title='bbox 1623 2072 1643 2102; x_wconf 89' lang='lat'><strong>1,</strong></span> <span class='ocrx_word' id='word_1_314' title='bbox 1660 2071 1715 2104; x_wconf 75' lang='lat'>666)</span> <span class='ocrx_word' id='word_1_315' title='bbox 1730 2080 1820 2096; x_wconf 80' lang='lat' dir='ltr'><strong>omnes</strong></span> <span class='ocrx_word' id='word_1_316' title='bbox 1835 2072 2039 2104; x_wconf 80' lang='lat' dir='ltr'><strong>disceptationes</strong></span> <span class='ocrx_word' id='word_1_317' title='bbox 2055 2076 2146 2097; x_wconf 79' lang='lat' dir='ltr'><strong>contra</strong></span> 
     </span>
     <span class='ocr_line' id='line_1_28' title="bbox 268 2114 2146 2149; baseline 0.001 -10"><span class='ocrx_word' id='word_1_318' title='bbox 268 2114 440 2140; x_wconf 77' lang='lat' dir='ltr'><strong>Guillelmum</strong></span> <span class='ocrx_word' id='word_1_319' title='bbox 453 2115 487 2139; x_wconf 81' lang='lat' dir='ltr'><strong>de</strong></span> <span class='ocrx_word' id='word_1_320' title='bbox 503 2114 529 2140; x_wconf 86' lang='lat' dir='ltr'><strong>S.</strong></span> <span class='ocrx_word' id='word_1_321' title='bbox 550 2115 645 2140; x_wconf 75' lang='lat' dir='ltr'><strong>Amore</strong></span> <span class='ocrx_word' id='word_1_322' title='bbox 660 2115 728 2140; x_wconf 70' lang='lat' dir='ltr'><strong>[alno</strong></span> <span class='ocrx_word' id='word_1_323' title='bbox 742 2116 776 2140; x_wconf 77' lang='lat' dir='ltr'><strong>ad</strong></span> <span class='ocrx_word' id='word_1_324' title='bbox 795 2119 908 2140; x_wconf 77' lang='lat' dir='ltr'><strong>aetatem</strong></span> <span class='ocrx_word' id='word_1_325' title='bbox 923 2115 1064 2140; x_wconf 79' lang='lat' dir='ltr'><strong>Clementis</strong></span> <span class='ocrx_word' id='word_1_326' title='bbox 1079 2116 1113 2140; x_wconf 79' lang='lat' dir='ltr'><strong>lv</strong></span> <span class='ocrx_word' id='word_1_327' title='bbox 1127 2119 1154 2140; x_wconf 86' lang='lat' dir='ltr'><strong>et</strong></span> <span class='ocrx_word' id='word_1_328' title='bbox 1167 2115 1296 2140; x_wconf 78' lang='lat' dir='ltr'><strong>Johunnis</strong></span> <span class='ocrx_word' id='word_1_329' title='bbox 1311 2116 1484 2140; x_wconf 80' lang='lat' dir='ltr'><strong>Vercellensis</strong></span> <span class='ocrx_word' id='word_1_330' title='bbox 1499 2118 1589 2140; x_wconf 77' lang='lat' dir='ltr'><strong>refert.</strong></span> <span class='ocrx_word' id='word_1_331' title='bbox 1609 2117 1663 2140; x_wconf 80' lang='lat' dir='ltr'><strong>Has</strong></span> <span class='ocrx_word' id='word_1_332' title='bbox 1677 2116 1780 2141; x_wconf 74' lang='lat' dir='ltr'><strong>litteras</strong></span> <span class='ocrx_word' id='word_1_333' title='bbox 1798 2125 1857 2141; x_wconf 82' lang='lat' dir='ltr'><strong>esse</strong></span> <span class='ocrx_word' id='word_1_334' title='bbox 1874 2117 1987 2149; x_wconf 76' lang='lat' dir='ltr'><strong>scriptas</strong></span> <span class='ocrx_word' id='word_1_335' title='bbox 2007 2117 2078 2142; x_wconf 79' lang='lat' dir='ltr'><strong>circa</strong></span> <span class='ocrx_word' id='word_1_336' title='bbox 2097 2118 2146 2142; x_wconf 87' lang='lat' dir='ltr'><strong>hoc</strong></span> 
     </span>
    </p>
   </div>
   <div class='ocr_carea' id='block_1_4' title="bbox 267 2158 2144 2238">
    <p class='ocr_par' dir='ltr' id='par_1_6' title="bbox 267 2158 2144 2238">
     <span class='ocr_line' id='line_1_29' title="bbox 267 2158 2144 2194; baseline 0.002 -11"><span class='ocrx_word' id='word_1_337' title='bbox 267 2162 373 2192; x_wconf 71' lang='lat' dir='ltr'><strong>tempus</strong></span> <span class='ocrx_word' id='word_1_338' title='bbox 387 2158 471 2192; x_wconf 75' lang='lat' dir='ltr'><strong>liquet</strong></span> <span class='ocrx_word' id='word_1_339' title='bbox 481 2167 513 2183; x_wconf 83' lang='lat' dir='ltr'><strong>ex</strong></span> <span class='ocrx_word' id='word_1_340' title='bbox 526 2159 657 2192; x_wconf 71' lang='lat' dir='ltr'><strong>epistolis,</strong></span> <span class='ocrx_word' id='word_1_341' title='bbox 672 2160 707 2184; x_wconf 78' lang='lat' dir='ltr'><strong>ad</strong></span> <span class='ocrx_word' id='word_1_342' title='bbox 721 2168 787 2193; x_wconf 76' lang='lat' dir='ltr'><strong>quas</strong></span> <span class='ocrx_word' id='word_1_343' title='bbox 804 2161 923 2190; x_wconf 77' lang='lat' dir='ltr'><strong>remittit,</strong></span> <span class='ocrx_word' id='word_1_344' title='bbox 935 2164 961 2185; x_wconf 81' lang='lat' dir='ltr'><strong>et</strong></span> <span class='ocrx_word' id='word_1_345' title='bbox 974 2161 1155 2185; x_wconf 79' lang='lat' dir='ltr'><strong>verisimiliter</strong></span> <span class='ocrx_word' id='word_1_346' title='bbox 1167 2169 1239 2193; x_wconf 76' lang='lat' dir='ltr'><strong>papa</strong></span> <span class='ocrx_word' id='word_1_347' title='bbox 1253 2161 1408 2185; x_wconf 80' lang='lat' dir='ltr'><strong>relationem</strong></span> <span class='ocrx_word' id='word_1_348' title='bbox 1421 2161 1453 2185; x_wconf 86' lang='lat' dir='ltr'><strong>de</strong></span> <span class='ocrx_word' id='word_1_349' title='bbox 1467 2161 1550 2193; x_wconf 78' lang='lat' dir='ltr'><strong>gestis</strong></span> <span class='ocrx_word' id='word_1_350' title='bbox 1563 2161 1673 2186; x_wconf 81' lang='lat' dir='ltr'><strong>Parisiis</strong></span> <span class='ocrx_word' id='word_1_351' title='bbox 1688 2162 1790 2194; x_wconf 78' lang='lat' dir='ltr'><strong>accepit</strong></span> <span class='ocrx_word' id='word_1_352' title='bbox 1802 2162 1835 2185; x_wconf 84' lang='lat' dir='ltr'><strong>nb</strong></span> <span class='ocrx_word' id='word_1_353' title='bbox 1851 2162 2004 2191; x_wconf 73' lang='lat' dir='ltr'><strong>flamberto,</strong></span> <span class='ocrx_word' id='word_1_354' title='bbox 2023 2162 2068 2194; x_wconf 84' lang='lat' dir='ltr'><strong>qui</strong></span> <span class='ocrx_word' id='word_1_355' title='bbox 2083 2165 2144 2186; x_wconf 87' lang='lat' dir='ltr'><strong>tunc</strong></span> 
     </span>
     <span class='ocr_line' id='line_1_30' title="bbox 268 2202 1806 2238; baseline 0.001 -10"><span class='ocrx_word' id='word_1_356' title='bbox 268 2204 296 2228; x_wconf 82' lang='lat' dir='ltr'><strong>in</strong></span> <span class='ocrx_word' id='word_1_357' title='bbox 310 2202 384 2228; x_wconf 73' lang='lat' dir='ltr'><strong>curia</strong></span> <span class='ocrx_word' id='word_1_358' title='bbox 398 2203 561 2228; x_wconf 70' lang='lat' dir='ltr'><strong>mortham.</strong></span> <span class='ocrx_word' id='word_1_359' title='bbox 577 2204 652 2228; x_wconf 79' lang='lat' dir='ltr'><strong>Sicut</strong></span> <span class='ocrx_word' id='word_1_360' title='bbox 664 2212 736 2237; x_wconf 76' lang='lat' dir='ltr'><strong>papa</strong></span> <span class='ocrx_word' id='word_1_361' title='bbox 748 2204 786 2229; x_wconf 79' lang='lat' dir='ltr'><strong>ita</strong></span> <span class='ocrx_word' id='word_1_362' title='bbox 799 2208 826 2229; x_wconf 84' lang='lat' dir='ltr'><strong>et</strong></span> <span class='ocrx_word' id='word_1_363' title='bbox 839 2205 1000 2229; x_wconf 81' lang='lat' dir='ltr'><strong>Humbertus</strong></span> <span class='ocrx_word' id='word_1_364' title='bbox 1015 2205 1233 2238; x_wconf 79' lang='lat' dir='ltr'><strong>compositionem</strong></span> <span class='ocrx_word' id='word_1_365' title='bbox 1248 2206 1345 2230; x_wconf 78' lang='lat' dir='ltr'><strong>factam</strong></span> <span class='ocrx_word' id='word_1_366' title='bbox 1361 2206 1430 2236; x_wconf 77' lang='lat' dir='ltr'><strong>(vide</strong></span> <span class='ocrx_word' id='word_1_367' title='bbox 1444 2214 1527 2238; x_wconf 80' lang='lat' dir='ltr'><strong>supra</strong></span> <span class='ocrx_word' id='word_1_368' title='bbox 1541 2210 1571 2230; x_wconf 87' lang='lat' dir='ltr'><strong>n⁰</strong></span> <span class='ocrx_word' id='word_1_369' title='bbox 1586 2207 1640 2237; x_wconf 87' lang='grc'><strong>267)</strong></span> <span class='ocrx_word' id='word_1_370' title='bbox 1658 2206 1806 2238; x_wconf 82' lang='lat' dir='ltr'><strong>ignorabat.</strong></span> 
     </span>
    </p>
   </div>
   <div class='ocr_carea' id='block_1_5' title="bbox 269 2286 2144 2454">
    <p class='ocr_par' dir='ltr' id='par_1_7' title="bbox 269 2286 2144 2454">
     <span class='ocr_line' id='line_1_31' title="bbox 365 2286 2142 2322; baseline 0.002 -11"><span class='ocrx_word' id='word_1_371' title='bbox 365 2287 388 2312; x_wconf 83' lang='lat'><strong>1.</strong></span> <span class='ocrx_word' id='word_1_372' title='bbox 405 2286 488 2312; x_wconf 75' lang='lat' dir='ltr'><strong>eod-z</strong></span> <span class='ocrx_word' id='word_1_373' title='bbox 505 2295 518 2311; x_wconf 78' lang='grc' dir='ltr'><strong>α</strong></span> <span class='ocrx_word' id='word_1_374' title='bbox 533 2288 667 2312; x_wconf 71' lang='lat' dir='ltr'><strong>,Iohannes</strong></span> <span class='ocrx_word' id='word_1_375' title='bbox 687 2297 709 2313; x_wconf 66' lang='grc' dir='ltr'><strong>ν.</strong></span> <span class='ocrx_word' id='word_1_376' title='bbox 725 2302 757 2308; x_wconf 91' lang='lat'>-</span> <span class='ocrx_word' id='word_1_377' title='bbox 775 2289 798 2313; x_wconf 81' lang='lat'><strong>2.</strong></span> <span class='ocrx_word' id='word_1_378' title='bbox 819 2289 883 2313; x_wconf 83' lang='lat' dir='ltr'><strong>eod.</strong></span> <span class='ocrx_word' id='word_1_379' title='bbox 899 2297 906 2313; x_wconf 71' lang='grc' dir='ltr'><strong>ι</strong></span> <span class='ocrx_word' id='word_1_380' title='bbox 924 2297 936 2313; x_wconf 85' lang='lat'>«</span> <span class='ocrx_word' id='word_1_381' title='bbox 958 2292 984 2313; x_wconf 85' lang='lat' dir='ltr'><strong>et</strong></span> <span class='ocrx_word' id='word_1_382' title='bbox 1005 2298 1027 2313; x_wconf 65' lang='lat' dir='ltr'><strong>i).</strong></span> <span class='ocrx_word' id='word_1_383' title='bbox 1045 2290 1179 2314; x_wconf 77' lang='lat' dir='ltr'><strong>Sententia</strong></span> <span class='ocrx_word' id='word_1_384' title='bbox 1193 2290 1334 2322; x_wconf 81' lang='lat' dir='ltr'><strong>desumpto</strong></span> <span class='ocrx_word' id='word_1_385' title='bbox 1347 2293 1387 2314; x_wconf 83' lang='lat' dir='ltr'><strong>est</strong></span> <span class='ocrx_word' id='word_1_386' title='bbox 1409 2299 1441 2314; x_wconf 77' lang='lat' dir='ltr'><strong>ex</strong></span> <span class='ocrx_word' id='word_1_387' title='bbox 1454 2290 1551 2314; x_wconf 79' lang='lat' dir='ltr'><strong>Psalm.</strong></span> <span class='ocrx_word' id='word_1_388' title='bbox 1576 2291 1614 2320; x_wconf 78' lang='lat'><strong>79,</strong></span> <span class='ocrx_word' id='word_1_389' title='bbox 1631 2291 1670 2314; x_wconf 80' lang='lat'><strong>14.</strong></span> <span class='ocrx_word' id='word_1_390' title='bbox 1685 2304 1716 2308; x_wconf 98' lang='lat'><strong>—</strong></span> <span class='ocrx_word' id='word_1_391' title='bbox 1731 2291 1752 2314; x_wconf 76' lang='lat'><strong>23.</strong></span> <span class='ocrx_word' id='word_1_392' title='bbox 1774 2290 1870 2314; x_wconf 75' lang='lat' dir='ltr'><strong>Narrat</strong></span> <span class='ocrx_word' id='word_1_393' title='bbox 1887 2290 1936 2314; x_wconf 87' lang='lat' dir='ltr'><strong>hoc</strong></span> <span class='ocrx_word' id='word_1_394' title='bbox 1956 2290 2035 2314; x_wconf 77' lang='lat' dir='ltr'><strong>etiam</strong></span> <span class='ocrx_word' id='word_1_395' title='bbox 2050 2290 2142 2314; x_wconf 88' lang='lat' dir='ltr'><strong>Thom.</strong></span> 
     </span>
     <span class='ocr_line' id='line_1_32' title="bbox 270 2331 2142 2367; baseline 0.001 -11"><span class='ocrx_word' id='word_1_396' title='bbox 270 2331 429 2364; x_wconf 74' lang='lat' dir='ltr'><strong>Csntimpr..</strong></span> <span class='ocrx_word' id='word_1_397' title='bbox 442 2332 484 2357; x_wconf 74' lang='lat' dir='ltr'><strong>De</strong></span> <span class='ocrx_word' id='word_1_398' title='bbox 495 2332 605 2363; x_wconf 71' lang='lat' dir='ltr'><strong>apibus,</strong></span> <span class='ocrx_word' id='word_1_399' title='bbox 619 2332 668 2357; x_wconf 84' lang='lat' dir='ltr'><strong>lib.</strong></span> <span class='ocrx_word' id='word_1_400' title='bbox 684 2333 707 2363; x_wconf 86' lang='grc'><strong>2,</strong></span> <span class='ocrx_word' id='word_1_401' title='bbox 723 2341 745 2357; x_wconf 83' lang='lat' dir='ltr'><strong>c.</strong></span> <span class='ocrx_word' id='word_1_402' title='bbox 762 2333 800 2363; x_wconf 86' lang='grc'><strong>10,</strong></span> <span class='ocrx_word' id='word_1_403' title='bbox 816 2337 846 2357; x_wconf 80' lang='lat'><strong>11⁰</strong></span> <span class='ocrx_word' id='word_1_404' title='bbox 860 2333 888 2358; x_wconf 78' lang='lat'><strong>21</strong></span> <span class='ocrx_word' id='word_1_405' title='bbox 903 2341 972 2366; x_wconf 75' lang='lat' dir='ltr'><strong>sqq.,</strong></span> <span class='ocrx_word' id='word_1_406' title='bbox 985 2337 1012 2357; x_wconf 78' lang='lat' dir='ltr'><strong>et</strong></span> <span class='ocrx_word' id='word_1_407' title='bbox 1026 2333 1172 2358; x_wconf 74' lang='lat' dir='ltr'><strong>Alexander</strong></span> <span class='ocrx_word' id='word_1_408' title='bbox 1186 2334 1220 2358; x_wconf 76' lang='lat' dir='ltr'><strong>tv</strong></span> <span class='ocrx_word' id='word_1_409' title='bbox 1232 2334 1259 2358; x_wconf 89' lang='lat' dir='ltr'><strong>in</strong></span> <span class='ocrx_word' id='word_1_410' title='bbox 1271 2334 1395 2366; x_wconf 83' lang='lat' dir='ltr'><strong>pluribus</strong></span> <span class='ocrx_word' id='word_1_411' title='bbox 1410 2334 1539 2367; x_wconf 80' lang='lat' dir='ltr'><strong>epistolis.</strong></span> <span class='ocrx_word' id='word_1_412' title='bbox 1550 2347 1582 2353; x_wconf 93' lang='lat'><strong>--</strong></span> <span class='ocrx_word' id='word_1_413' title='bbox 1593 2335 1616 2358; x_wconf 73' lang='grc' dir='ltr'><strong>Ιι.</strong></span> <span class='ocrx_word' id='word_1_414' title='bbox 1633 2334 1672 2358; x_wconf 74' lang='lat' dir='ltr'><strong>Cf.</strong></span> <span class='ocrx_word' id='word_1_415' title='bbox 1689 2342 1771 2366; x_wconf 73' lang='lat' dir='ltr'><strong>supra</strong></span> <span class='ocrx_word' id='word_1_416' title='bbox 1786 2338 1824 2358; x_wconf 79' lang='lat' dir='ltr'><strong>n⁰¹</strong></span> <span class='ocrx_word' id='word_1_417' title='bbox 1839 2335 1893 2363; x_wconf 79' lang='lat'><strong>200,</strong></span> <span class='ocrx_word' id='word_1_418' title='bbox 1910 2335 1963 2358; x_wconf 83' lang='grc'><strong>219.</strong></span> <span class='ocrx_word' id='word_1_419' title='bbox 1974 2348 2007 2353; x_wconf 88' lang='grc'><strong>-</strong></span> <span class='ocrx_word' id='word_1_420' title='bbox 2021 2337 2044 2359; x_wconf 86' lang='grc'><strong>5.</strong></span> <span class='ocrx_word' id='word_1_421' title='bbox 2060 2335 2123 2359; x_wconf 85' lang='lat' dir='ltr'><strong>Cod.</strong></span> <span class='ocrx_word' id='word_1_422' title='bbox 2136 2342 2142 2358; x_wconf 76' lang='lat' dir='ltr'><strong>t</strong></span> 
     </span>
     <span class='ocr_line' id='line_1_33' title="bbox 270 2376 2144 2411; baseline 0.002 -11"><span class='ocrx_word' id='word_1_423' title='bbox 270 2384 283 2400; x_wconf 70' lang='lat' dir='ltr'><strong>a</strong></span> <span class='ocrx_word' id='word_1_424' title='bbox 299 2376 442 2401; x_wconf 75' lang='lat' dir='ltr'><strong>sententias</strong></span> <span class='ocrx_word' id='word_1_425' title='bbox 462 2376 605 2408; x_wconf 75' lang='lat' dir='ltr'><strong>magistros</strong></span> <span class='ocrx_word' id='word_1_426' title='bbox 621 2384 644 2400; x_wconf 75' lang='lat'><strong>»-</strong></span> <span class='ocrx_word' id='word_1_427' title='bbox 659 2390 691 2395; x_wconf 92' lang='lat'>—</span> <span class='ocrx_word' id='word_1_428' title='bbox 704 2378 727 2401; x_wconf 76' lang='grc' dir='ltr'><strong>θ.</strong></span> <span class='ocrx_word' id='word_1_429' title='bbox 747 2378 835 2410; x_wconf 80' lang='lat' dir='ltr'><strong>Supra</strong></span> <span class='ocrx_word' id='word_1_430' title='bbox 851 2381 891 2401; x_wconf 72' lang='lat'><strong>11⁰⁸</strong></span> <span class='ocrx_word' id='word_1_431' title='bbox 905 2378 959 2407; x_wconf 83' lang='grc'><strong>222,</strong></span> <span class='ocrx_word' id='word_1_432' title='bbox 976 2378 1030 2402; x_wconf 81' lang='lat'><strong>225.</strong></span> <span class='ocrx_word' id='word_1_433' title='bbox 1045 2391 1078 2396; x_wconf 93' lang='lat'><em>-</em></span> <span class='ocrx_word' id='word_1_434' title='bbox 1091 2379 1114 2402; x_wconf 90' lang='lat'><strong>7.</strong></span> <span class='ocrx_word' id='word_1_435' title='bbox 1131 2379 1219 2410; x_wconf 75' lang='lat' dir='ltr'><strong>Supra</strong></span> <span class='ocrx_word' id='word_1_436' title='bbox 1235 2383 1265 2402; x_wconf 88' lang='lat' dir='ltr'><strong>n⁰</strong></span> <span class='ocrx_word' id='word_1_437' title='bbox 1280 2379 1334 2403; x_wconf 82' lang='lat'><strong>230.</strong></span> <span class='ocrx_word' id='word_1_438' title='bbox 1348 2392 1381 2397; x_wconf 92' lang='lat'><em>—</em></span> <span class='ocrx_word' id='word_1_439' title='bbox 1394 2379 1417 2402; x_wconf 81' lang='lat'><strong>8.</strong></span> <span class='ocrx_word' id='word_1_440' title='bbox 1439 2379 1526 2410; x_wconf 78' lang='lat' dir='ltr'><strong>Supra</strong></span> <span class='ocrx_word' id='word_1_441' title='bbox 1540 2382 1570 2402; x_wconf 86' lang='lat' dir='ltr'><strong>n⁰</strong></span> <span class='ocrx_word' id='word_1_442' title='bbox 1584 2379 1638 2403; x_wconf 77' lang='lat'><strong>247.</strong></span> <span class='ocrx_word' id='word_1_443' title='bbox 1653 2391 1685 2396; x_wconf 93' lang='lat'>—</span> <span class='ocrx_word' id='word_1_444' title='bbox 1698 2379 1721 2402; x_wconf 81' lang='lat'><strong>9.</strong></span> <span class='ocrx_word' id='word_1_445' title='bbox 1741 2379 1828 2410; x_wconf 81' lang='lat' dir='ltr'><strong>Supra</strong></span> <span class='ocrx_word' id='word_1_446' title='bbox 1843 2383 1872 2402; x_wconf 74' lang='lat' dir='ltr'><strong>n⁰</strong></span> <span class='ocrx_word' id='word_1_447' title='bbox 1886 2379 1939 2402; x_wconf 81' lang='lat'><strong>249.</strong></span> <span class='ocrx_word' id='word_1_448' title='bbox 1955 2392 1987 2397; x_wconf 85' lang='lat'>—</span> <span class='ocrx_word' id='word_1_449' title='bbox 2002 2380 2040 2403; x_wconf 92' lang='grc'><strong>10.</strong></span> <span class='ocrx_word' id='word_1_450' title='bbox 2057 2379 2144 2411; x_wconf 78' lang='lat' dir='ltr'><strong>Supra</strong></span> 
     </span>
     <span class='ocr_line' id='line_1_34' title="bbox 269 2420 2144 2454; baseline 0.002 -10"><span class='ocrx_word' id='word_1_451' title='bbox 269 2423 299 2444; x_wconf 80' lang='lat' dir='ltr'><strong>n⁰</strong></span> <span class='ocrx_word' id='word_1_452' title='bbox 313 2420 367 2444; x_wconf 73' lang='lat'><strong>2⁵6.</strong></span> <span class='ocrx_word' id='word_1_453' title='bbox 382 2432 415 2438; x_wconf 94' lang='lat'><strong>—</strong></span> <span class='ocrx_word' id='word_1_454' title='bbox 429 2420 467 2444; x_wconf 85' lang='lat'><strong>11.</strong></span> <span class='ocrx_word' id='word_1_455' title='bbox 489 2420 576 2452; x_wconf 75' lang='lat' dir='ltr'><strong>Supra</strong></span> <span class='ocrx_word' id='word_1_456' title='bbox 590 2425 620 2444; x_wconf 76' lang='lat'><strong>11⁰</strong></span> <span class='ocrx_word' id='word_1_457' title='bbox 637 2421 691 2445; x_wconf 79' lang='lat'><strong>271.</strong></span> <span class='ocrx_word' id='word_1_458' title='bbox 708 2434 736 2439; x_wconf 88' lang='lat'>-</span> <span class='ocrx_word' id='word_1_459' title='bbox 753 2421 791 2445; x_wconf 94' lang='grc'><strong>12.</strong></span> <span class='ocrx_word' id='word_1_460' title='bbox 808 2421 835 2446; x_wconf 82' lang='lat' dir='ltr'><strong>L.</strong></span> <span class='ocrx_word' id='word_1_461' title='bbox 854 2429 876 2445; x_wconf 85' lang='lat' dir='ltr'><strong>c.</strong></span> <span class='ocrx_word' id='word_1_462' title='bbox 893 2424 919 2446; x_wconf 78' lang='lat' dir='ltr'><strong>et</strong></span> <span class='ocrx_word' id='word_1_463' title='bbox 933 2425 971 2445; x_wconf 78' lang='lat' dir='ltr'><strong>n0·</strong></span> <span class='ocrx_word' id='word_1_464' title='bbox 986 2421 1040 2451; x_wconf 76' lang='grc'><strong>261,</strong></span> <span class='ocrx_word' id='word_1_465' title='bbox 1056 2422 1110 2446; x_wconf 80' lang='grc'><strong>262.</strong></span> <span class='ocrx_word' id='word_1_466' title='bbox 1125 2435 1157 2440; x_wconf 90' lang='lat'><strong>——</strong></span> <span class='ocrx_word' id='word_1_467' title='bbox 1172 2422 1210 2446; x_wconf 81' lang='lat'><strong>13.</strong></span> <span class='ocrx_word' id='word_1_468' title='bbox 1227 2423 1315 2454; x_wconf 83' lang='lat' dir='ltr'><strong>Supra</strong></span> <span class='ocrx_word' id='word_1_469' title='bbox 1331 2427 1361 2446; x_wconf 80' lang='lat' dir='ltr'><strong>n⁰</strong></span> <span class='ocrx_word' id='word_1_470' title='bbox 1377 2423 1432 2446; x_wconf 73' lang='lat'><strong>269.</strong></span> <span class='ocrx_word' id='word_1_471' title='bbox 1449 2436 1480 2440; x_wconf 97' lang='lat'><strong>—</strong></span> <span class='ocrx_word' id='word_1_472' title='bbox 1494 2422 1534 2447; x_wconf 71' lang='lat'><strong>14.</strong></span> <span class='ocrx_word' id='word_1_473' title='bbox 1549 2422 1588 2446; x_wconf 80' lang='lat' dir='ltr'><strong>Cf.</strong></span> <span class='ocrx_word' id='word_1_474' title='bbox 1605 2430 1687 2454; x_wconf 77' lang='lat' dir='ltr'><strong>supra</strong></span> <span class='ocrx_word' id='word_1_475' title='bbox 1701 2426 1731 2446; x_wconf 84' lang='lat' dir='ltr'><strong>n⁰</strong></span> <span class='ocrx_word' id='word_1_476' title='bbox 1745 2423 1799 2446; x_wconf 84' lang='grc'><strong>272.</strong></span> <span class='ocrx_word' id='word_1_477' title='bbox 1815 2436 1846 2441; x_wconf 89' lang='grc'><strong>-</strong></span> <span class='ocrx_word' id='word_1_478' title='bbox 1861 2423 1898 2447; x_wconf 84' lang='grc'><strong>15.</strong></span> <span class='ocrx_word' id='word_1_479' title='bbox 1915 2423 1944 2446; x_wconf 83' lang='lat' dir='ltr'><strong>ln</strong></span> <span class='ocrx_word' id='word_1_480' title='bbox 1962 2423 2097 2447; x_wconf 79' lang='lat' dir='ltr'><strong>Guillclmi</strong></span> <span class='ocrx_word' id='word_1_481' title='bbox 2111 2424 2144 2447; x_wconf 86' lang='lat' dir='ltr'><strong>do</strong></span> 
     </span>
    </p>
   </div>
   <div class='ocr_carea' id='block_1_6' title="bbox 269 2463 2143 2544">
    <p class='ocr_par' dir='ltr' id='par_1_8' title="bbox 269 2463 2143 2544">
     <span class='ocr_line' id='line_1_35' title="bbox 270 2463 2141 2499; baseline 0.002 -11"><span class='ocrx_word' id='word_1_482' title='bbox 270 2463 298 2488; x_wconf 84' lang='lat' dir='ltr'><strong>S.</strong></span> <span class='ocrx_word' id='word_1_483' title='bbox 311 2463 405 2488; x_wconf 73' lang='lat' dir='ltr'><strong>Amore</strong></span> <span class='ocrx_word' id='word_1_484' title='bbox 420 2464 559 2490; x_wconf 73' lang='lat' dir='ltr'><strong>Tractatu</strong></span> <span class='ocrx_word' id='word_1_485' title='bbox 572 2466 608 2490; x_wconf 79' lang='lat' dir='ltr'><strong>de</strong></span> <span class='ocrx_word' id='word_1_486' title='bbox 617 2465 756 2496; x_wconf 68' lang='lat' dir='ltr'><strong>periculis</strong></span> <span class='ocrx_word' id='word_1_487' title='bbox 769 2465 871 2491; x_wconf 69' lang='lat' dir='ltr'><strong>novies.</strong></span> <span class='ocrx_word' id='word_1_488' title='bbox 886 2469 1053 2497; x_wconf 75' lang='lat' dir='ltr'><strong>temporum,</strong></span> <span class='ocrx_word' id='word_1_489' title='bbox 1068 2469 1094 2490; x_wconf 79' lang='lat' dir='ltr'><strong>et</strong></span> <span class='ocrx_word' id='word_1_490' title='bbox 1106 2465 1133 2490; x_wconf 87' lang='lat' dir='ltr'><strong>in</strong></span> <span class='ocrx_word' id='word_1_491' title='bbox 1146 2465 1202 2498; x_wconf 78' lang='lat' dir='ltr'><strong>ejus</strong></span> <span class='ocrx_word' id='word_1_492' title='bbox 1217 2469 1295 2498; x_wconf 78' lang='lat' dir='ltr'><strong>atque</strong></span> <span class='ocrx_word' id='word_1_493' title='bbox 1309 2466 1423 2490; x_wconf 82' lang='lat' dir='ltr'><strong>aliorum</strong></span> <span class='ocrx_word' id='word_1_494' title='bbox 1438 2466 1613 2491; x_wconf 80' lang='lat' dir='ltr'><strong>sermonibus.</strong></span> <span class='ocrx_word' id='word_1_495' title='bbox 1622 2467 1701 2491; x_wconf 76' lang='grc'><strong>-18,</strong></span> <span class='ocrx_word' id='word_1_496' title='bbox 1715 2466 1780 2491; x_wconf 82' lang='lat' dir='ltr'><strong>Vide</strong></span> <span class='ocrx_word' id='word_1_497' title='bbox 1795 2475 1877 2499; x_wconf 78' lang='lat' dir='ltr'><strong>supra</strong></span> <span class='ocrx_word' id='word_1_498' title='bbox 1890 2471 1921 2491; x_wconf 71' lang='grc' dir='ltr'><strong>1ιο</strong></span> <span class='ocrx_word' id='word_1_499' title='bbox 1935 2468 1989 2491; x_wconf 79' lang='grc'><strong>256.</strong></span> <span class='ocrx_word' id='word_1_500' title='bbox 2006 2480 2035 2486; x_wconf 85' lang='grc'><strong>-</strong></span> <span class='ocrx_word' id='word_1_501' title='bbox 2049 2468 2087 2492; x_wconf 90' lang='grc'><strong>17.</strong></span> <span class='ocrx_word' id='word_1_502' title='bbox 2102 2467 2141 2492; x_wconf 78' lang='lat' dir='ltr'><strong>Cf.</strong></span> 
     </span>
     <span class='ocr_line' id='line_1_36' title="bbox 269 2509 2143 2544; baseline 0.002 -11"><span class='ocrx_word' id='word_1_503' title='bbox 269 2514 352 2541; x_wconf 76' lang='lat' dir='ltr'><strong>snpra</strong></span> <span class='ocrx_word' id='word_1_504' title='bbox 371 2509 406 2533; x_wconf 76' lang='lat' dir='ltr'><strong>ad</strong></span> <span class='ocrx_word' id='word_1_505' title='bbox 424 2513 455 2533; x_wconf 78' lang='grc' dir='ltr'><strong>1ιο</strong></span> <span class='ocrx_word' id='word_1_506' title='bbox 473 2510 528 2533; x_wconf 74' lang='lat'><strong>2³0.</strong></span> <span class='ocrx_word' id='word_1_507' title='bbox 547 2522 580 2528; x_wconf 92' lang='lat'>—</span> <span class='ocrx_word' id='word_1_508' title='bbox 601 2509 639 2534; x_wconf 78' lang='lat'><strong>18.</strong></span> <span class='ocrx_word' id='word_1_509' title='bbox 661 2509 724 2534; x_wconf 81' lang='lat' dir='ltr'><strong>eod.</strong></span> <span class='ocrx_word' id='word_1_510' title='bbox 746 2517 752 2534; x_wconf 69' lang='grc' dir='ltr'>ε</span> <span class='ocrx_word' id='word_1_511' title='bbox 775 2518 788 2534; x_wconf 74' lang='grc' dir='ltr'><em>α</em></span> <span class='ocrx_word' id='word_1_512' title='bbox 807 2509 917 2535; x_wconf 73' lang='lat' dir='ltr'><strong>reddere</strong></span> <span class='ocrx_word' id='word_1_513' title='bbox 931 2518 954 2534; x_wconf 72' lang='lat' dir='ltr'><strong>n.</strong></span> <span class='ocrx_word' id='word_1_514' title='bbox 976 2524 1004 2530; x_wconf 93' lang='grc'>-</span> <span class='ocrx_word' id='word_1_515' title='bbox 1024 2511 1062 2535; x_wconf 87' lang='grc'><strong>19.</strong></span> <span class='ocrx_word' id='word_1_516' title='bbox 1083 2511 1146 2535; x_wconf 74' lang='lat' dir='ltr'><strong>Post</strong></span> <span class='ocrx_word' id='word_1_517' title='bbox 1166 2519 1179 2534; x_wconf 72' lang='grc' dir='ltr'>α</span> <span class='ocrx_word' id='word_1_518' title='bbox 1198 2510 1329 2535; x_wconf 76' lang='lat' dir='ltr'><strong>benefico·</strong></span> <span class='ocrx_word' id='word_1_519' title='bbox 1349 2519 1361 2534; x_wconf 73' lang='lat'><strong>²·</strong></span> <span class='ocrx_word' id='word_1_520' title='bbox 1386 2511 1412 2535; x_wconf 86' lang='lat' dir='ltr'><strong>in</strong></span> <span class='ocrx_word' id='word_1_521' title='bbox 1432 2511 1494 2535; x_wconf 86' lang='lat' dir='ltr'><strong>Cod.</strong></span> <span class='ocrx_word' id='word_1_522' title='bbox 1515 2511 1626 2536; x_wconf 76' lang='lat' dir='ltr'><strong>verbum</strong></span> <span class='ocrx_word' id='word_1_523' title='bbox 1645 2511 1794 2541; x_wconf 83' lang='lat' dir='ltr'><strong>obscurius,</strong></span> <span class='ocrx_word' id='word_1_524' title='bbox 1814 2511 1883 2536; x_wconf 81' lang='lat' dir='ltr'><strong>sicut</strong></span> <span class='ocrx_word' id='word_1_525' title='bbox 1905 2520 1918 2537; x_wconf 68' lang='grc' dir='ltr'><strong>α</strong></span> <span class='ocrx_word' id='word_1_526' title='bbox 1936 2512 2051 2544; x_wconf 81' lang='lat' dir='ltr'><strong>premoti</strong></span> <span class='ocrx_word' id='word_1_527' title='bbox 2069 2521 2092 2537; x_wconf 66' lang='grc' dir='ltr'><strong>ι).</strong></span> <span class='ocrx_word' id='word_1_528' title='bbox 2112 2526 2143 2531; x_wconf 94' lang='grc'>-</span> 
     </span>
    </p>
   </div>
   <div class='ocr_carea' id='block_1_7' title="bbox 268 2552 1872 2588">
    <p class='ocr_par' dir='ltr' id='par_1_9' title="bbox 268 2552 1872 2588">
     <span class='ocr_line' id='line_1_37' title="bbox 268 2552 1872 2588; baseline 0.002 -11"><span class='ocrx_word' id='word_1_529' title='bbox 268 2553 308 2578; x_wconf 70' lang='lat'><strong>2⁰.</strong></span> <span class='ocrx_word' id='word_1_530' title='bbox 322 2552 387 2578; x_wconf 84' lang='lat' dir='ltr'><strong>cod.</strong></span> <span class='ocrx_word' id='word_1_531' title='bbox 404 2561 410 2578; x_wconf 78' lang='lat' dir='ltr'><strong><em>z</em></strong></span> <span class='ocrx_word' id='word_1_532' title='bbox 426 2561 438 2578; x_wconf 71' lang='grc' dir='ltr'>ι</span> <span class='ocrx_word' id='word_1_533' title='bbox 453 2553 619 2578; x_wconf 80' lang='lat' dir='ltr'><strong>tussionibus</strong></span> <span class='ocrx_word' id='word_1_534' title='bbox 634 2562 658 2584; x_wconf 70' lang='lat' dir='ltr'><strong>r,</strong></span> <span class='ocrx_word' id='word_1_535' title='bbox 673 2554 833 2579; x_wconf 75' lang='lat' dir='ltr'><strong>vocabulum</strong></span> <span class='ocrx_word' id='word_1_536' title='bbox 847 2562 879 2579; x_wconf 82' lang='lat' dir='ltr'><strong>ex</strong></span> <span class='ocrx_word' id='word_1_537' title='bbox 893 2554 991 2588; x_wconf 75' lang='lat' dir='ltr'><strong>hymno</strong></span> <span class='ocrx_word' id='word_1_538' title='bbox 1005 2554 1183 2580; x_wconf 80' lang='lat' dir='ltr'><strong>Dedicntionis</strong></span> <span class='ocrx_word' id='word_1_539' title='bbox 1198 2555 1260 2580; x_wconf 80' lang='lat' dir='ltr'><strong>eccl.</strong></span> <span class='ocrx_word' id='word_1_540' title='bbox 1276 2555 1455 2588; x_wconf 73' lang='lat' dir='ltr'><strong>desumptum.</strong></span> <span class='ocrx_word' id='word_1_541' title='bbox 1471 2569 1499 2574; x_wconf 95' lang='lat'>—</span> <span class='ocrx_word' id='word_1_542' title='bbox 1515 2556 1553 2580; x_wconf 83' lang='lat'><strong>21.</strong></span> <span class='ocrx_word' id='word_1_543' title='bbox 1570 2556 1667 2581; x_wconf 78' lang='lat' dir='ltr'><strong>Parum</strong></span> <span class='ocrx_word' id='word_1_544' title='bbox 1681 2556 1752 2581; x_wconf 79' lang='lat' dir='ltr'><strong>clare</strong></span> <span class='ocrx_word' id='word_1_545' title='bbox 1767 2556 1794 2580; x_wconf 91' lang='lat' dir='ltr'><strong>in</strong></span> <span class='ocrx_word' id='word_1_546' title='bbox 1809 2556 1872 2581; x_wconf 85' lang='lat' dir='ltr'><strong>Cod.</strong></span> 
     </span>
    </p>
   </div>
   <div class='ocr_carea' id='block_1_8' title="bbox 392 3000 2016 3029">
    <p class='ocr_par' dir='ltr' id='par_1_10' title="bbox 392 3000 2016 3029">
     <span class='ocr_line' id='line_1_38' title="bbox 392 3000 2016 3029; baseline 0.002 -3"><span class='ocrx_word' id='word_1_547' title='bbox 392 3000 488 3026; x_wconf 71' lang='lat' dir='ltr'><strong>chare.</strong></span> <span class='ocrx_word' id='word_1_548' title='bbox 510 3002 588 3028; x_wconf 67' lang='lat' dir='ltr'><strong>Unde.</strong></span> <span class='ocrx_word' id='word_1_549' title='bbox 605 3002 702 3028; x_wconf 66' lang='lat' dir='ltr'><strong>Parie-</strong></span> <span class='ocrx_word' id='word_1_550' title='bbox 719 3002 740 3028; x_wconf 82' lang='lat'><strong>1.</strong></span> <span class='ocrx_word' id='word_1_551' title='bbox 1984 3005 2016 3029; x_wconf 75' lang='lat'><strong>40</strong></span> 
     </span>
    </p>
   </div>
  </div>
 </body>
</html>
