2580 3528
242 396 340 436 1275]
585 404 632 427 ΑΒ
666 403 772 426 imno
807 403 885 426 uec
916 403 1048 432 USQUE
1083 403 1132 425 An
1167 403 1397 426 emmeram
1432 403 1472 426 1v
1506 404 1595 426 aas.
1632 404 1770 426 raANc.
2046 395 2111 428 533

240 479 332 513 dunt
349 478 444 513 malo
464 490 565 512 more
584 483 790 515 versantur,
811 477 1023 510 ordinamus
1044 477 1237 510 statuendo
1258 483 1294 510 et
1313 477 1506 510 statuimus
1526 477 1729 510 ordinando
1751 484 1790 510 ut
1810 478 2030 519 stacionarii,
2048 479 2110 523 qui

239 545 351 592 vulgo
371 544 511 579 librarii
530 543 771 590 appellantur,
792 543 898 577 annis
919 543 1076 589 singulis
1102 542 1160 577 vel
1185 543 1230 576 de
1255 543 1405 576 biennio
1426 543 1462 576 in
1482 542 1686 584 biennium,
1713 550 1773 576 aut
1793 543 1880 577 alias
1901 545 2045 588 quando
2067 544 2111 577 ab

241 612 484 647 Universitate
516 611 653 644 fuerint
685 610 866 656 requisiti,
901 609 1091 656 corporale
1125 609 1301 656 prebeant
1329 611 1589 655 juramentum,
1621 610 1719 655 quod
1748 609 1864 643 libros
1899 611 2109 656 recipiendo

239 678 400 720 venales,
431 677 687 720 custodiendo,
718 677 934 723 exponendo
965 677 1114 710 eosdem
1145 683 1180 710 et
1209 677 1402 711 vendendo
1433 683 1468 710 et
1498 676 1587 710 alias
1614 688 1719 710 suum
1748 677 1989 710 ministerium
2018 678 2110 711 circa

239 746 400 780 studium
421 744 627 779 exhibendo
648 744 806 778 fideliter
826 750 862 778 et
881 743 1043 790 legitime
1064 756 1104 778 se
1124 743 1322 778 habebunt.

329 813 418 846 ltem
439 811 523 857 quia
543 810 712 845 nonnulli
738 810 783 844 de
808 810 968 844 librariis
993 810 1213 856 supradictis
1238 809 1441 843 insaciabili
1466 810 1655 855 cupiditati
1676 810 1866 844 studentes
1894 810 1965 856 ipsi
1990 811 2111 844 studio

240 879 373 925 ingrati
392 878 660 924 quodammodo
685 884 771 911 sunt
795 883 831 911 et
853 889 999 923 graves,
1025 877 1109 910 dum
1137 877 1173 910 in
1194 876 1299 910 libris
1319 876 1498 910 habendis
1520 889 1673 922 quorum
1696 889 1786 910 usus
1806 877 1959 910 maxime
1986 890 2113 911 neces-

241 946 359 980 sarius
388 952 445 979 est
476 945 654 979 studiosis
687 944 933 978 difficultatem
963 944 1142 978 inducunt
1171 950 1206 977 et
1234 944 1390 977 emendo
1420 943 1542 981 vilius,
1575 943 1768 977 vendendo
1803 944 1935 985 carius,
1967 951 2003 978 et
2031 944 2112 978 aliis

240 1012 455 1059 excogitatis
482 1010 671 1045 fraudibus
700 1010 816 1044 libros
841 1011 943 1056 ipsos
971 1010 1132 1044 efficiunt
1155 1011 1329 1052 cariores,
1355 1010 1441 1044 licet
1466 1010 1510 1043 ad
1538 1010 1652 1043 instar
1676 1022 1802 1043 eorum
1833 1011 1895 1056 qui
1923 1023 1967 1044 ex
1993 1011 2112 1045 officio

240 1079 517 1118 amministrant,
545 1078 582 1111 in
609 1077 820 1123 hujusmodi
849 1077 1007 1110 debeant
1032 1089 1072 1111 se
1098 1076 1234 1110 habere
1262 1077 1376 1122 palam
1405 1083 1442 1110 et
1461 1076 1555 1110 bona
1582 1076 1667 1118 fide,
1691 1089 1796 1122 quam
1827 1077 1952 1122 utique
1980 1077 2111 1112 melius

241 1145 490 1186 observarent,
513 1145 544 1179 si
565 1144 676 1178 simu}
694 1145 870 1190 emptoris
890 1151 925 1177 et
945 1144 1147 1178 venditoris
1168 1143 1286 1177 officio
1308 1143 1516 1177 nullatenus
1542 1150 1742 1185 uterentur,
1771 1145 1963 1178 statuimus
1984 1151 2023 1178 ut
2043 1145 2112 1191 ipsi

242 1211 380 1246 librarii
399 1212 539 1257 jurent,
560 1211 655 1245 sicut
674 1211 845 1256 superius
866 1217 922 1243 est
942 1222 1170 1256 expressum,
1192 1210 1290 1255 quod
1312 1210 1402 1243 infra
1424 1222 1586 1243 mensem
1608 1223 1626 1244 a
1648 1210 1706 1243 die
1732 1223 1804 1255 quo
1826 1210 1941 1244 libros
1964 1211 2112 1244 venales

242 1278 420 1324 recipient
447 1277 732 1311 numerandum¹
762 1277 808 1310 de
837 1276 942 1310 libris
971 1276 1045 1310 illis
1076 1283 1115 1310 ut
1143 1276 1213 1310 sibi
1242 1276 1396 1310 habeant
1421 1276 1584 1310 nullum*
1613 1276 1851 1310 celebrabunt
1876 1284 1936 1310 aut
1965 1277 2113 1311 simula—

242 1344 355 1378 bunt'
381 1350 618 1385 contractum,
648 1355 714 1377 nec
744 1343 845 1388 ipsos
872 1342 987 1376 libros
1015 1343 1244 1388 suppriment
1269 1349 1330 1376 aut
1355 1342 1541 1383 celabunt,
1567 1349 1607 1376 ut
1633 1343 1865 1388 postmodum
1896 1343 1966 1376 sibi
1995 1351 2115 1378 emant

241 1411 319 1445 sive
340 1411 530 1451 retineant,
552 1410 618 1444 sed
639 1409 733 1443 bona
754 1409 825 1443 fide
846 1410 965 1443 statim
986 1409 1091 1442 libris
1113 1409 1270 1454 receptis
1290 1409 1347 1442 vel
1363 1409 1447 1457 aliis
1468 1409 1772 1454 quandocumque
1793 1409 1873 1442 loco
1895 1417 1930 1443 et
1951 1417 2113 1456 tempore

241 1484 422 1524 oportuno
442 1477 543 1523 ipsos
563 1476 608 1510 ad
627 1476 859 1515 vendendum
881 1482 1075 1522 exponent.
1104 1477 1148 1509 Et
1167 1476 1198 1509 si
1220 1475 1386 1521 requisiti
1410 1475 1546 1509 fuerint
1566 1488 1584 1509 a
1605 1475 1872 1518 venditoribus,
1894 1477 2115 1510 estimabunt

241 1551 278 1579 et
296 1544 419 1578 dicent
438 1544 533 1578 bona
553 1543 624 1577 fide
645 1550 818 1589 quantum
838 1543 990 1576 credent
1009 1543 1046 1576 in
1066 1542 1216 1576 veritate
1237 1542 1353 1576 libros
1373 1542 1418 1576 ad
1438 1542 1669 1576 vendendum
1692 1542 1834 1576 oblatos
1850 1544 1952 1588 justo
1973 1550 2007 1577 et
2028 1543 2114 1589 legi-

243 1611 329 1646 timo
358 1611 482 1657 precio
517 1621 626 1656 posse
654 1609 783 1651 vendi;
816 1609 901 1643 libri
931 1609 1036 1643 etiam
1067 1608 1207 1643 venalis
1237 1609 1399 1655 precium
1431 1615 1466 1642 et
1494 1621 1627 1642 nomen
1656 1609 1881 1643 venditoris‘
1913 1617 2049 1655 ponent
2078 1611 2114 1643 in

242 1677 361 1723 aliqua
390 1683 490 1723 parte
519 1676 642 1718 libri⁵,
662 1683 702 1710 ut
727 1682 846 1722 pateat
871 1676 1039 1710 intuenti.
1060 1675 1240 1710 Jurabunt
1266 1676 1371 1709 etiam
1399 1676 1499 1721 quod
1526 1688 1607 1709 cum
1635 1675 1751 1709 libros
1777 1676 2022 1719 vendiderint,
2051 1689 2115 1710 eos

243 1756 317 1778 non
336 1743 577 1790 assignabunt
603 1755 647 1777 ex
673 1750 748 1777 toto
776 1755 842 1776 nec
870 1743 1089 1776 transferent
1115 1743 1152 1776 in
1180 1749 1363 1788 emptores
1388 1754 1454 1776 nec
1480 1743 1641 1789 precium
1668 1743 1846 1789 recipient
1870 1755 1936 1789 pro
1962 1743 2115 1785 eisdem,

243 1810 359 1844 donec
380 1810 603 1844 denuncient
621 1809 802 1843 venditori
827 1809 885 1843 vel
909 1809 1077 1843 mandato
1103 1821 1170 1842 suo
1191 1809 1290 1855 quod
1310 1809 1472 1855 precium
1492 1809 1614 1843 veniat
1633 1816 1866 1855 recepturus;
1897 1816 1932 1843 et
1951 1810 2049 1855 quod
2070 1810 2115 1843 de

243 1877 366 1924 precio
393 1889 459 1923 pro
486 1876 591 1910 libris
618 1876 739 1910 oblato
767 1888 891 1922 puram
922 1883 957 1910 et
983 1875 1185 1922 simplicem
1213 1876 1292 1909 sine
1320 1876 1446 1909 fraude
1473 1876 1596 1910 dicent
1616 1877 1673 1909 et⁶
1700 1877 1889 1910 mendacio
1915 1877 2114 1918 veritatem,

242 1955 310 1978 nec
338 1943 427 1977 alias
455 1943 715 1989 quoquomodo
745 1942 802 1976 vel
831 1942 1030 1989 cupiditate
1059 1942 1117 1976 vel
1146 1942 1231 1976 dolo
1261 1942 1355 1976 circa
1385 1955 1490 1976 suum
1522 1942 1678 1976 officium
1710 1943 1846 1988 aliquid
1876 1943 2114 1983 attentabunt,

243 2009 340 2044 unde
360 2016 487 2056 posset
505 2009 627 2043 studio
647 2009 706 2044 vel
725 2009 960 2043 studentibus
980 2009 1135 2055 irrogari
1155 2009 1303 2054 aliquod
1325 2009 1595 2042 detrimentum.

334 2077 422 2110 Item
442 2076 526 2110 licet
546 2076 682 2122 dignus
702 2076 892 2122 operarius
913 2076 959 2109 sit
979 2076 1161 2118 mercede,
1183 2088 1288 2121 quam
1310 2082 1345 2109 et
1365 2075 1447 2122 lege
1467 2075 1566 2109 civili
1586 2076 1675 2121 petit
1695 2075 1792 2110 licite
1818 2077 2116 2120 (Proxeneticffl),

245 2143 328 2188 quia
348 2149 467 2176 tamen
487 2154 506 2176 a
525 2141 685 2177 librariis
704 2143 917 2188 frequenter
937 2143 1068 2176 modus
1094 2142 1282 2176 exceditur
1307 2142 1368 2188 qui
1394 2142 1431 2175 in
1455 2141 1590 2176 talibus
1614 2149 1671 2176 est
1694 2142 1897 2183 habendus,
1925 2143 2117 2176 statuimus

245 2215 285 2243 ut
303 2209 510 2243 stacionarii
525 2210 652 2255 jurent
675 2209 773 2255 quod
798 2209 891 2243 ultra
913 2215 1068 2255 quatuor
1094 2209 1266 2243 denarios
1286 2209 1331 2243 de
1352 2208 1443 2242 libra
1463 2215 1500 2243 et
1518 2209 1563 2242 de
1585 2209 1716 2242 minori
1737 2210 1935 2254 quantitate
1957 2222 2022 2255 pro
2044 2216 2117 2243 rata

245 2275 290 2309 de
311 2275 442 2310 salario
462 2287 528 2321 pro
548 2275 654 2310 libris
677 2275 836 2310 venditis
863 2287 937 2310 non
964 2275 1123 2322 exigent,
1150 2282 1186 2309 et
1209 2275 1294 2309 illos
1320 2287 1393 2309 non
1417 2288 1436 2309 a
1460 2275 1651 2309 venditore
1671 2276 1830 2321 exigent,
1853 2275 1917 2309 sed
1940 2282 2114 2321 emptore.

335 2343 423 2376 Item
449 2342 618 2388 quoniam
647 2354 691 2376 ex
719 2342 901 2388 corruptis
930 2341 1199 2388 exemplaribus
1227 2348 1262 2376 et
1286 2342 1474 2376 mendosis
1500 2341 1692 2387 dispendia
1719 2341 1828 2375 multa
1859 2342 2116 2387 proveniunt',

244 2409 438 2453 ,statuimus
467 2408 565 2455 quod
589 2408 676 2442 dicti
699 2407 838 2443 librarii
859 2409 987 2454 jurent
1010 2420 1050 2442 se
1076 2414 1302 2454 prestaturos
1326 2420 1447 2442 curam
1474 2415 1510 2442 et
1533 2420 1678 2454 operam
1705 2408 1885 2442 efficacem
1911 2420 1991 2441 cum
2018 2409 2117 2442 omni

246 2475 442 2521 diligencia
467 2481 503 2508 et
528 2474 653 2508 labore
679 2474 777 2520 quod
803 2474 1021 2520 exemplaria
1045 2486 1129 2508 vera
1154 2474 1310 2508 habeant
1333 2481 1369 2508 et
1393 2480 1555 2508 correcta
1580 2481 1616 2508 et
1641 2474 1739 2519 quod
1761 2486 1826 2520 pro
1847 2474 2116 2520 exemplaribus

246 2541 383 2588 aliquid
405 2541 496 2575 ultra
511 2542 650 2587 justum
672 2547 708 2575 et
727 2541 951 2575 moderatum
973 2540 1142 2574 salarium
1164 2541 1221 2574 vel
1247 2541 1451 2574 mercedem
1478 2552 1543 2574 seu
1569 2540 1661 2574 ultra
1687 2540 1723 2574 id
1744 2541 1842 2586 quod
1862 2540 1906 2575 ab
1931 2541 2117 2575 Universi·

247 2614 316 2643 tate
336 2607 394 2643 vel
414 2608 596 2654 deputatis
616 2607 660 2641 ab
681 2620 721 2642 ea
742 2614 896 2642 taxatum
919 2607 1049 2641 suerit·
1072 2619 1144 2641 non
1166 2607 1313 2653 exigent
1331 2619 1350 2640 a
1371 2619 1602 2653 quocunque.

337 2675 424 2709 ltem
460 2675 651 2709 statuimus
685 2674 782 2720 quod
817 2674 847 2708 si
883 2675 974 2708 sorte
1004 2673 1143 2708 librarii
1173 2674 1371 2720 supradicti
1402 2674 1579 2720 premissa
1608 2673 1665 2708 vel
1694 2674 1812 2720 aliqua
1848 2674 1892 2708 de
1927 2675 2118 2720 premissis

242 2742 366 2787 jurare
395 2741 593 2782 noluerint,
624 2747 685 2775 aut
709 2741 803 2775 circa
832 2741 992 2787 predicta
1020 2747 1210 2787 postquam
1233 2741 1438 2786 juraverint
1467 2740 1629 2774 fraudem
1659 2741 1922 2782 commiserint,
1951 2748 2011 2775 aut
2041 2742 2117 2787 ipsa

247 2807 367 2842 omnia
394 2814 431 2842 et
453 2807 598 2854 singula
625 2807 822 2854 diligenter
849 2819 922 2841 non
950 2806 1237 2849 observaverint,
1266 2819 1340 2841 non
1367 2806 1485 2841 solum
1514 2807 1770 2841 Universitatis
1795 2808 1908 2853 gratia
1935 2814 1969 2841 et
1994 2808 2115 2841 favore

248 2874 322 2908 sint
341 2874 487 2920 penitus
506 2874 630 2917 alieni,
657 2874 722 2908 sed
743 2881 780 2908 et
800 2874 957 2908 officium
979 2873 1077 2919 quod
1099 2874 1200 2920 prius
1221 2874 1360 2907 ratione
1381 2873 1492 2907 studii
1513 2873 1731 2908 exercebant
1750 2874 1943 2907 exercendi
1965 2874 2114 2907 liberam

250 2951 323 2974 non
355 2939 511 2975 habeant
543 2940 713 2975 decatero
732 2939 950 2982 facultatem,
985 2940 1032 2974 ita
1067 2940 1164 2986 quod
1200 2939 1323 2974 nullus
1358 2939 1531 2986 magister
1563 2946 1624 2974 aut
1657 2939 1808 2974 scolaris
1843 2952 1922 2973 cum
1959 2939 2117 2972 librariis
