2580 3528
235 411 334 457 1281]
577 421 622 444 ΑΒ
655 421 762 444 Anno
795 421 873 445 uec
906 422 1039 451 USQuE
1074 422 1123 444 An
1157 422 1385 444 ιηιιωΡΡυΜ
1420 422 1461 443 iv
1494 421 1583 444 nnc.
1620 421 1757 443 rame.
2041 411 2105 445 589

232 494 307 530 bite
334 501 374 529 et*
394 501 521 529 contra
539 495 718 540 justitiam
743 495 946 542 aggravari,
969 502 1118 541 propter
1142 495 1210 529 hoc
1236 501 1362 529 contra
1386 507 1452 528 vos
1478 495 1515 527 in
1541 494 1612 528 hiis
1642 494 1788 540 scriptis
1814 494 1937 528 sedem
1964 501 2104 540 aposto-

232 561 350 604 licam,
377 562 524 596 nomine
548 573 620 608 quo
646 573 769 608 supra,
791 574 950 608 provoco
976 569 1012 595 et
1036 561 1194 608 appello,
1216 569 1251 595 et
1271 561 1481 608 apostolos*
1507 567 1612 606 peto:
1641 560 1738 606 quod
1763 561 1794 593 si
1821 560 2102 606 denegaveritis,

231 628 363 663 iterum
383 640 428 663 ex
446 627 515 662 hoc
535 628 572 662 in
593 628 740 674 scriptis
765 628 809 662 ad
835 628 965 662 dictam
992 628 1116 662 sedem
1142 628 1377 675 apostolicam
1398 627 1557 674 appello,
1579 627 1726 660 nomine
1747 639 1819 672 quo
1841 639 1963 672 supra,
1989 627 2102 672 ipsam

232 701 341 731 totam
365 695 582 737 facultatem,
605 702 760 742 quatuor
784 702 1041 742 procuratores
1066 702 1101 729 et
1126 707 1183 729 me
1203 695 1422 741 protectioni
1447 695 1547 729 sedis
1572 693 1772 740 apostolice
1798 705 1978 739 suppono.
2003 695 2104 727 Facta

231 768 350 796 autem
370 762 438 796 suit
455 761 523 796 hec
541 762 735 808 appellatio
755 775 876 796 coram
898 762 1062 808 predicto
1083 762 1300 796 cancellario
1321 762 1473 796 sedente
1494 762 1532 794 in
1551 761 1631 794 aula
1653 761 1835 806 superiori
1852 760 1989 794 domini
2007 761 2105 794 Pari-

231 828 367 863 siensis
401 829 564 876 episcopi
592 836 628 863 et
659 829 806 863 volente
840 836 965 863 tenere
992 841 1220 863 communem
1250 829 1336 863 dicti
1371 829 1509 862 domini
1545 829 1569 861 F
1575 829 1612 868 f,
1649 827 1883 874 presentibus
1919 827 2104 873 magistris

231 895 461 930 christoforo
500 895 545 930 de
583 897 762 938 Pecusiis,
796 895 956 930 Roberto
990 896 1035 930 de
1068 896 1280 939 Suessione,
1316 896 1361 929 de
1395 895 1540 929 natione
1574 894 1820 935 Gallicorum3
1861 894 2018 927 Henrico
2060 894 2104 927 de

232 963 399 1004 Harenis,
419 962 584 997 Johanne
605 963 650 996 de
670 963 796 1005 Marla,
817 963 862 996 de
883 963 1030 996 natione
1057 963 1311 1003 Picardorum;
1334 961 1510 996 Michaele
1536 961 1581 995 de
1607 963 1632 995 F
1635 973 1723 995 urco
1749 961 1933 1004 Quemini,
1955 961 2103 994 Nicolao

232 1030 278 1063 de
303 1031 458 1071 Essone,
485 1029 530 1063 de
555 1030 701 1063 natione
728 1031 1040 1071 Normannorum3
1061 1029 1226 1063 Johanne
1251 1029 1341 1063 Dico
1366 1036 1402 1062 et
1426 1029 1580 1062 Patricio
1609 1028 1653 1062 de
1675 1027 1868 1074 Hybernia,
1891 1028 1936 1060 de
1958 1028 2103 1061 natione

231 1096 485 1143 Anglicorum,
505 1103 586 1130 actu
607 1097 768 1130 Parisius
790 1096 1005 1143 regentibus
1026 1097 1063 1129 in
1083 1097 1219 1130 arcium
1239 1095 1407 1130 facultate
1427 1095 1602 1141 predicta,
1623 1102 1659 1129 et
1678 1094 1847 1140 pluribus
1866 1094 1948 1127 aliis
1972 1094 2016 1127 ad
2037 1094 2103 1127 hec

232 1162 389 1197 testibus
414 1164 551 1197 vocatis
575 1170 611 1197 et
634 1163 784 1209 rogatis.
806 1163 935 1197 Actum
962 1163 1122 1196 Parisius
1143 1163 1180 1196 in
1205 1162 1285 1196 aula
1310 1162 1492 1208 superiori
1518 1161 1656 1195 domini
1682 1161 1900 1195 Parisiensis
1926 1161 2102 1206 episcopi,

231 1242 327 1264 anno
347 1230 407 1264 die
427 1236 462 1264 et
481 1230 681 1264 indictione
701 1230 890 1276 predictis,
911 1241 1031 1264 coram
1053 1241 1162 1275 supra
1183 1229 1290 1263 dictis
1311 1228 1466 1262 testibus
1487 1229 1531 1262 ad
1551 1228 1618 1262 hec
1638 1229 1774 1262 vocatis
1795 1235 1829 1262 et
1849 1229 1998 1274 rogatis.

322 1298 366 1330 Et
385 1308 455 1343 ego
472 1298 653 1343 Rogerus,
669 1296 789 1330 dictus
809 1297 981 1338 carnifex,
998 1295 1156 1329 clericus
1172 1295 1403 1337 Parisiensis,
1421 1295 1590 1341 publicus
1611 1295 1822 1328 auctoritate
1843 1294 1942 1328 sedis
1963 1301 2103 1340 aposto-

230 1362 299 1397 lice
324 1363 502 1405 notarius,
523 1363 715 1409 premissis
739 1363 902 1405 interfui,
922 1362 1067 1408 scripsi,
1089 1361 1285 1408 publicavi,
1311 1368 1461 1407 rogatus
1486 1347 1622 1394 aldicto
1650 1368 1791 1395 rectore
1817 1372 1874 1394 me
1899 1360 2102 1406 subscripsi

229 1435 267 1464 et
285 1430 431 1476 signum
452 1441 572 1463 meum
593 1429 759 1475 apposui.

322 1518 458 1551 originale
473 1519 499 1542 in
514 1518 590 1542 Arch.
606 1518 730 1543 Univers.
745 1518 829 1542 Paris.
846 1518 922 1542 theca
937 1518 965 1542 V.
982 1518 1011 1542 B.
1027 1519 1052 1542 6.
1067 1526 1090 1542 c.
1107 1531 1135 1537 --
1148 1517 1286 1546 Jourdain,
1302 1521 1332 1540 n⁰
1346 1518 1400 1541 266.
1415 1517 1480 1540 Vide
1497 1520 1634 1549 praeterea
1649 1517 1717 1540 inira
1730 1521 1759 1540 n⁰
1773 1517 1826 1540 515.

322 1603 346 1627 1.
360 1603 396 1628 De
410 1603 467 1635 eju·
482 1611 544 1635 opp.
561 1603 712 1635 philosoph.
728 1602 789 1627 vide
803 1602 910 1631 Deli-le,
922 1602 1070 1634 Melanqes
1084 1603 1116 1627 de
1131 1601 1341 1634 Paleoqraphie
1354 1606 1380 1626 et
1396 1603 1429 1626 de
1443 1601 1662 1632 Biblioyraphie‚
1678 1609 1704 1632 p.
1720 1602 1768 1624 469
1782 1609 1822 1633 sq.
1839 1601 1971 1629 liam-eun,
1988 1601 2013 1624 in
2028 1601 2103 1625 Hist.

229 1647 282 1673 liet.
294 1649 328 1672 de
340 1648 370 1673 la
383 1648 505 1676 France,
520 1647 633 1677 xxvut,
648 1648 703 1672 47⁹.
718 1660 750 1665 —
769 1648 791 1671 2.
812 1646 967 1679 Philippum
988 1647 1021 1670 de
1040 1646 1179 1676 Tboriaco,
1199 1646 1245 1679 qui
1265 1654 1307 1670 an.
1324 1646 1386 1670 1280
1399 1649 1461 1678 post
1475 1647 1505 1670 20
1526 1645 1609 1678 April.
1630 1645 1745 1669 Johanni
1765 1645 1796 1669 de
1811 1645 1959 1669 Aurelianis
1975 1645 2001 1668 in
2016 1645 2103 1668 officio

228 1692 379 1717 cancellarii
394 1691 530 1716 successit.
545 1692 632 1724 Supra
646 1695 676 1715 πθ
689 1692 744 1720 395,
760 1700 786 1716 n.
798 1691 820 1720 1,
836 1691 960 1720 vidimus,
973 1691 1107 1723 Stephano
1122 1690 1248 1723 episcopo
1262 1690 1404 1715 Parisiens.
1416 1691 1539 1714 defuncto
1551 1690 1630 1722 (1279,
1646 1690 1717 1722 Sept.
1730 1691 1753 1720 3)
1764 1690 1882 1714 Odonem
1894 1690 1926 1713 de
1940 1690 1966 1714 S.
1979 1689 2103 1722 Dionysio

228 1736 255 1761 in
265 1737 420 1770 episcopum
430 1737 515 1761 Paris.
527 1737 640 1760 electum
655 1737 763 1769 ejusque
777 1736 931 1760 electionem
942 1744 958 1760 a
969 1736 1076 1760 Nicolao
1090 1736 1126 1760 111
1138 1735 1241 1759 irritam
1250 1735 1448 1768 promulgatam
1464 1734 1554 1759 fuisse.
1567 1735 1692 1758 Summus
1702 1734 1821 1766 pontifex
1830 1743 1871 1758 an.
1884 1735 1954 1763 1280,
1966 1734 2053 1758 Martii
2064 1735 2102 1763 23,

227 1781 375 1806 Johanne-n
397 1781 562 1814 praedictum
577 1781 603 1805 in
617 1781 774 1814 episcopum
792 1781 968 1805 Parieiensem
987 1780 1139 1812 designavit
1156 1780 1229 1812 (neg.
1245 1780 1302 1804 Vnt.
1319 1779 1420 1804 Nicolai
1439 1780 1486 1808 ΙΙΙ,
1502 1783 1531 1803 n⁰
1545 1780 1584 1808 39,
1600 1787 1642 1803 an.
1663 1780 1686 1808 3,
1702 1787 1744 1811 ep.
1765 1779 1812 1809 19),
1830 1779 1876 1811 qui
1894 1782 1981 1802 tamen
1994 1779 2102 1810 ⁴litteras

227 1826 338 1859 papales
352 1826 379 1850 in
391 1829 520 1850 conventu
535 1826 599 1851 Ord.
615 1826 708 1850 Praed.
725 1826 820 1853 Paris..
836 1834 914 1858 quem
929 1826 960 1849 20
974 1825 1057 1857 April.
1075 1825 1185 1849 intravit
1200 1824 1270 1857 (vide
1285 1833 1367 1856 supra
1384 1825 1418 1848 ad
1436 1828 1487 1848 n*¹¹¹¹
1501 1824 1566 1852 11³7),
1586 1823 1685 1856 recepit
1704 1827 1730 1847 et
1744 1831 1791 1855 per
1805 1827 2003 1855 procuratorem
2023 1832 2103 1856 gene·

227 1871 310 1895 talem
332 1870 396 1895 Ord.
418 1871 558 1895 recusavit.
583 1871 707 1895 Nicolnus
730 1871 777 1899 111,
799 1871 829 1894 27
850 1870 931 1898 Junii,
954 1860 1107 1894 Renoldum'
1118 1870 1150 1893 de
1174 1869 1370 1898 llombloneria,
1386 1869 1418 1893 de
1441 1869 1516 1900 cujus
1537 1868 1661 1892 eminenti
1676 1868 1824 1892 litterarum
1840 1868 1949 1892 scientia
1968 1868 2102 1892 laudabile

226 1915 406 1940 testimoninm
429 1915 593 1948 perbihetur,
617 1923 677 1939 enm
700 1915 864 1947 theologicae
885 1914 1019 1939 facultatis
1045 1914 1199 1938 cathedram
1224 1913 1350 1938 meruerit
1371 1913 1512 1937 ascendere
1535 1913 1726 1945 magistralem,
1747 1913 1901 1944 episcopum
1926 1913 2101 1937 Parisiensem

226 1960 418 1993 pronuntiavit.
432 1960 496 1992 ch.
512 1960 570 1984 Vnt.
585 1960 685 1984 Nicolai
706 1960 742 1984 nl
757 1959 796 1991 (1²⁰
809 1960 858 1989 40),
874 1968 915 1991 ep.
932 1959 970 1984 51.
986 1959 1096 1983 Renoldi
1112 1958 1167 1983 sive
1182 1958 1315 1991 Ranulphi
1332 1966 1378 1982 seu
1393 1958 1521 1990 Arnulpbi
1537 1960 1640 1981 exstant
1657 1957 1807 1985 Quolibeta,
1823 1966 1905 1981 unum
1921 1966 1933 1980 n
1945 1958 1976 1981 de
1991 1957 2072 1981 natali
2088 1966 2100 1981 ι)

226 2012 269 2030 aa.
285 2005 356 2036 1274,
372 2005 399 2029 in
414 2005 482 2029 Bibl.
498 2005 642 2033 Arsenalis,
658 2013 707 2028 ms.
732 2005 787 2033 ³7⁹,
804 2004 849 2028 fol.
866 2004 920 2032 218,
937 2004 1050 2028 alterum
1065 2003 1092 2027 in
1111 2003 1247 2035 paschate,
1265 2003 1309 2027 rol.
1330 2003 1384 2027 221.
1401 2003 1438 2026 De
1451 2003 1508 2034 ejus
1530 2002 1697 2026 sermonibus
1712 2002 1772 2026 vide
1793 2002 1876 2034 Lecoy
1898 2002 1930 2025 de
1945 2002 1971 2026 la
1986 2002 2100 2030 Μαι-οδε,

226 2049 270 2074 La
283 2049 380 2074 chaire
396 2050 548 2080 francone.
565 2050 579 2073 2
598 2049 650 2079 ed„
663 2057 690 2081 p.
705 2050 744 2077 80,
759 2049 814 2072 499.
829 2062 861 2067 -
875 2049 899 2072 3.
914 2047 984 2072 Petri
999 2048 1036 2072 111
1051 2047 1220 2079 (1276-1285).
1238 2047 1366 2076 Quisnam
1384 2055 1446 2070 vero
1461 2047 1510 2071 iste
1526 2047 1675 2070 Fet-raudus
1692 2048 1772 2070 frater
1787 2046 1858 2078 regis
1878 2047 1967 2077 (Petri)
1984 2046 2049 2070 suit?
2064 2047 2100 2070 Ex

226 2093 316 2126 priore
330 2093 497 2118 matrimonio
511 2093 603 2118 Jacobi
619 2094 638 2122 1,
657 2093 742 2126 patris
758 2093 836 2122 Petri.
852 2101 912 2116 cum
928 2101 940 2116 α
957 2093 1027 2116 dona
1047 2092 1149 2116 Leonor
1163 2092 1195 2116 de
1209 2092 1320 2116 Castilln
1336 2100 1347 2115 ι»
1363 2091 1463 2124 prodiit
1477 2094 1579 2115 tantum
1595 2091 1732 2119 Alsonnu„
1748 2099 1779 2115 ex
1798 2091 1912 2115 secundo
1927 2099 1986 2114 cum
2003 2100 2015 2114 α
2033 2091 2101 2115 dona

227 2138 343 2163 votando
357 2146 370 2162 ι
385 2146 447 2163 vero
461 2141 649 2171 precesserunt
661 2138 711 2162 filii
725 2146 731 2162 :
746 2138 839 2162 Petrus
855 2137 909 2170 (qui
925 2137 1024 2170 supra),
1044 2136 1168 2165 Jacobus,
1185 2136 1376 2165 Ferdinandue,
1393 2136 1504 2162 Snncho.
1522 2135 1703 2160 Ferdinandus
1718 2138 1806 2159 tumen
1823 2144 1869 2159 seu
1884 2135 2032 2159 Ferrnndus
2045 2135 2100 2167 jnm

227 2186 284 2207 erat
298 2185 426 2211 mortum,
442 2183 548 2216 qnando
562 2186 646 2206 mater
658 2182 715 2214 ejus
730 2182 814 2207 Oscae
828 2190 870 2206 an.
884 2182 953 2210 1251,
969 2181 1062 2206 octob.
1077 2182 1116 2211 12,
1131 2189 1209 2205 suum
1224 2184 1410 2205 testamentum
1425 2180 1550 2208 condidit,
1562 2188 1622 2204 cum
1633 2179 1658 2204 in
1670 2180 1728 2212 ipso
1740 2180 1786 2204 fiat
1801 2179 1897 2203 mentio
1912 2180 2029 2203 omnium
2043 2179 2100 2211 ejus

227 2227 352 2256 fitiorum,
363 2230 470 2259 excepto
485 2227 650 2251 Perdis-ndo
661 2226 747 2256 (Areia.
759 2227 791 2250 de
806 2227 831 2250 la
846 2234 942 2250 corona
957 2226 990 2250 de
1004 2227 1118 2258 Aragon,
1129 2225 1221 2258 pat-eh.
1236 2225 1268 2249 de
1280 2225 1366 2249 Jnime
1381 2225 1400 2253 l,
1417 2229 1446 2248 ιιο
1462 2225 1531 2249 1264.
1547 2225 1587 2248 Cf.
1599 2225 1770 2252 Tourtonlon.
1785 2225 1881 2249 Jacme
1895 2223 1933 2248 1³¹·
1946 2224 1970 2247 le
1982 2224 2101 2255 conqud-

227 2276 306 2300 rant.
322 2271 495 2304 Menti-sellia,
518 2271 588 2300 18⁶7,
611 2271 644 2301 11,
666 2271 722 2295 577.
736 2271 829 2303 Pro-p.
846 2270 878 2294 de
897 2270 1025 2298 Botarnll,
1041 2270 1095 2295 Lon
1113 2271 1214 2295 condes
1235 2270 1268 2294 de
1287 2269 1448 2294 Bar-celena
1466 2268 1640 2297 vindicam,
1660 2269 1692 2296 ΙΙ,
1717 2269 1780 2300 236).
1804 2268 1951 2292 Fen-andus
1974 2268 2099 2296 Sunchez,

227 2316 323 2341 notha·
335 2315 428 2340 Jacobi
439 2315 458 2343 l.
469 2323 548 2348 quem
562 2314 655 2339 babuit
668 2323 700 2339 ex
713 2323 767 2339 ana
780 2314 863 2339 nobili
878 2315 973 2338 domus
989 2322 1002 2338 α
1017 2314 1116 2338 Blanca
1131 2314 1163 2338 de
1178 2313 1293 2338 Antillon
1307 2322 1329 2342 ν,
1342 2313 1409 2337 obiit
1423 2321 1465 2336 an.
1481 2313 1542 2336 1275
1557 2313 1738 2344 (Toni-toulon.
1755 2313 1771 2336 1.
1785 2321 1818 2341 ε..
1831 2321 1857 2344 p.
1868 2313 1933 2342 496).
1951 2312 2099 2336 Ferrandus

227 2369 309 2394 supra
323 2361 447 2385 laudatu-
463 2359 541 2384 debet
557 2367 615 2384 ene
629 2359 736 2392 qnidam
752 2358 845 2383 Jecobi
864 2359 873 2383 l
889 2358 995 2387 nothus,
1011 2358 1086 2390 cujus
1106 2358 1173 2382 alins
1193 2358 1236 2382 vix
1256 2357 1353 2381 mentio
1370 2358 1409 2381 fit.
1423 2371 1455 2376 —
1473 2358 1496 2381 li.
1519 2357 1686 2385 Hemeraens,
1703 2357 1742 2381 De
1760 2358 1839 2382 acad.
1857 2357 1960 2387 Paria,
1976 2365 2002 2388 p.
2020 2357 2058 2385 7⁹,
2074 2360 2100 2381 et

226 2409 288 2438 poet
306 2412 366 2429 eam
384 2404 508 2433 Bal-eae,
524 2404 570 2432 ln,
586 2404 640 2432 ³⁹8,
661 2404 717 2432 115⁸,
732 2404 788 2432 ⁶⁹7,
805 2403 854 2426 hoc
869 2404 967 2427 factum
982 2410 1123 2434 perperam
1138 2403 1256 2426 referunt
1273 2402 1306 2425 ad
1322 2401 1509 2425 cancellarium
1523 2401 1671 2425 Johannem
1686 2401 1718 2424 de
1734 2400 1889 2428 Aurelianis.
1906 2404 2098 2425 antecessorem

226 2449 355 2482 Philippi.
369 2462 399 2468 —
413 2451 436 2474 ὅ.
453 2448 472 2473 Ι.
488 2456 511 2472 e.
528 2447 630 2472 litteras
652 2447 800 2472 minori-⁸.
816 2447 855 2471 Cf.
877 2446 1005 2475 Ferraria,
1026 2446 1198 2471 Bibliotheca
1217 2452 1319 2471 canon.
1333 2446 1428 2476 jurid-
1444 2445 1547 2470 moral.
1564 2445 1656 2474 theol.,
1674 2453 1695 2469 ι.
1713 2453 1735 2469 v.
1754 2454 1765 2469 α
1786 2445 1900 2477 apostoli
1916 2453 1937 2469 n.
1954 2458 1985 2464 —
1998 2446 2023 2469 6.
2039 2446 2058 2469 l.
2074 2453 2096 2469 e.

227 2493 362 2519 Fert-ndi.

227 2602 340 2641 504.
363 2612 511 2638 Decretum
542 2611 741 2638 Univereilalia
766 2610 863 2636 Pario.
882 2613 913 2636 ut
936 2609 1087 2635 occasione
1107 2608 1232 2644 injuriae
1252 2608 1391 2644 magistro
1404 2608 1516 2643 Ilugom'
1537 2606 1646 2634 medico
1674 2606 1786 2642 illatae,
1808 2607 1940 2643 magistri
1962 2606 2097 2635 lectiones

315 2669 370 2688 non
384 2664 540 2695 resumant,
557 2660 615 2687 nisi
626 2658 806 2696 privilegium
822 2658 952 2695 Philippi
964 2658 1090 2693 Augusti
1103 2656 1266 2684 abner-vetur
1280 2660 1308 2683 ee
1322 2655 1443 2683 emenda
1458 2655 1568 2683 medico
1582 2655 1663 2683 laeso
1674 2657 1822 2694 praestita
1836 2657 1934 2692 siser-ie.

1482 2746 1556 2776 7281.
1569 2745 1633 2772 dum
1646 2746 1683 2775 10,
1698 2746 1812 2773 Putem.

314 2824 422 2859 Anno
441 2823 486 2858 ab
507 2824 757 2858 lncarnatione
778 2822 923 2856 Domini
944 2823 995 2855 Μ’
1006 2821 1082 2856 CC⁰
1102 2820 1328 2867 octogesimo
1355 2820 1486 2866 primo,
1507 2819 1566 2854 die
1586 2820 1685 2866 jovis
1710 2827 1791 2867 post
1817 2821 1948 2855 festum
1975 2821 2094 2855 Sancti

227 2890 371 2925 Martini
395 2890 557 2925 estivalis
581 2890 675 2936 apud
703 2891 872 2924 Sanctum
897 2888 1082 2923 Julianum
1103 2888 1301 2933 pauperem
1323 2886 1484 2920 Par-isius
1508 2887 1721 2933 congregati
1747 2887 1910 2933 magistri
1932 2887 2093 2920 omnium

226 2956 432 2992 facultatum
457 2957 605 2991 nomine
630 2957 742 2991 totius
766 2955 1023 2991 Universitatis
1049 2961 1084 2988 et
1114 2965 1179 3000 pro
1206 2953 1443 2987 universitate
1468 2959 1536 2987 tam
1568 2953 1823 2999 magistrorum
1850 2965 1954 2999 quain
1980 2953 2096 2987 scola-
