2580 3528
464 405 531 438 444
1051 412 1371 436 cuAnTuLAmUM
1405 411 1596 435 uulvnns.
1631 411 1762 433 PARIS.
2242 396 2343 441 [1264

463 519 578 557 403.
607 528 738 555 Urbanus
753 528 798 554 JV
811 526 903 553 Odoni
917 525 1092 552 cancellario
1109 527 1136 552 S.
1157 526 1315 559 Genovefae
1334 524 1429 550 Paris.
1446 523 1549 550 scribit
1563 523 1599 550 de
1615 523 1752 558 magistro
1768 522 1906 558 Evrardo,
1924 522 2058 549 studente
2075 523 2104 549 in
2120 521 2275 558 theologia,
2293 522 2344 558 qui

550 577 619 614 plus
633 586 719 613 quam
730 585 785 613 per
799 575 1023 612 quinquennium
1037 574 1163 600 Parisiis
1179 574 1208 600 in
1223 573 1336 600 artibus
1351 576 1475 600 rexerat.

1531 622 1607 652 1284,
1622 622 1685 649 dum
1696 622 1730 652 11,
1745 623 1815 655 apud
1826 621 1915 649 Ill-bem
1931 622 2056 648 Veterem.

555 697 670 731 Fratri
696 696 816 730 Odoni
845 694 1061 728 cancellario
1089 694 1216 727 Sancte
1242 692 1430 727 Genovefe
1458 692 1689 726 Parisiensis.
1717 693 1808 726 Cum
1834 692 1929 726 sicut
1952 691 2159 738 accepimus
2187 691 2343 724 dilectus

465 764 563 798 filius
588 764 762 809 magister
785 761 970 796 Johannes
994 767 1114 793 rector
1135 759 1290 793 ecclesie
1310 759 1355 792 de
1376 760 1506 791 Donno
1528 758 1703 792 Medardo
1725 758 1762 791 in
1782 759 1935 792 Pontivo
1956 759 2002 792 de
2023 770 2087 792 sua
2108 758 2224 792 salute
2246 757 2343 791 solli-

465 831 559 865 citus
593 831 711 864 eidem
747 828 901 862 ecclesie
936 827 1145 860 renuntiare
1180 826 1362 871 disponat,
1395 837 1463 858 nos
1498 825 1664 859 volentes
1699 825 1832 858 dilecto
1867 825 1942 858 filio
1976 825 2152 871 magistro
2181 824 2343 865 Evrardo

465 897 598 931 rectori
626 896 781 930 ecclesie
807 895 851 928 de
878 893 1087 927 Betembois
1107 892 1366 925 Ambianensis
1394 891 1566 933 diocesis,
1590 891 1652 937 qui
1678 903 1743 937 per
1763 891 2054 937 quinquennium
2076 898 2112 925 et
2130 891 2286 937 amplius
2305 890 2344 925 in
2390 888 2398 898 ‘

464 964 603 998 artibus
624 963 764 996 rexisse
785 961 959 1002 Parisius⁷
982 967 1018 993 et
1036 960 1074 992 in
1094 959 1279 1005 theologia
1301 958 1434 992 dicitur
1454 958 1603 992 studere
1624 958 1775 1001 ibidem,
1796 958 1948 992 obtentu
1969 958 2092 992 dilecti
2112 958 2178 992 filii
2199 959 2240 992 B.
2261 946 2343 998 Am{

463 1030 651 1063 bianensis
679 1027 923 1062 archidiaconi
950 1039 989 1060 ac
1018 1026 1221 1059 litterarum
1250 1032 1456 1059 nostrarum
1486 1025 1791 1059 contradictarum
1821 1025 1999 1059 auditoris
2029 1025 2137 1059 nobis
2166 1037 2233 1071 pro
2262 1025 2344 1071 ipso

463 1109 543 1130 cum
574 1096 744 1130 instantia
773 1094 1013 1140 supplicantis
1043 1093 1238 1138 providere
1268 1093 1313 1126 de
1341 1092 1497 1126 ecclesia
1531 1092 1751 1138 supradicta,
1788 1092 2002 1126 discretioni
2035 1099 2097 1126 tue
2129 1092 2344 1126 mandamus

462 1164 646 1209 quatinus,
678 1163 709 1195 si
739 1168 795 1195 est
823 1162 884 1203 ita,
915 1160 1030 1194 libera
1059 1172 1077 1193 a
1108 1159 1204 1193 dicto
1233 1159 1397 1193 Johanne
1426 1159 1564 1205 prefate
1594 1159 1750 1193 ecclesie
1784 1159 2033 1205 resignatione
2067 1166 2213 1205 recepta
2245 1159 2343 1193 illam

462 1230 714 1277 prenominato
744 1228 919 1274 magistro
950 1227 1126 1269 Evrardo.
1153 1226 1350 1260 dummodo
1376 1226 1425 1260 sit
1447 1226 1614 1272 ydoneus
1639 1226 1812 1272 aliudque
1836 1226 2051 1260 canonicum
2076 1238 2151 1260 non
2176 1225 2343 1270 obsistat,

461 1298 518 1332 vel
553 1296 781 1343 procuratori
815 1307 882 1328 suo
917 1295 997 1340 ejus
1031 1294 1180 1327 nomine
1214 1294 1426 1327 auctoritate
1460 1300 1584 1327 nostra
1619 1306 1684 1340 per
1718 1301 1752 1327 te
1786 1293 1845 1328 vel
1875 1306 1941 1340 per
1971 1293 2082 1327 alium
2112 1294 2279 1328 conferas
2309 1300 2345 1328 et

460 1365 629 1410 assignes
650 1363 830 1396 inducens
850 1362 969 1408 ipsum
995 1361 1032 1394 in
1057 1361 1175 1407 ipsius
1202 1360 1429 1407 corporalem
1457 1360 1733 1406 possessionem
1755 1367 1791 1394 et
1810 1361 2013 1394 defendens
2039 1360 2240 1394 inductum.
2262 1362 2344 1395 Non

461 1432 627 1465 obstante
649 1431 679 1464 si
700 1442 766 1476 pro
787 1429 868 1463 aliis
889 1429 926 1462 in
954 1429 1047 1462 dicta
1077 1427 1217 1462 diocesi
1245 1428 1319 1462 sint
1347 1428 1546 1474 apostolice
1574 1428 1674 1461 sedis
1701 1428 1836 1474 scripta
1865 1428 2015 1470 directa,
2045 1427 2180 1473 quibus
2207 1428 2245 1461 in
2273 1427 2343 1462 hoc

461 1498 683 1532 nominatum
715 1497 928 1543 magistrum
960 1495 1161 1529 Evrardum
1191 1495 1345 1541 preferri
1371 1495 1554 1537 volumus,
1586 1495 1652 1528 sed
1682 1507 1753 1540 quo
1779 1494 1824 1528 ad
1848 1495 1916 1528 alia
1936 1494 2077 1528 nullum
2098 1494 2342 1541 prejudicium

461 1566 643 1612 generari,
665 1571 725 1598 aut
750 1564 781 1597 si
806 1563 914 1597 alicui
939 1575 958 1596 a
983 1562 1071 1596 sede
1099 1562 1300 1608 apostolica
1329 1562 1377 1595 sit
1402 1562 1584 1595 indultum
1612 1562 1710 1608 quod
1740 1561 2060 1604 excommunicari,
2081 1561 2260 1608 suspendi
2283 1561 2343 1596 vel

459 1632 627 1666 interdici
647 1644 720 1664 non
741 1631 859 1677 possit
878 1642 943 1676 per
963 1630 1103 1663 litteras
1124 1629 1219 1663 dicte
1241 1629 1341 1663 sedis
1358 1641 1428 1674 que
1450 1629 1494 1662 de
1515 1628 1658 1662 indulto
1679 1628 1891 1674 hujusmodi
1911 1628 2055 1674 plenam
2077 1635 2113 1662 et
2132 1639 2343 1675 expressam

461 1712 535 1733 non
555 1699 708 1732 fecerint
727 1698 962 1738 mentionem,
986 1703 1021 1730 et
1040 1695 1203 1742 qualibet
1226 1696 1293 1729 alia
1319 1696 1437 1742 ipsius
1463 1695 1563 1729 sedis
1588 1695 1818 1742 indulgentia
1842 1707 1907 1741 per
1928 1707 2035 1741 quam
2054 1696 2145 1729 facta
2166 1695 2199 1729 ei
2219 1695 2257 1729 in
2277 1694 2343 1730 hac

461 1773 561 1812 parte
590 1766 703 1812 gratia
731 1764 900 1810 impediri
929 1763 1047 1798 valeat
1072 1763 1131 1797 vel
1162 1763 1313 1805 differri,
1336 1770 1372 1796 et
1392 1763 1436 1796 de
1458 1775 1527 1809 qua
1556 1763 1594 1796 in
1620 1763 1757 1797 nostris
1782 1762 1914 1796 litteris
1941 1762 2021 1796 fieri
2046 1762 2178 1796 debeat
2205 1761 2343 1796 mentio

461 1833 643 1879 specialis.
667 1831 979 1872 Contradictores5
1005 1836 1068 1865 etc.
1095 1842 1200 1876 usque
1228 1830 1509 1876 compescendo.
1538 1831 1674 1864 Verum
1708 1829 1792 1876 quia
1820 1841 1895 1863 non
1929 1836 1986 1863 est
2013 1829 2214 1864 verisimile
2244 1828 2344 1875 quod

461 1900 543 1945 quis
576 1898 756 1932 beneficio
790 1898 914 1931 multis
948 1898 1041 1931 forte
1075 1896 1265 1930 laboribus
1299 1896 1478 1942 acquisito
1509 1896 1554 1930 de
1584 1909 1656 1942 quo
1687 1896 1797 1930 debet
1830 1896 2028 1930 sustentari
2062 1895 2200 1941 absque
2235 1907 2343 1930 causa

462 1967 657 2008 renuntiet,
680 1965 873 2011 provideas
898 1964 1070 1998 attentius
1096 1976 1142 1997 ne
1170 1976 1214 1997 ex
1239 1970 1339 2009 parte
1369 1964 1592 2009 resignantis
1611 1963 1670 1997 vel
1691 1963 1778 1997 dicti
1803 1963 1968 2009 magistri
1995 1963 2146 1997 Evrardi
2167 1975 2233 1996 seu
2253 1962 2342 1996 alias

462 2033 738 2079 quomodolibet
772 2033 928 2078 pravitas
963 2031 1082 2077 aliqua
1116 2031 1329 2064 intercedat.
1358 2030 1539 2065 Volumus
1569 2037 1687 2064 autem
1718 2030 1816 2076 quod
1850 2036 2041 2076 postquam
2072 2030 2248 2076 magister
2276 2031 2341 2064 Ev.

463 2101 659 2146 predictam
682 2099 872 2133 ecclesiam
894 2099 938 2132 de
960 2100 1091 2131 Donno
1111 2098 1287 2131 Medardo
1308 2097 1418 2131 suerit
1437 2097 1586 2143 pacifice
1606 2104 1812 2139 assecutus,
1833 2097 2053 2131 nominatam
2078 2097 2270 2130 ecclesiam
2297 2096 2342 2130 de

463 2167 673 2201 Betembois
695 2179 799 2212 quam
828 2178 871 2199 ex
896 2173 981 2199 tunc
1006 2177 1133 2199 vacare
1159 2165 1392 2198 decernimus
1421 2164 1569 2198 omnino
1598 2164 1764 2207 dimittat,
1787 2164 1935 2210 proviso
1962 2163 2223 2197 nichilominus
2243 2162 2343 2210 quod

462 2241 570 2280 prout
604 2234 766 2279 requiret
799 2245 892 2266 onus
927 2233 1090 2278 predicte
1125 2232 1281 2265 ecclesie
1316 2232 1361 2265 de
1396 2233 1526 2265 Donno
1557 2231 1733 2265 Medardo
1762 2231 1859 2264 idem
1889 2231 2064 2277 magister
2093 2232 2133 2264 E.
2165 2243 2205 2265 se
2238 2231 2344 2265 faciat

464 2302 607 2335 statutis
641 2300 868 2347 temporibus
898 2300 941 2333 ad
973 2299 1122 2333 ordines
1157 2299 1365 2345 promoveri
1395 2305 1431 2332 et
1459 2298 1702 2344 personaliter
1737 2298 1898 2332 resideat
1929 2298 1966 2331 in
2001 2298 2144 2340 eodem,
2179 2297 2342 2344 alioquin

464 2368 674 2413 hujusmodi
695 2367 809 2413 gratia
830 2366 968 2400 nullius
994 2367 1140 2412 penitus
1162 2366 1209 2399 sit
1228 2365 1415 2399 momenti.
1443 2366 1521 2399 Dat.
1548 2366 1643 2411 apud
1666 2365 1801 2399 Urbem
1820 2366 1992 2399 Veterem
2012 2377 2035 2399 v
2054 2365 2103 2398 id.
2125 2365 2225 2407 Julii,
2247 2376 2342 2398 anno

466 2435 585 2467 tertio.

561 2520 622 2550 ch.
640 2519 697 2541 Vnt.
719 2518 820 2542 Urbani
836 2519 869 2541 IV
888 2526 929 2541 an.
947 2519 960 2541 3
982 2520 1020 2547 (11⁰
1041 2518 1088 2550 29),
1110 2526 1151 2549 cp.
1178 2518 1221 2541 811
1244 2519 1318 2547 (990),
1335 2518 1379 2541 fol.
1403 2518 1456 2541 200.
1478 2530 1509 2536 -—
1529 2517 1595 2540 Ibid.
1617 2525 1658 2549 ep.
1680 2517 1726 2541 749
1747 2517 1811 2550 (929)
1830 2517 1986 2549 providetur
2010 2525 2081 2549 mag.
2102 2516 2217 2541 Johanni
2238 2515 2343 2547 clerieo,

469 2572 480 2586 «
498 2563 541 2594 qui
557 2563 582 2586 in
599 2563 700 2586 artibus
716 2563 833 2586 Parisius
849 2562 964 2586 doctoris
980 2563 1063 2595 gessit
1077 2563 1203 2591 officium,
1220 2570 1319 2586 necnon
1335 2562 1361 2585 in
1374 2562 1433 2594 jure
1448 2562 1573 2586 canonico
1583 2565 1609 2586 et
1623 2561 1695 2586 civili
1709 2562 1755 2585 diu
1770 2562 1872 2586 studuit
1887 2570 1908 2586 ».

469 2725 582 2762 404.
611 2734 742 2760 Urbanus
758 2735 801 2760 IV
811 2734 919 2760 decano
935 2734 1074 2761 ecclesiae
1088 2734 1293 2761 Ambianensis
1307 2734 1408 2761 scribit
1423 2734 1458 2761 de
1475 2734 1620 2770 Stephano
1635 2732 1811 2761 cancellario
1825 2733 1996 2761 Parisiensi.

1526 2826 1601 2856 7264,
1616 2823 1679 2852 dimi
1691 2826 1729 2856 18,
1745 2826 1814 2859 apud
1826 2825 1915 2852 Urbem
1931 2826 2056 2852 Veterem.

564 2922 584 2928 ..
608 2896 752 2928 Decano
774 2894 928 2927 ecclesie
950 2895 995 2927 de
1015 2894 1254 2929 Abbatisvilla
1275 2895 1533 2930 Ambianensis
1554 2896 1726 2930 diocesis.
1747 2896 1878 2930 Dilecti
1899 2895 1964 2929 filii
1984 2894 2150 2941 magistri
2171 2901 2343 2941 regentes

472 2962 633 2996 Parisius
654 2962 690 2994 in
712 2961 915 3006 theologica
934 2961 1101 2994 facultate
1121 2962 1228 2996 nobis
1250 2963 1457 3008 significare
1478 2970 1662 3006 curarunt,
1685 2963 1783 3009 quod
1804 2975 1869 3009 per
1889 2963 2012 2996 sedem
2034 2962 2269 3008 apostolicam
2289 2967 2345 2996 est
