2580 3528
454 400 519 432 524
1040 405 1358 428 CHARTULARIUM
1393 403 1583 425 UN1VERS.
1619 402 1749 424 mnis.
2227 391 2327 433 [1275

454 483 612 516 officium
649 482 816 515 rectorie.
853 480 1009 515 Secundo
1039 479 1231 525 proposuit
1263 478 1360 523 quod
1390 484 1464 510 toto
1495 484 1658 521 tempore
1692 475 1847 508 rectorie
1882 475 1968 509 dicti
2004 475 2167 509 Alberici
2198 487 2326 509 omnes

454 549 551 590 illos,
570 549 631 594 qui
653 561 718 582 sue
737 547 962 582 institucioni
984 559 1022 579 se
1045 551 1288 591 opposuerant
1312 550 1454 589 paratos
1475 542 1664 588 pecuniam
1686 541 1882 575 refundere
1903 549 1939 575 et
1958 542 2077 575 omnia
2097 553 2326 588 quecumque

456 616 500 649 ad
520 615 722 649 facultatem
748 615 929 660 pertinent
955 613 1195 646 communiter
1221 611 1408 644 exercere⁶
1429 621 1494 654 per
1514 615 1787 654 procuratorem
1814 609 1908 642 sicut
1933 608 2012 642 fieri
2039 608 2149 642 debet
2172 609 2327 642 rectoria

456 689 602 716 vacante
634 693 715 726 pars
743 681 892 714 adversa
922 680 1055 724 injuste
1085 678 1273 711 admittere
1304 676 1495 709 recusavit.
1533 675 1662 709 Ter-cio
1689 687 1776 709 vero
1799 681 1835 708 et
1853 681 1983 721 quarto
2009 676 2204 721 proposuit
2227 675 2326 721 quod

458 760 568 794 super
595 748 755 793 predicta
784 746 1018 779 institucione
1048 744 1208 777 Alberici
1237 743 1405 788 cognicio
1431 755 1504 775 non
1532 741 1718 787 spectabat
1742 742 1786 775 ad
1807 742 1955 787 judices
1975 742 2014 775 in
2037 749 2161 776 nostra
2182 742 2330 776 ordina-

457 815 562 848 cione
591 820 793 853 contentos,
825 824 904 844 cum
936 811 1033 843 nulla
1063 810 1166 843 nacio
1197 821 1235 842 se
1266 809 1376 843 vellet
1404 808 1448 841 ab
1478 808 1559 842 aliis
1583 820 1772 854 separare,
1799 820 1866 842 nec
1892 808 2010 854 ipsius
2034 808 2262 842 institucioni
2288 821 2328 842 se

457 887 658 926 opponeret
687 880 803 920 nacio,
826 878 891 911 sed
920 877 1007 910 certi
1037 876 1199 921 magistri
1228 875 1454 921 singularum
1477 875 1684 917 nacionum,
1707 882 1743 908 et
1769 875 1821 909 sic
1848 887 1923 908 non
1952 882 2029 908 erat
2053 875 2120 908 hec
2141 875 2328 920 separacio

458 948 502 980 de
524 959 591 991 qua
613 953 735 979 nostra
757 945 941 977 ordinacio
962 943 1191 988 loquebatur.
1215 943 1349 987 Quinto
1375 942 1567 987 proposuit
1590 942 1744 987 quedam
1765 942 1810 975 ad
1830 942 2109 976 excusacionem
2130 942 2243 988 partis
2264 954 2330 976 sue

459 1025 568 1058 super
585 1012 790 1057 inceptione
806 1010 993 1055 cujusdam
1010 1009 1218 1042 bachallarii
1235 1009 1280 1042 de
1297 1010 1587 1042 Normannorum
1606 1010 1770 1042 nacione.
1793 1010 1904 1043 Sexto
1925 1010 2119 1055 proposuit
2133 1021 2330 1055 processus

458 1079 703 1125 predictorum
738 1078 901 1122 judicum
942 1077 1055 1109 fuisse
1095 1083 1176 1109 ante
1218 1076 1557 1121 pronunciationem
1592 1083 1627 1109 et
1663 1083 1747 1121 post
1790 1076 1989 1122 legitimam
2035 1076 2330 1122 provocationem

459 1157 674 1190 suspensos.
711 1144 867 1188 Septimo
898 1143 1089 1188 proposuit
1118 1142 1216 1187 quod
1249 1142 1372 1188 elapso
1406 1149 1570 1188 tempore
1605 1143 1760 1176 rectorie
1794 1143 1950 1188 predicti
1981 1142 2144 1176 Alberici
2173 1154 2332 1188 persone

459 1212 665 1257 singulares
696 1211 740 1243 de
768 1210 924 1256 singulis
955 1209 1183 1250 nacionibus,
1216 1221 1285 1254 que
1314 1221 1354 1243 se
1382 1217 1635 1255 opposuerunt
1659 1210 1886 1243 institucioni
1911 1210 2124 1255 hujusmodi
2150 1210 2188 1243 in
2214 1216 2332 1243 recto-

460 1292 547 1320 rem,
574 1279 709 1312 vocatis
739 1277 896 1323 singulis
923 1277 1106 1322 magistris
1134 1276 1314 1310 facultatis
1335 1283 1389 1310 ter
1409 1289 1491 1310 cum
1513 1276 1646 1310 debitis
1667 1277 1870 1311 intervallis
1890 1277 1978 1310 hora
2004 1277 2110 1311 solita
2131 1283 2168 1310 et
2186 1277 2268 1310 loco
2289 1276 2333 1310 ad

459 1346 539 1379 talia
570 1351 745 1378 consueto
776 1344 968 1389 elegerunt
996 1350 1189 1384 rectorem,
1220 1343 1272 1377 sic
1301 1344 1476 1377 facientes
1506 1344 1550 1377 de
1576 1344 1889 1389 procuratoribus,
1916 1345 1961 1377 de
1989 1344 2159 1386 bedellis,
2187 1343 2334 1389 quando

460 1412 670 1446 imminebat
690 1411 819 1444 electio
841 1411 963 1444 talium
985 1422 1236 1455 personarum.
1265 1411 1477 1444 Adversarii
1498 1423 1584 1445 vero
1606 1411 1697 1456 ipsis
1722 1412 1940 1457 contemptis
1962 1418 1998 1444 et
2017 1418 2142 1444 contra
2168 1411 2335 1456 ipsorum

461 1479 741 1525 prohibitionem
770 1477 915 1523 publice
941 1478 1066 1510 factam
1093 1489 1270 1522 personas
1297 1489 1509 1511 communes
1531 1478 1602 1511 sibi
1628 1485 1712 1511 tunc
1739 1485 1775 1512 et
1794 1485 1920 1524 postea
1948 1478 2169 1511 successivis
2195 1484 2336 1523 tempo-

462 1546 564 1579 ribus
591 1551 817 1578 creaverunt.
850 1545 980 1578 Octavo
1010 1544 1201 1589 proposuit
1233 1544 1331 1589 quod
1359 1545 1623 1578 examinatores
1653 1546 1765 1590 partis
1794 1545 1948 1579 adverse
1979 1545 2174 1578 duodecim
2205 1543 2337 1577 bacha·

461 1613 571 1646 larios
591 1611 869 1645 licentiaverunt
888 1617 923 1643 et
942 1622 1154 1644 communes
1175 1617 1372 1644 tenuerunt
1396 1618 1519 1657 preter
1539 1612 1799 1645 conscientiam
1822 1619 1858 1645 et
1876 1612 2102 1646 voluntatem
2127 1610 2336 1644 cancellarii

465 1679 591 1712 Sancte
626 1678 825 1718 Genovefe,
861 1684 895 1710 et
928 1677 1026 1722 quod
1060 1677 1299 1711 cancellarius
1334 1678 1580 1723 predictorum
1616 1679 1782 1712 licentias
1812 1679 1850 1712 in
1879 1678 2023 1712 irritum
2053 1678 2248 1712 revocavit.
2284 1678 2338 1710 Ex

466 1745 599 1790 quibus
620 1743 790 1777 omnibus
817 1743 920 1788 petiit
948 1743 1188 1789 infrascripta.
1219 1746 1271 1777 Ex
1297 1745 1414 1790 primo
1434 1745 1607 1779 videlicet
1626 1746 1874 1791 pronunciari,
1903 1746 2105 1791 predictum
2125 1744 2337 1778 Albericum

467 1824 540 1845 non
561 1811 628 1844 rite
656 1811 860 1843 institutum
889 1810 1002 1843 fuisse
1027 1817 1063 1843 et
1089 1811 1187 1855 quod
1215 1811 1333 1844 eidem
1360 1818 1527 1857 tanquam
1557 1813 1689 1846 rectori
1717 1812 1965 1846 obediendum
1993 1824 2066 1845 non
2091 1812 2159 1845 fuit
2184 1812 2339 1856 ejusque

467 1885 567 1911 actus
588 1885 756 1922 tanquam
777 1889 795 1910 a
816 1884 956 1910 rectore
984 1878 1098 1910 factos
1118 1878 1155 1910 in
1175 1878 1317 1911 irritum
1342 1879 1516 1912 revocari.
1547 1880 1599 1912 Ex
1619 1879 1782 1913 secundo
1804 1879 1908 1925 petiit
1928 1878 2179 1924 pronunciari,
2206 1877 2341 1922 magis-

469 1952 544 1978 tros
566 1945 676 1989 partis
704 1944 853 1976 alterius
879 1950 1002 1976 contra
1027 1944 1224 1989 predictam
1246 1945 1519 1979 ordinacionem
1539 1946 1687 1980 venisse
1709 1953 1745 1979 et
1764 1955 1913 1992 propter
1933 1945 2001 1978 hoc
2027 1945 2133 1978 latam
2155 1944 2193 1977 in
2215 1956 2254 1977 ea
2276 1955 2342 1989 per

471 2024 538 2044 nos
566 2011 946 2044 excommunicationis
973 2011 1188 2044 sententiam
1215 2012 1428 2045 incurrisse.
1462 2014 1513 2045 Ex
1539 2013 1666 2055 tercio,
1695 2019 1835 2058 quarto,
1863 2013 1989 2058 quinto
2016 2019 2051 2046 et
2076 2018 2178 2045 sexto
2208 2022 2343 2056 propo-

472 2079 552 2111 sitis
582 2078 685 2123 petiit
713 2077 957 2122 pronunciari,
985 2078 1028 2110 ad
1058 2085 1230 2111 statutum
1261 2085 1425 2112 nostrum
1447 2079 1717 2113 dissencionem
1749 2092 1819 2125 que
1854 2092 1950 2114 nunc
1987 2086 2043 2113 est
2076 2078 2238 2112 Parisius
2267 2089 2342 2111 non

473 2151 648 2190 spectare,
667 2144 860 2188 etjudices
881 2144 981 2188 ipsos
1003 2156 1076 2177 non
1097 2144 1133 2177 in
1155 2144 1237 2186 hoc,
1255 2145 1320 2178 sed
1341 2146 1622 2180 Universitatem
1639 2147 1882 2181 Parisiensem
1904 2158 2130 2192 cognoscere
2152 2144 2341 2185 debuisse,

474 2218 509 2244 et
529 2211 742 2244 sententiam
772 2210 950 2243 dictorum
973 2211 1140 2255 judicum
1166 2211 1301 2244 nullam
1327 2212 1443 2245 fuisse
1467 2225 1507 2246 ac
1528 2220 1665 2258 partem
1692 2226 1792 2247 suam
1818 2226 2045 2259 nequaquam
2071 2211 2344 2258 separacionem

473 2278 617 2311 fecisse.
647 2279 698 2309 Ex
718 2277 781 2321 vij⁰
802 2289 888 2310 vero
918 2277 1021 2322 petiit
1046 2278 1221 2311 rectorias
1247 2285 1282 2311 et
1308 2290 1436 2313 omnes
1460 2287 1561 2313 actus
1589 2292 1654 2314 sue
1680 2281 1792 2326 partis
1813 2281 1850 2314 in
1872 2280 2030 2314 bedellis
2051 2286 2087 2313 et
2105 2279 2186 2313 aliis
2211 2277 2345 2312 confir·

476 2344 563 2376 mari
585 2351 619 2376 et
638 2350 738 2376 actus
769 2343 935 2389 singulos
961 2344 1072 2389 partis
1093 2344 1246 2378 adverse
1273 2345 1367 2378 circa
1388 2345 1555 2380 bedellos
1576 2354 1612 2380 et
1631 2347 1699 2380 alia
1720 2348 1757 2380 in
1778 2348 1920 2381 irritum
1942 2347 2117 2382 revocari.
2146 2347 2198 2379 Ex
2219 2351 2344 2378 octavo

476 2411 578 2455 petiit
618 2410 797 2455 predictas
835 2411 881 2454 xij
922 2410 1093 2444 licencias
1134 2411 1313 2445 annullari
1349 2419 1384 2446 et
1417 2414 1681 2448 examinatores
1725 2427 1850 2448 eorum
1885 2427 1903 2448 a
1938 2414 2118 2448 facultatis
2158 2411 2344 2446 consortio

479 2477 648 2521 separari.
681 2477 787 2509 Petiit
816 2477 919 2509 etiam
950 2477 1170 2522 generaliter
1200 2490 1242 2511 ex
1272 2480 1477 2524 premissis,
1508 2481 1729 2527 principales
1759 2482 1821 2527 qui
1850 2481 2121 2527 impediverunt
2149 2478 2345 2525 quominus

480 2549 764 2587 cognosceretur
785 2543 828 2575 de
850 2543 1063 2577 criminibus
1084 2544 1255 2578 Alberico
1276 2545 1443 2590 objectis,
1465 2548 1600 2593 quique
1626 2560 1735 2594 supra
1760 2555 1921 2582 nostram
1943 2547 2215 2581 ordinacionem
2235 2556 2347 2579 vene-

480 2615 575 2649 runt,
602 2610 701 2652 juxta
731 2608 952 2653 condignum
983 2610 1117 2654 puniri,
1148 2618 1353 2656 protestans
1383 2614 1481 2658 quod
1511 2627 1584 2647 non
1615 2615 1828 2649 intendebat
1856 2615 2049 2660 quicquam
2074 2619 2198 2659 petere
2218 2617 2279 2645 aut
2303 2610 2348 2644 ad

480 2674 616 2719 aliquid
651 2674 873 2718 respondere
907 2676 1052 2708 nomine
1092 2677 1255 2711 nacionis
1289 2679 1346 2712 vel
1381 2681 1528 2725 majoris
1569 2682 1681 2726 partis
1720 2682 1884 2715 nacionis
1918 2681 2086 2725 alicujus,
2127 2678 2193 2712 sed
2228 2677 2346 2711 solum

483 2740 628 2773 nomine
667 2740 905 2784 singularium
945 2753 1194 2785 personarum.
1240 2745 1411 2778 Finaliter
1448 2759 1535 2780 vero
1579 2747 1723 2793 petebat
1765 2760 1848 2793 pars
1891 2746 2055 2793 quelibet
2097 2744 2168 2779 sibi
2210 2750 2346 2789 partem

482 2807 668 2840 adversam
690 2806 727 2838 in
748 2805 845 2838 mille
871 2806 981 2839 libras
1007 2808 1197 2852 parisiens.
1225 2822 1465 2856 expensarum
1492 2815 1638 2847 nomine
1659 2814 1933 2860 condempnari,
1954 2812 2171 2858 quibusdam
2198 2810 2350 2856 peticio-

484 2873 591 2906 nibus
612 2872 744 2905 additis
765 2884 834 2916 que
855 2872 892 2904 in
913 2873 1164 2917 superioribus
1186 2888 1358 2921 expresse
1378 2879 1435 2912 vel
1456 2891 1498 2912 ex
1519 2881 1788 2926 consequencia
1807 2880 2056 2914 includuntur.

572 2940 676 2972 Facta
709 2945 826 2971 autem
861 2938 944 2970 hinc
978 2939 1062 2972 inde
1097 2941 1198 2985 copia
1229 2943 1273 2975 de
1303 2945 1473 2978 omnibus
1502 2946 1546 2979 ab
1576 2947 1667 2992 ipsis
1697 2947 1861 2993 partibus
1891 2946 2062 2980 exhibitis
2091 2956 2209 2978 coram
2241 2943 2349 2977 nobis
