2580 3528
477 394 542 426 274
1058 397 1375 422 ciiAn'rULAniun
1411 395 1602 418 uuivnns.
1640 392 1768 415 lunis.
2247 381 2347 423 [1254

478 477 630 510 Sanctus
657 476 795 520 accepit
823 474 959 519 aliquid
987 473 1030 506 ab
1060 472 1227 512 ecclesia,
1258 471 1349 503 sicut
1385 469 1553 503 Christus
1588 468 1624 499 in
1655 473 1827 511 quantum
1858 465 1968 499 homo
1995 466 2134 511 accepit
2161 465 2298 510 aliquid
2328 478 2345 498 a

478 543 612 588 Spiritu
634 543 775 576 Sancto.

568 610 619 641 De
639 614 768 653 quarto
787 607 880 640 libro
903 607 1064 651 ejusdem
1089 604 1199 649 partis
1221 604 1255 635 in
1277 603 1392 648 primo
1413 607 1563 634 tractatu
1585 600 1657 633 duo
1678 610 1824 632 errores
1845 598 1982 632 extrahi
2002 604 2169 644 possunt.

567 675 734 708 Primus³‘
756 681 810 706 est
835 673 993 706 studium
1016 669 1279 704 enumerandi³⁵
1300 675 1335 702 et.
1357 666 1604 701 concordandi
1629 665 1794 699 carnales
1819 665 2074 711 genealogias,
2102 676 2173 710 que
2189 665 2348 710 'fuerunt
2391 663 2393 665 ’

474 742 515 774 'in
542 742 658 786 primo
684 747 775 773 statu
804 739 940 779 mundi,
970 744 1005 770 et
1034 736 1241 781 spirituales
1270 736 1413 767 status³⁶
1439 733 1591 766 secundi
1625 732 1751 765 mundi
1781 738 1905 765 contra
1932 731 2136 777 apostolum
2165 731 2343 765 dicentem

478 808 595 852 primo
622 807 665 840 ad
691 805 957 845 Thimotheuin,
988 806 1003 836 1
1033 816 1038 836 :
1072 818 1087 833 «
1118 802 1254 847 Rogavi
1284 808 1317 834 te
1350 807 1389 833 ut.
1418 799 1654 833 denuntiares
1683 798 1916 844 quibusdam,
1948 810 1994 831 ne
2024 798 2128 831 aliter
2158 798 2345 840 docerent,

478 886 595 918 neque
630 872 860 905 intenderent
886 870 1017 903 sabulis
1048 876 1079 901 et
1111 867 1339 913 genealogiis
1368 866 1624 908 interminatis,
1653 877 1724 911 que
1757 866 1972 911 questiones
2001 865 2118 910 magis
2148 865 2347 910 prestant³⁷

479 952 581 984 quam
605 938 881 971 edificationem.
906 950 922 967 ›>

566 1004 755 1037 Secundus
777 1010 832 1035 est
851 1002 1009 1035 studium
1031 1000 1312 1033 inanifestandi³⁸
1333 1006 1513 1032 momenta
1533 1005 1640 1044 atque
1661 1005 1823 1044 tempora
1844 1010 1969 1031 eorum
1995 1008 2066 1043 que
2093 997 2290 1031 evenient⁸⁹
2308 997 2346 1030 in

476 1071 637 1104 secundo
667 1077 760 1103 statu
790 1069 915 1102 mundi
943 1080 1008 1113 per
1036 1080 1076 1100 ea
1104 1079 1174 1112 que
1201 1073 1403 1100 evenerunt
1431 1067 1468 1099 in
1498 1067 1615 1112 primo
1641 1072 1735 1099 statu
1761 1065 1927 1107 mundi⁴⁰,
1954 1071 2079 1098 contra
2111 1064 2202 1097 illud
2231 1065 2345 1098 Actus

476 1138 591 1183 primo
606 1150 613 1170 :
633 1151 649 1167 «
663 1138 741 1169 Non
759 1143 814 1169 est
828 1142 989 1168 vestrum
1006 1146 1159 1167 noscere
1176 1141 1337 1179 tempora
1353 1133 1411 1167 vel
1427 1140 1622 1175 momenta,
1640 1144 1710 1178 que
1727 1134 1832 1166 Pater
1848 1132 1972 1177 posuit
1987 1132 2024 1164 in
2041 1142 2105 1165 sua
2122 1137 2312 1177 potestate.
2328 1144 2344 1162 »

563 1204 602 1235 In
623 1202 784 1235 secundo
806 1201 969 1246 ejusdem
989 1200 1073 1233 libri
1093 1206 1243 1233 tractatu
1265 1200 1338 1233 duo
1359 1211 1504 1233 errores
1525 1199 1800 1233 inveniuntur⁴¹.

562 1270 703 1302 Primus
724 1275 790 1307 est,
814 1268 910 1313 quod
932 1267 1101 1301 Christus
1122 1274 1157 1300 et
1176 1267 1290 1300 sancti
1311 1266 1466 1312 apostoli
1488 1267 1567 1312 ejus
1589 1278 1662 1299 non
1682 1267 1830 1299 suerunt
1850 1265 2000 1311 perfecti
2025 1265 2063 1298 in
2087 1265 2159 1298 vita
2184 1271 2346 1297 contem-

472 1336 614 1381 plativa.

527 1422 529 1424 -
561 1402 779 1435 Secundus⁴²
805 1408 872 1442 cst,
900 1401 996 1446 quod
1022 1400 1135 1434 activa
1159 1401 1230 1434 vita
1258 1412 1375 1446 usque
1400 1400 1444 1433 ad
1473 1407 1616 1446 teinpus
1641 1399 1803 1433 Joaehim
1827 1400 2014 1432 fructuosa
2039 1398 2118 1440 fuit,
2142 1397 2207 1431 sed
2235 1396 2344 1430 modo

471 1481 543 1502 non
571 1475 626 1502 est
649 1469 878 1509 fructuosa⁴³3
900 1467 1176 1512 contemplativa
1201 1478 1288 1500 vero
1314 1467 1358 1500 ab
1383 1467 1463 1512 ipso
1490 1466 1680 1500 Joachim⁴⁴
1700 1466 1918 1499 fructificare
1944 1465 2052 1511 cepit,
2086 1471 2122 1498 et
2150 1463 2280 1497 amodo
2306 1464 2344 1497 in

472 1536 641 1580 perfectis
669 1534 947 1568 successoribus
967 1534 1074 1567 suis⁴⁵
1094 1534 1291 1579 perfectius
1318 1533 1486 1567 manebit.
1509 1554 1553 1559 —
1579 1535 1624 1567 Et
1646 1545 1711 1578 per
1734 1533 1803 1566 hoc
1828 1533 1933 1566 datur
1953 1531 2110 1577 intelligi
2132 1531 2231 1576 quod
2251 1530 2342 1564 ordo

471 1602 725 1643 clericorum⁴⁶,
752 1602 795 1635 ad
821 1613 913 1646 quos
938 1601 1095 1646 pertinet
1119 1601 1231 1634 activa
1256 1601 1340 1643 vita,
1373 1601 1503 1634 amodo
1529 1613 1602 1634 non
1627 1599 1860 1633 fructificabit
1882 1599 1919 1632 in
1946 1598 2177 1632 edificatione
2201 1603 2238 1631 et
2256 1586 2344 1630 con-

471 1670 674 1703 servatione
701 1668 867 1710 ecclesie,
890 1680 955 1701 nec
982 1668 1129 1701 omnino
1155 1668 1191 1700 in
1218 1668 1410 1713 regimine,
1433 1668 1498 1701 sed
1524 1668 1614 1700 ordo
1640 1666 1901 1700 monachorum
1927 1665 2058 1699 amodo
2078 1665 2115 1698 in
2136 1664 2193 1698 his
2217 1663 2343 1703 frueti-

470 1736 601 1769 ficabit.

559 1804 610 1835 Dc
639 1803 761 1847 quinto
791 1802 884 1835 libro
920 1802 1082 1846 ejusdem
1116 1802 1240 1847 partis.
1275 1803 1315 1834 In
1350 1808 1499 1835 tractatu
1528 1800 1570 1835 de
1602 1806 1732 1845 septem
1763 1799 1886 1834 diebus
1918 1799 2155 1832 inveniuntur
2188 1804 2343 1843 quatuor

468 1870 571 1903 valde
593 1876 760 1914 suspecta
782 1876 814 1901 et
837 1869 1033 1914 diligenter
1054 1852 1301 1901 examinanda.

557 1936 713 1968 Primum
742 1942 795 1968 est
821 1935 918 1980 quod
942 1935 1074 1980 aliquis
1102 1935 1146 1968 de
1173 1935 1301 1968 ordine
1327 1935 1585 1980 religiosorum
1606 1935 1751 1968 futurus
1773 1940 1840 1975 est,
1863 1933 1925 1978 qui
1947 1932 2150 1978 preferetur
2170 1930 2343 1964 omnibus

470 2001 660 2035 ordinibus
681 2002 855 2047 dignitate
877 2008 911 2034 et
931 2001 1060 2046 gloria,
1082 2001 1119 2034 in
1140 2013 1212 2046 quo
1234 2001 1444 2047 implebitur
1465 2001 1661 2047 promissio
1686 2000 1842 2046 psalmi⁴⁷
1863 1998 2019 2032 dicentis
2042 2010 2049 2031 :
2074 2013 2090 2029 «
2114 1999 2157 2031 Et
2177 1997 2342 2031 domina-

469 2069 566 2102 bitur
585 2081 603 2101 a
625 2069 712 2101 mari
734 2080 849 2113 usque
870 2068 913 2101 ad
935 2070 1060 2101 marest
1082 2083 1112 2110 »,
1134 2074 1198 2102 etc.

558 2136 762 2168 Secundum
793 2142 860 2176 est,
887 2135 983 2180 quod
1010 2135 1071 2168 ille
1097 2135 1199 2177 ordo,
1227 2136 1264 2168 in
1294 2148 1365 2180 quo
1397 2135 1607 2181 implebitur
1633 2135 1793 2180 predicta
1820 2132 2018 2179 promissio
2047 2130 2217 2177 psalmi‘⁹,
2254 2137 2341 2164 tunc·

467 2202 722 2235 convalescet⁵⁰
753 2202 897 2246 quando
927 2201 1017 2234 ordo
1051 2202 1267 2235 clericorum
1296 2185 1440 2235 desinet
1468 2214 1609 2248 parere,
1647 2222 1691 2227 —
1723 2201 1811 2246 qui⁵¹
1838 2207 1974 2246 partus,
2007 2197 2209 2232 secundum
2241 2196 2340 2242 quod

467 2269 582 2301 credit
601 2269 768 2310 ecclesia,
791 2280 861 2301 non
884 2268 1042 2301 cessabit
1062 2281 1178 2314 usque
1199 2269 1243 2302 ad
1266 2275 1407 2314 tempus
1427 2269 1642 2303 antichristi.

555 2336 714 2368 Tertium
744 2341 810 2376 est,
833 2335 930 2379 quod
959 2335 1048 2367 ordo
1076 2335 1307 2380 parvulorum
1334 2336 1430 2369 erit⁵'
1457 2335 1518 2368 ille
1545 2336 1635 2369 ordo
1665 2335 1702 2368 in
1730 2347 1802 2380 quo
1830 2333 2043 2379 implebitur
2069 2330 2230 2376 predicta
2254 2338 2341 2375 pro-

467 2402 591 2435 missio
615 2401 780 2446 psalmi⁵³.

555 2470 727 2510 Quartum
762 2475 830 2509 est,
856 2468 953 2512 quod
988 2468 1081 2501 sicut
1115 2468 1151 2500 in
1187 2469 1303 2513 primo
1338 2476 1431 2502 statu
1460 2470 1694 2502 commissum
1725 2469 1792 2501 fuit
1819 2479 1972 2513 regnum
2002 2465 2113 2499 totius
2139 2463 2294 2497 ecclesie
2319 2471 2338 2495 a

467 2536 567 2567 Patre
588 2534 770 2578 aliquibus
791 2535 835 2567 de
856 2535 984 2567 ordine
1005 2535 1294 2580 conjugatorum,
1318 2536 1354 2568 in
1380 2548 1452 2580 quo
1479 2536 1719 2569 auctorizatus
1746 2537 1828 2569 est⁵⁴
1853 2534 1915 2567 ille
1936 2533 2040 2572 ordo,
2062 2536 2098 2565 et
2117 2531 2154 2563 in
2174 2528 2338 2564 secundo

467 2607 559 2633 statu
587 2601 818 2633 commissum
846 2608 901 2633 est
925 2614 943 2633 a
969 2601 1060 2634 Filio
1085 2601 1268 2646 aliquibus
1294 2603 1339 2635 de
1367 2603 1495 2636 ordine
1522 2603 1752 2643 clericorum,
1775 2602 1811 2634 in
1837 2613 1908 2646 quo
1935 2599 1979 2633 ab
2004 2599 2085 2644 ipso
2111 2595 2336 2643 glorifica-tus

468 2673 523 2698 est
543 2666 602 2698 ille
623 2666 726 2707 ordo,
749 2666 799 2698 sic
824 2667 860 2698 in
886 2667 991 2699 tertio
1018 2674 1110 2700 statu
1136 2669 1380 2702 committetur
1400 2669 1507 2702 alicui
1532 2669 1590 2702 vel
1615 2668 1799 2714 aliquibus
1819 2668 1864 2700 de
1885 2666 2014 2699 ordine
2036 2662 2296 2697 monachorum
2318 2673 2336 2695 a

468 2732 601 2776 Spiritu
624 2733 765 2772 Sancto,
788 2732 824 2764 in
845 2744 916 2776 quo
937 2732 980 2764 ab
1002 2733 1082 2777 ipso
1104 2734 1239 2778 Spiritu
1261 2734 1322 2767 ille
1344 2735 1434 2768 ordo
1455 2734 1724 2768 clarificabitur.

555 2800 642 2830 Item
668 2798 705 2830 in
730 2798 856 2830 eodem
883 2799 1008 2843 quinto
1034 2799 1140 2840 libro,
1164 2800 1200 2833 in
1227 2807 1375 2834 tractatu
1401 2801 1443 2835 de
1465 2802 1606 2835 Jacoh⁵⁵
1639 2801 1823 2835 invenitur
1848 2810 1960 2832 unum
1986 2803 2213 2842 suspectum,
2234 2794 2337 2828 videa

466 2865 550 2897 licet
570 2864 666 2909 quod
687 2864 773 2896 isti⁶⁶
794 2864 855 2908 qui
882 2872 1033 2908 presunt
1056 2865 1223 2911 collegiis
1245 2867 1503 2901 monachorum
1520 2868 1651 2901 diebus
1672 2867 1765 2909 istis,
1783 2866 1944 2912 cogitare
1965 2864 2100 2898 debent
2120 2863 2164 2895 de
2185 2869 2334 2895 recessu

465 2944 481 2963 a
504 2930 730 2963 secularibus
752 2937 783 2962 et
807 2942 930 2974 parare
951 2943 989 2963 se
1011 2932 1053 2964 ad
1075 2932 1300 2966 redeundum
1323 2935 1366 2966 ad
1387 2935 1572 2980 antiquum
1595 2934 1767 2980 populum
1789 2933 2001 2966 Judeorum.

588 2990 626 3012 35.
