2580 3528
267 401 363 442 1256]
603 412 651 434 AB
684 411 791 434 Asso
825 411 903 434 uec
936 411 1069 441 USQUE
1103 412 1152 434 An
1188 412 1419 435 PHILIPPUM
1453 413 1494 435 xv
1527 414 1616 436 nro.
1653 414 1789 437 rame.
2070 407 2134 441 317

262 484 383 514 Bacenis,
398 485 440 509 ed.
455 484 570 514 Brewer,
585 493 612 517 p.
629 485 668 513 92,
684 488 710 509 et
723 485 757 508 ab
772 485 823 509 isto
840 488 959 517 tempore
972 493 1066 509 nomen
1087 486 1225 518 Vulgatae
1238 494 1317 509 usum
1331 486 1453 510 obtinuit.
1467 486 1556 510 Biblia
1570 487 1728 511 Parisiensis
1741 496 1802 511 vero
1818 488 1915 512 diffusa
1929 493 1969 512 est
1982 498 2033 513 non
2050 491 2135 514 solum

262 537 323 553 cum
335 529 458 553 omnibus
479 529 624 558 erroribus,
640 529 737 561 quihus
748 529 805 561 jam
819 529 895 562 prius
911 530 1038 557 scatebat,
1055 530 1101 554 sed
1118 530 1199 554 etiam
1213 538 1274 554 cum
1288 530 1363 554 novis
1382 539 1431 562 per
1447 530 1577 554 incuriam
1591 531 1776 563 theologorum
1789 535 1814 556 et
1829 533 2043 557 stationariorum
2059 535 2134 558 Pari-

261 572 341 597 εἰσιν.
355 572 522 602 introductis,
537 576 604 598 teste
617 574 719 606 Rogero
734 573 836 598 Bacone
851 574 982 598 scribente
998 582 1004 598 z
1022 583 1035 598 «
1052 574 1128 598 Circa
1142 574 1319 606 quadraginta
1333 583 1416 598 annos
1430 574 1501 607 [ante
1516 583 1558 598 an.
1580 575 1652 607 1230]
1666 576 1742 599 multi
1758 576 1873 608 theologi
1889 576 1985 600 infiniti
2002 581 2027 601 et
2042 578 2135 602 statio—

260 617 328 641 mii
343 617 462 642 Parisino
480 626 577 650 parum
590 618 709 642 videntes
724 618 774 642 hoc
790 621 989 650 proposuerunt
1009 619 1153 650 exemplar,
1174 619 1220 651 qui
1233 618 1405 651 [stationarii]
1421 627 1481 642 cum
1500 619 1619 643 illiterati
1640 620 1737 644 fuerint
1756 623 1782 643 ct
1800 621 1912 649 uxorati,
1931 630 1982 644 non
2002 626 2134 651 curantes,

259 669 307 687 nec
321 661 433 686 scientes
448 669 541 686 curare
555 663 588 686 de
601 662 712 687 veritate
726 665 812 686 textus
831 662 900 686 sacri
914 666 1113 695 proposuerunt
1127 663 1290 695 exemplaria
1304 663 1488 692 vitiosissima,
1507 667 1532 688 et
1546 664 1689 696 scriptores
1706 664 1802 688 infiniti
1821 665 1980 689 addiderunt
1994 666 2027 689 ud
2043 675 2135 690 corru-

258 705 376 737 ptionem
394 706 492 730 multas
511 706 670 730 mutationes
686 714 708 736 r,
729 711 779 732 etc.
801 707 878 739 Opus
897 707 1014 736 minus„
1031 708 1071 731 ed.
1088 708 1204 736 Brewer,
1225 708 1252 731 in
1273 708 1340 739 Opp.
1359 708 1445 737 inea„
1465 717 1491 740 p.
1509 709 1563 732 333.
1584 709 1689 732 Fratres
1710 709 1918 738 Praedicatores,
1939 710 2135 742 corruptionem

258 753 344 774 textus
361 750 431 774 sacri
444 751 645 783 perspicientes,
659 751 711 775 into
725 754 844 784 tempore
864 751 946 783 primi
966 752 1083 775 omnium
1108 752 1222 776 Bibliam
1243 752 1421 776 Purisiensem
1444 753 1577 784 corrigere
1598 753 1684 777 conati
1707 757 1777 782 sunt,
1798 757 1824 777 et
1842 754 1995 785 Capitulum
2013 756 2136 786 generale

258 794 368 818 Parisiis
383 802 426 819 an.
442 795 504 819 1236
517 795 680 819 celebratum
694 795 788 820 statuit
802 804 808 819 :
826 804 839 820 (ι
854 796 983 820 Volumus
998 799 1024 820 et
1038 797 1205 825 mundamus,
1221 800 1250 820 ut
1269 797 1414 820 secundum
1428 797 1628 827 correctionem,
1643 805 1723 829 quam
1739 797 1838 821 faciunt
1853 799 1958 827 fratres,
1974 798 2071 830 quibus
2086 799 2135 823 hoc

257 838 406 871 injungitur
419 839 447 863 in
466 839 603 871 provincia
622 840 741 869 Francie,
761 840 811 864 ulie
830 840 913 864 biblie
932 841 1033 864 ordinis
1053 841 1222 873 corrigantur
1240 844 1266 865 et
1284 844 1444 873 punctentur
1459 850 1481 865 ».
1498 842 1546 865 Me.
1569 842 1709 866 Rutenens.
1732 843 1866 872 (Mai-tene,
1887 843 1929 870 lv,
1953 843 2022 872 1676,
2045 848 2074 867 n⁰
2095 845 2134 872 34,

258 883 401 914 mendose).
416 884 554 908 Nescimus
569 893 621 916 quo
635 892 704 908 anno
724 885 819 909 fratres
833 885 902 908 hanc
915 885 1106 909 correctionem
1120 885 1296 918 incoeperint;
1313 886 1383 910 haud
1399 886 1479 909 dubie
1493 889 1581 910 tumen
1595 890 1753 910 conventum
1768 887 1833 912 Ord.
1848 887 1940 911 Praed.
1958 888 2135 912 Senonensem

257 926 415 952 incolebant.
435 928 518 952 latam
536 928 734 957 correctionem,
755 937 834 961 quam
853 932 946 961 postea
968 931 1045 955 Corr-
1066 930 1181 958 Senon..
1203 930 1244 954 vel
1260 930 1417 962 simpliciter
1436 930 1538 956 Senon.
1558 931 1770 960 nominaverunt,
1791 935 1820 955 ut
1839 931 1926 955 minus
1950 932 2134 961 sufficientem,

258 971 322 1004 Cep.
342 980 402 1004 gen.
416 980 459 996 un.
478 973 541 996 1256
554 973 703 1005 abrogavit.
719 973 755 997 De
770 981 822 1005 quo
837 974 956 1006 Rogerus
972 973 1041 998 Baco
1057 982 1063 998 z
1084 983 1096 998 ε(
1112 974 1178 998 Cum
1198 974 1232 998 ud
1253 974 1392 998 duodecim
1412 983 1495 998 annos
1514 974 1712 999 Praedicatores
1732 976 1892 1008 redegerunt
1905 977 2094 1000 correctionem
2107 976 2134 1000 in

257 1016 408 1048 seripturis,
424 1017 481 1049 jam
495 1020 623 1041 venerunt
641 1017 696 1047 alii,
712 1021 738 1042 et
753 1026 848 1042 novum
869 1018 1060 1043 ordinaverunt
1073 1019 1271 1048 correctionem,
1287 1027 1337 1051 que
1355 1019 1470 1043 continet
1484 1019 1545 1051 plus
1561 1020 1700 1044 medietate
1715 1020 1794 1044 unius
1813 1020 1908 1050 hiblie;
1924 1024 1950 1044 et
1969 1021 2030 1053 quin
2046 1022 2136 1046 vident

257 1069 285 1085 se
298 1069 403 1085 errasse
419 1061 446 1085 in
461 1061 570 1094 antiqua
584 1062 754 1091 correctione,
767 1062 823 1094 jam
838 1063 956 1087 fecerunt
970 1066 1078 1092 statuta,
1095 1063 1165 1095 quod
1179 1063 1268 1087 nullus
1284 1063 1308 1087 ei
1322 1064 1449 1087 adhereat
1463 1072 1486 1088 u.
1504 1064 1551 1095 Op.
1568 1065 1646 1094 mvl,
1662 1065 1704 1088 cd.
1719 1065 1796 1094 Jebb,
1812 1074 1839 1097 p.
1855 1066 1895 1089 119.
1911 1065 1950 1089 Cf.
1969 1066 2044 1096 Opus
2056 1070 2128 1095 tert,

255 1105 297 1130 ed.
313 1105 428 1135 Brewer,
443 1114 470 1138 p.
483 1107 523 1130 94.
540 1106 578 1130 Ab
592 1106 645 1131 ieta
659 1107 828 1135 correctione,
844 1115 924 1139 quam
939 1107 1057 1132 invenire
1069 1116 1120 1131 non
1135 1108 1280 1140 potuimus,
1299 1108 1404 1132 diversa
1421 1111 1462 1132 est
1478 1109 1611 1134 correctio
1625 1109 1800 1134 parisiensis
1816 1109 1978 1135 Cardinalis
1991 1110 2132 1141 Huyonis,

255 1150 441 1182 compendio-e
455 1150 483 1174 in
497 1154 555 1174 octo
570 1159 635 1176 mss.
655 1151 732 1175 nohis
747 1151 817 1175 notis
832 1155 997 1181 conservata,
1013 1155 1040 1176 et
1058 1152 1119 1181 ulia,
1140 1152 1231 1184 utique
1250 1152 1474 1181 Praedicator-um,
1491 1153 1518 1176 in
1537 1156 1651 1185 quatuor
1665 1154 1845 1178 voluminibus
1869 1154 1938 1178 Bibl.
1959 1158 2012 1178 nat.
2036 1155 2131 1184 Paris„

256 1202 320 1218 mss.
335 1194 382 1218 let.
399 1195 573 1224 16719-16722,
589 1198 720 1224 contenta,
738 1204 805 1228 quae
819 1199 906 1220 tamen
920 1196 1038 1228 plurima
1049 1205 1080 1220 ex
1094 1198 1265 1221 correctione
1279 1196 1438 1222 senonensi
1451 1197 1609 1229 desumpsit.

253 1399 366 1438 279.
388 1409 561 1436 Humbertus
576 1410 714 1444 magister·
726 1409 793 1436 ord.
810 1409 916 1436 Praed.
929 1410 1072 1444 fratribus
1088 1411 1136 1437 sui
1151 1410 1268 1437 Ordinis
1282 1410 1319 1437 de
1332 1411 1485 1447 fratribus,
1503 1412 1553 1447 qui
1567 1411 1684 1447 linguas
1700 1412 1855 1439 orientales
1870 1413 2034 1450 addiscunt,
2053 1418 2080 1441 et
2094 1414 2130 1442 de

339 1458 540 1496 persecutione
553 1458 724 1494 Parisiensi,
734 1459 799 1494 jam
814 1458 1002 1495 aliquatenus
1018 1463 1187 1496 temperata.

1440 1527 1516 1558 1256,
1531 1528 1614 1554 medio
1628 1528 1710 1558 dum'0,
1726 1529 1841 1555 Parisiis.

340 1608 492 1642 Dilectis
521 1609 558 1642 in
590 1609 657 1642 Dei
683 1609 774 1642 Filio
801 1609 973 1643 fratribus
1000 1609 1295 1643 predicatoribus
1321 1610 1505 1644 universis
1528 1611 1572 1644 fr.
1599 1611 1822 1645 Humhertus
1848 1624 1974 1646 eorum
1999 1625 2128 1647 servus

249 1674 391 1709 inutilis
420 1674 573 1709 salutem
603 1681 639 1708 et
666 1675 840 1721 gaudium
871 1676 909 1708 in
937 1676 1068 1710 Sancto
1101 1676 1250 1722 Spiritu.
1281 1677 1455 1722 Imposita
1487 1677 1674 1723 fragilitati
1705 1690 1783 1711 mee
1817 1690 1903 1712 cura
1938 1680 2128 1725 regiminis

248 1741 448 1775 animarum
468 1747 668 1775 vestrarum
691 1742 856 1788 requirit,
874 1749 914 1775 ut
933 1754 1007 1775 non
1029 1742 1147 1776 solum
1169 1749 1317 1788 paterna
1338 1743 1587 1777 sollicitudine
1602 1756 1669 1778 vos
1689 1744 1734 1778 ad
1754 1745 1904 1778 meliora
1926 1746 2128 1791 provehere

250 1808 386 1842 sanctis
412 1807 726 1842 exhortationibus
753 1809 931 1851 studeam,
954 1809 1021 1842 sed
1039 1809 1076 1842 in
1097 1809 1227 1843 affectu
1252 1816 1416 1843 materno
1435 1809 1542 1844 vobis
1563 1811 1747 1844 intendam
1769 1823 1835 1857 pro
1856 1819 2020 1858 tempore
2041 1825 2128 1847 con-

247 1874 424 1916 solandis,
442 1881 482 1908 ut
497 1874 648 1920 spiritus
668 1875 780 1909 vestri
800 1875 837 1908 in
858 1875 1015 1909 Domino
1032 1876 1225 1910 confortati
1245 1876 1289 1909 ad
1310 1876 1429 1910 omnia
1450 1877 1664 1911 sustinenda
1685 1889 1724 1911 se
1746 1878 1922 1924 recipiant
1941 1879 2124 1914 fortiores.

247 1940 339 1974 Hinc
364 1947 432 1983 est,
453 1941 646 1983 carissimi,
669 1941 767 1987 quod
792 1941 1078 1976 sollicitudinem
1105 1954 1248 1976 omnem
1275 1954 1410 1988 gerens
1435 1943 1542 1977 vobis
1567 1944 1612 1977 de
1636 1945 1820 1978 communi
1847 1952 1967 1979 vestra
1994 1958 2126 1980 conso-

246 2006 381 2042 latione
401 2007 556 2053 quedam
577 2008 683 2042 etiam
705 2008 750 2041 de
770 2009 936 2054 profectu
957 2008 1099 2043 ordinis
1120 2015 1156 2043 et
1175 2009 1375 2043 animarum
1401 2009 1531 2052 salute,
1554 2023 1624 2056 que
1649 2010 1756 2044 michi
1784 2012 1965 2046 notificata
1993 2025 2124 2059 magno

247 2073 349 2107 suere
378 2073 522 2116 solatio,
542 2074 600 2108 vel
624 2074 855 2108 innotescere
882 2074 1034 2121 dignum
1059 2075 1147 2118 dixi,
1170 2082 1209 2110 ut
1233 2082 1269 2109 et
1291 2088 1358 2111 vos
1384 2088 1525 2110 mecum
1549 2077 1586 2110 in
1608 2077 1763 2111 Domino
1784 2078 1986 2124 gaudeatis.
2016 2081 2122 2123 Ecce,

247 2139 491 2182 dilectissimi,
507 2140 603 2174 sicut
620 2140 664 2174 ad
685 2147 845 2174 nostram
866 2141 1014 2175 devenit
1033 2142 1196 2175 notitiam
1218 2154 1283 2188 per
1298 2142 1519 2188 multiplices
1539 2143 1678 2177 litteras
1699 2144 1895 2178 multorum
1917 2147 2123 2180 narratione

246 2205 420 2247 veridica,
440 2206 569 2240 fratres
594 2218 659 2252 per
679 2206 804 2240 orbem
826 2208 900 2253 jam
928 2207 1215 2254 multiplicantur
1240 2216 1310 2254 per‘
1329 2209 1481 2255 gratiam
1507 2210 1587 2255 ejus
1612 2210 1674 2255 qui
1700 2222 1765 2244 eos
1790 2212 1943 2254 vocavit,
1972 2218 2008 2245 et
2032 2213 2122 2246 mire

246 2270 442 2317 proficiunt
460 2283 579 2306 coram
601 2273 678 2306 Deo
699 2279 735 2307 et
752 2272 979 2316 hominibus,
1007 2281 1044 2307 et
1067 2274 1223 2308 fructum
1253 2286 1358 2320 quam
1388 2274 1584 2320 plurimum
1614 2276 1651 2309 in
1677 2276 1758 2310 aliis
1783 2277 1932 2318 faciunt,
1959 2278 2021 2323 qui
2047 2291 2120 2312 non

246 2337 359 2383 parvi,
394 2337 460 2371 sed
489 2350 664 2372 numerus
698 2345 794 2372 tante
829 2327 1074 2374 multitudinis
1103 2340 1191 2374 satis
1221 2352 1371 2386 paucam
1404 2341 1589 2375 materiam
1619 2342 1786 2387 gravium
1815 2343 2119 2389 corrigendorum

245 2414 461 2437 excessuum
487 2403 594 2438 nobis
622 2404 660 2438 in
690 2416 806 2450 nuper
832 2405 990 2451 capitulo
1017 2406 1205 2452 preterito,
1235 2406 1465 2440 ministravit.
1494 2407 1585 2450 Quis
1614 2414 1732 2441 autem
1764 2408 1871 2454 plene
1901 2411 2121 2456 exprimeret

244 2476 379 2515 quanto
413 2469 668 2504 benevolentie
701 2470 824 2505 favore
859 2471 1025 2505 ordinem
1056 2477 1222 2505 nostrum
1257 2478 1293 2506 et
1326 2484 1394 2506 nos
1429 2473 1491 2518 qui
1525 2480 1663 2507 stamus
1692 2474 1729 2507 in
1759 2482 1881 2509 sancta
1914 2477 2119 2521 vocatione,

244 2541 367 2570 sancta
398 2547 544 2570 romana
577 2537 814 2582 prosequitur
844 2536 1024 2571 ecclesia?
1056 2538 1196 2581 Quanta
1226 2537 1482 2572 benevolentia
1512 2539 1640 2585 prelati
1670 2541 1905 2587 quamplures
1937 2543 2119 2590 complec-

244 2603 390 2636 tantur?
415 2603 559 2646 Quanto
585 2603 833 2637 venerationis
862 2603 1003 2637 honore
1038 2615 1159 2650 reges,
1195 2604 1381 2650 principes
1408 2611 1444 2639 et
1469 2612 1669 2651 magnates,
1701 2614 1831 2653 quanta
1861 2609 2008 2644 caritate
2042 2611 2118 2645 sere

243 2679 371 2702 omnes
400 2668 567 2715 religiosi
596 2671 842 2716 pertractent?
869 2670 1045 2714 Quantam
1081 2670 1240 2716 denique
1274 2670 1506 2706 devotionem
1541 2672 1735 2707 exhibeant
1768 2673 1905 2720 ubique
1939 2682 2115 2711 terrarum

242 2734 368 2780 populi
397 2734 609 2769 christiani?
637 2737 750 2770 Porro
777 2737 882 2782 pauci
910 2736 963 2770 illi
997 2737 1214 2782 perditionis
1241 2737 1320 2780 filii,
1348 2738 1410 2783 qui
1438 2738 1638 2773 imitatores
1668 2746 1830 2786 apostate
1859 2742 1980 2788 angeli
2010 2755 2116 2778 suum

242 2799 477 2847 deliquerunt
500 2801 738 2844 domicilium,
765 2814 838 2836 non
863 2802 981 2837 solum
1007 2815 1088 2837 cum
1115 2815 1158 2838 eo
1184 2803 1330 2838 solvent
1357 2815 1469 2850 penas
1499 2811 1656 2848 eternas,
1683 2807 1748 2840 sed
1770 2807 1806 2841 in
1827 2809 1989 2854 presenti
2010 2810 2114 2844 etiam

243 2866 382 2909 seculo,
397 2867 498 2913 justo
518 2868 585 2902 Dei
601 2868 742 2914 judicio
763 2868 800 2903 in
821 2869 939 2903 oculis
959 2870 1121 2904 omnium
1142 2870 1310 2904 dolorum
1331 2870 1432 2905 initia
1454 2879 1710 2918 pregustantes
1735 2875 1874 2919 perfusi
1899 2876 2114 2910 confusione

242 2938 279 2967 et
297 2932 512 2980 ignominia,
527 2934 773 2970 miserabilem
789 2935 896 2970 vitam
918 2935 1176 2971 miserabiliori
1197 2936 1372 2971 claudunt
1391 2937 1502 2980 exitu,
1524 2938 1618 2973 sicut
1638 2947 1779 2974 constat
1797 2940 1902 2975 vobis
1924 2954 1989 2987 per
2008 2954 2114 2977 casus
