2618 3640
718 428 766 451 AB
800 428 1044 450 ALEXANDRO
1078 428 1127 450 111
1162 428 1296 456 USQUE
1330 428 1379 450 An
1412 428 1552 451 Annum
1586 429 1676 452 mcc.
2098 423 2141 456 47

254 533 338 572 47.
362 542 534 579 Stephanus,
552 542 704 578 episcopus
723 541 922 576 Tornapensi33
939 541 968 567 in
984 540 1108 577 epistola
1124 540 1165 566 ad
1183 541 1370 567 Octavianum
1389 541 1547 567 Ostiensem
1567 542 1732 578 episcopum
1752 546 1874 568 excusat
1893 543 2027 569 abbatem
2043 546 2142 570 Sancti

350 591 516 618 Germania
530 591 630 617 Pratis
650 589 688 616 ab
708 590 785 616 omni
803 589 890 627 culpa
909 590 1060 616 occasione
1079 590 1173 625 rixae,
1196 598 1272 626 quae
1287 590 1362 616 inter
1381 589 1508 616 hanzines
1530 592 1556 616 S.
1578 591 1712 618 Germani
1731 595 1759 617 et
1777 591 1926 618 scholares
1945 596 2022 618 mota
2038 597 2089 628 est,
2112 594 2141 619 in

290 640 298 649 ‘
347 649 406 677 qua
425 649 498 667 unus
513 639 689 666 scholarium
699 648 755 676 per
769 640 915 666 insaniam
931 639 1102 666 rusticorum
1117 638 1228 665 cecidit.

1423 689 1447 715 ι’.
1464 697 1503 715 an.
1522 689 1594 720 1192,
1609 689 1782 725 [Tor-mwl‘3]¹

346 779 388 812 In
422 778 553 812 timore
583 784 619 812 et
647 784 805 811 tremore
835 789 901 811 vos
931 783 968 810 et
995 776 1087 810 alios
1118 776 1290 810 dominos
1319 789 1422 810 meos
1451 778 1617 823 recogito
1647 784 1682 811 et
1713 785 1866 812 retracto
1897 778 2093 812 translatus
2122 791 2142 812 a

256 845 436 880 subsellio
457 845 501 879 ad
521 843 741 886 cathedram,
768 856 787 877 a
808 843 934 890 pusilli
954 843 1120 878 custodia
1140 844 1268 889 gregis
1289 844 1333 877 ad
1354 844 1534 890 populose
1559 845 1725 890 regimen
1751 845 1921 887 ecclesie,
1947 845 1991 878 ab
2012 845 2141 879 humili

256 919 351 947 statu
378 912 423 946 ad
452 911 580 945 altiora
609 924 715 957 quam
742 911 896 953 credidi,
925 923 1032 957 quam
1058 911 1189 952 merui,
1219 923 1325 956 quam
1354 912 1510 957 speravi.
1546 913 1591 945 Et
1617 911 1703 945 licet
1729 924 1795 958 pro
1823 925 1879 946 me
1907 925 2037 959 rogare
2068 925 2142 946 non

257 979 446 1021 sufficiam,
468 979 782 1012 commendatitias
804 990 933 1024 preces
953 978 1060 1012 vobis
1086 978 1236 1024 porrigo
1263 990 1328 1024 pro
1355 978 1483 1012 abbate
1506 979 1628 1013 Sancti
1649 979 1837 1022 Germani,
1858 980 1937 1014 viro
1957 980 2086 1013 humili
2107 987 2143 1014 et

256 1046 337 1080 utili
367 1045 523 1079 ecclesie
549 1057 628 1088 sue,
659 1046 765 1091 cujus
795 1057 905 1091 opera
935 1045 1030 1078 inter
1058 1045 1188 1078 fratres
1218 1057 1307 1078 suos
1332 1052 1368 1078 et
1397 1045 1632 1091 presentibus
1660 1046 1858 1092 proficiunt
1885 1047 1930 1080 ad
1955 1059 2076 1089 usum,
2107 1054 2143 1081 et

257 1113 416 1159 posteris
443 1113 487 1146 ad
514 1112 732 1158 exemplum.
762 1113 799 1146 Si
826 1113 908 1158 quis
935 1112 1112 1146 adversus
1140 1124 1223 1146 eum
1248 1113 1286 1145 in
1311 1113 1411 1146 curia
1436 1113 1575 1146 domini
1600 1125 1692 1159 pape
1717 1114 1873 1147 moverit
1896 1114 2140 1159 questionem,

257 1180 411 1213 maxime
431 1191 544 1225 super
563 1179 736 1212 memoria
758 1179 847 1221 rixe,
871 1191 941 1224 que
962 1179 1030 1212 hoc
1051 1191 1146 1212 anno
1167 1179 1263 1212 inter
1282 1179 1450 1213 homines
1473 1180 1592 1213 Sancti
1614 1181 1788 1214 Germani
1808 1187 1844 1214 et
1864 1181 2025 1214 scolares
2046 1188 2142 1215 mota

256 1253 324 1288 est,
350 1247 389 1279 in
414 1258 484 1292 qua
509 1253 545 1279 et
570 1258 667 1279 unus
696 1246 892 1279 scolarium
918 1258 983 1291 per
1013 1246 1190 1279 insaniam
1218 1246 1438 1279 rusticorum
1463 1247 1607 1289 cecidit,
1637 1247 1882 1281 excusabilem
1904 1247 2034 1281 habete
2060 1260 2143 1294 pre-

256 1313 393 1347 dictum
417 1313 549 1355 virum⁷
575 1312 638 1358 qui
663 1313 758 1346 sicut
780 1313 953 1346 immunis
979 1319 1035 1346 est
1053 1325 1072 1346 a
1097 1312 1215 1358 culpa,
1245 1319 1280 1346 et
1304 1313 1446 1346 alienus
1468 1313 1578 1347 debet
1598 1326 1680 1347 esse
1701 1314 1745 1347 ab
1767 1315 1911 1348 infamia
1937 1315 2013 1349 sive
2035 1327 2139 1361 pena.

255 1379 505 1413 Innocentiam
526 1391 627 1412 suam
649 1379 873 1413 sufficienter
893 1379 1063 1425 purgavit
1082 1391 1203 1412 coram
1225 1379 1374 1412 domino
1397 1380 1568 1414 Remensi
1595 1387 1631 1413 et
1651 1381 1883 1414 multitudine
1909 1381 2139 1424 clericorum,

255 1452 293 1480 et
310 1445 539 1492 fugientibus
558 1445 645 1488 illis,
668 1446 731 1491 qui
750 1445 988 1479 homicidium
1014 1452 1324 1492 perpetraverant,
1351 1458 1529 1480 accensus
1555 1447 1592 1480 in
1617 1447 1812 1481 vindictam
1839 1448 1969 1482 domos
1994 1448 2141 1482 illorum

255 1513 369 1547 diruit
401 1519 438 1546 et
469 1513 633 1547 vastavit.
669 1513 859 1547 Occurrite
894 1519 930 1546 et
963 1513 1165 1546 succurrite
1200 1513 1232 1546 si
1266 1525 1360 1559 opus
1394 1514 1502 1547 fuerit
1532 1514 1611 1548 viro
1640 1514 1842 1557 innocenti,
1878 1527 1923 1548 ne
1953 1516 2140 1549 veritatem

255 1579 394 1614 salsitas
418 1579 625 1623 absorbeat,
652 1580 881 1614 mendacium
907 1580 1123 1626 negocietur
1143 1579 1214 1614 sibi
1242 1580 1366 1623 fidem,
1392 1581 1486 1614 livor
1511 1581 1648 1615 invidie
1674 1581 1891 1627 religionem
1920 1589 2139 1628 corrumpat.

349 1678 475 1702 Biblioth.
491 1681 545 1703 nat.
561 1678 646 1702 Paris.
662 1687 711 1703 ms.
727 1679 773 1703 lat.
791 1679 861 1707 2923,
879 1679 923 1702 fol.
941 1678 1007 1703 152¹».
1020 1693 1052 1697 —-
1065 1678 1162 1710 Migne,
1178 1679 1291 1704 Patrol-
1308 1679 1367 1708 lat„
1382 1682 1446 1703 tom.
1463 1679 1548 1708 CCXI,
1565 1688 1606 1712 ep.
1624 1680 1678 1709 185,
1694 1689 1720 1712 p.
1737 1681 1791 1704 471.
1807 1694 1840 1698 —
1854 1680 1974 1712 Epistola
1989 1680 2089 1712 scripta
2104 1683 2144 1704 est

255 1723 336 1756 paulo
360 1726 422 1755 post
436 1723 577 1747 elationem
597 1723 724 1756 Stephani
744 1724 778 1747 ad
801 1723 954 1747 cathedram
973 1723 1176 1747 Tornacensem.
1198 1723 1327 1755 Loquitur
1346 1724 1389 1747 hic
1408 1724 1502 1756 procul
1522 1724 1603 1748 dubio
1623 1725 1655 1748 de
1674 1725 1753 1749 Prato
1774 1725 1799 1748 S.
1822 1725 1956 1753 Germani,
1977 1725 2058 1757 vulgo
2077 1725 2145 1750 Press

256 1768 422 1794 aux-Oleros
436 1768 515 1797 dicto,
531 1768 563 1792 de
582 1776 634 1800 quo
648 1768 728 1792 etiam
743 1768 840 1792 mentio
856 1769 886 1792 fit
905 1768 975 1792 infra
990 1768 1017 1792 in
1037 1769 1142 1792 decreto
1161 1768 1269 1793 Roherti
1288 1769 1361 1792 card.
1379 1777 1421 1792 an.
1444 1769 1513 1793 1215.
1536 1769 1574 1793 Cf.
1596 1770 1735 1799 Bouillart,
1757 1770 1883 1795 Histoire
1905 1771 1938 1795 de
1958 1771 2090 1802 I'Abbaye
2109 1772 2145 1795 de

257 1812 502 1842 saint-amin,
518 1821 544 1845 p.
554 1813 593 1837 92.
605 1813 731 1842 Felibien,
743 1813 864 1839 Histoire
872 1814 906 1838 de
917 1813 945 1839 la
956 1813 1026 1838 Ville
1038 1815 1071 1838 de
1079 1813 1176 1842 Paris,
1186 1814 1219 1842 11,
1230 1814 1346 1837 220-260.
1358 1813 1454 1839 Revue
1463 1814 1689 1846 arche‘oloyique,
1702 1815 1772 1843 1855,
1784 1814 1829 1838 liv.
1847 1816 1868 1839 7.
1881 1815 1969 1839 Abbns
1979 1816 2005 1839 S.
2017 1814 2142 1839 Germani

256 1860 319 1882 tnnc
333 1857 460 1890 temporis
475 1860 532 1881 erat
545 1858 588 1882 vel
602 1858 691 1887 Falco,
706 1858 752 1890 qui
766 1861 886 1882 mortuus
902 1861 942 1882 est
957 1859 971 1882 2
985 1858 1047 1882 Maii
1062 1858 1124 1882 anni
1139 1858 1209 1887 1192,
1226 1858 1276 1887 vel,
1294 1859 1365 1890 quod
1381 1859 1469 1882 minus
1485 1859 1639 1888 verisimile,
1655 1859 1712 1891 ejus
1729 1868 1867 1883 successor
1881 1860 2020 1884 Robcrtus.

256 2014 338 2053 48.
362 2024 526 2061 Stephanus
540 2025 728 2052 Tornacensis
743 2026 772 2052 in
787 2026 849 2052 suis
865 2025 971 2052 litteris
986 2025 1027 2052 ad
1037 2034 1149 2062 papam
1164 2026 1283 2053 directis
1298 2027 1483 2062 conqueritur
1497 2027 1611 2053 ruinam
1626 2026 1788 2053 studiorum
1803 2036 1954 2053 sacrarum
1970 2027 2141 2063 litterarum,

341 2073 420 2110 juris
434 2074 567 2100 canonici
581 2077 610 2101 et
623 2075 739 2110 artium,
757 2078 785 2101 et
799 2074 1011 2111 reprehendens
1022 2077 1215 2112 professores,
1234 2076 1419 2102 correctionis
1434 2076 1615 2112 apostolicae
1631 2085 1745 2102 manum
1761 2076 1907 2113 implorat.

1507 2153 1667 2182 1192-1203,
1683 2152 1702 2187 [
1706 2153 1830 2179 Tot-naci?
1829 2152 1856 2188 J.

348 2236 406 2270 Ad
443 2249 583 2283 papam.
625 2239 816 2284 Impetrata
854 2239 960 2272 venia
998 2239 1191 2285 loquamur
1225 2239 1269 2273 ad
1304 2240 1493 2274 dominum
1531 2247 1716 2283 nostrum,
1757 2242 1863 2286 cujus
1902 2241 2143 2275 mansuetudo

261 2309 421 2337 nostram
456 2304 608 2338 suscitat
638 2305 837 2347 audaciam,
877 2306 1070 2351 prudentia
1108 2306 1266 2340 sustinet
1299 2307 1529 2353 imperitiam,
1566 2308 1739 2353 patientia
1778 2307 1957 2353 promittit
1989 2308 2142 2353 impuni-

262 2375 381 2403 tatem.
418 2370 614 2416 Compellit
647 2370 731 2405 hinc
765 2383 833 2405 nos
867 2373 1043 2418 majorum
1078 2373 1288 2416 auctoritas,
1324 2374 1409 2407 inde
1444 2373 1595 2407 morbus
1629 2374 1799 2420 paulatim
1835 2386 2000 2420 serpens,
2037 2375 2142 2420 cujus

262 2435 429 2470 molestie
450 2437 482 2471 si
501 2449 575 2470 non
595 2438 799 2472 occurritur
823 2439 860 2472 in
886 2439 1025 2484 primis,
1053 2439 1267 2474 incurabilis
1293 2447 1349 2474 est
1373 2441 1410 2473 in
1431 2441 1615 2474 extremis.
1643 2442 1716 2474 Nec
1742 2440 1810 2474 hoc
1831 2441 2000 2483 dicimus,
2028 2447 2142 2487 pater,

262 2509 430 2549 tanquam
449 2503 606 2538 velimus
627 2516 710 2539 esse
730 2511 791 2538 aut
810 2517 951 2539 morum
972 2517 1161 2549 censores,
1182 2513 1244 2540 aut
1263 2507 1453 2540 doctorum
1469 2507 1628 2552 judices,
1652 2514 1713 2541 aut
1732 2507 1979 2541 doctrinarum
2001 2508 2143 2542 discus-

262 2581 389 2613 sores;
411 2571 582 2605 fortiores
603 2570 776 2605 humeros
797 2572 937 2606 sarcina
958 2572 1026 2606 ista
1047 2573 1213 2619 requirit,
1236 2579 1272 2606 et
1292 2573 1465 2607 robustos
1485 2573 1701 2607 athletarum
1722 2574 1965 2620 spiritualium
1987 2574 2143 2609 lacertos

262 2648 385 2683 pugna
405 2636 472 2671 hec
493 2644 668 2684 expectat.
691 2638 732 2672 Id
757 2645 908 2682 tantum,
935 2639 1033 2686 quod
1059 2639 1171 2682 dolet,
1197 2640 1406 2686 significare
1431 2640 1601 2675 volumus
1627 2647 1750 2675 sancte
1777 2641 1983 2687 paternitati
2008 2648 2143 2685 vestre,

263 2703 322 2737 eui
342 2704 441 2738 Deus
468 2704 623 2739 contulit
648 2711 684 2739 et
709 2712 925 2752 potestatem
951 2706 1175 2753 corripiendi
1202 2719 1361 2750 errores,
1390 2714 1425 2741 et
1451 2707 1638 2741 scientiam
1667 2708 1890 2755 corrigendi.
1919 2710 2032 2755 Lapsa
2061 2715 2146 2742 sunt

263 2770 359 2816 apud
380 2782 448 2805 nos
468 2771 506 2805 in
525 2772 754 2807 confusionis
779 2772 959 2807 officinam
985 2785 1168 2807 sacrarum
1190 2774 1309 2808 studia
1330 2774 1546 2817 litterarum,
1574 2775 1659 2808 dum
1682 2782 1717 2809 et
1738 2775 1909 2821 discipuli
1930 2775 2020 2809 solis
2042 2775 2145 2809 novi-

264 2836 399 2871 tatibus
419 2837 654 2884 applaudunt,
677 2846 713 2874 et
736 2840 901 2887 magistri
925 2840 1044 2887 glorie
1071 2841 1192 2887 potius
1218 2841 1410 2887 invigilant
1434 2853 1541 2887 quam
1563 2841 1741 2884 doctrine,
1770 2855 1883 2876 novas
1904 2849 2144 2888 recentesque

265 2903 466 2938 summulas
486 2911 522 2939 et
541 2906 798 2941 commentaria
824 2906 1000 2941 firmantia
1025 2919 1137 2954 super
1162 2907 1346 2955 theologia
1372 2908 1508 2954 passim
1529 2908 1780 2951 conscribunt,
1806 2908 1939 2955 quibus
1960 2909 2146 2942 auditores

266 2981 355 3004 suos
393 2970 635 3016 demulceant,
674 2973 872 3016 detineant,
912 2974 1107 3020 decipiant,
1148 2975 1252 3021 quasi
1286 2975 1447 3009 nondum
1484 2976 1695 3010 suffecerint
1729 2982 1935 3009 sanctorum
1971 2974 2145 3021 opuscula
