2580 3528
459 395 526 429 330
1045 403 1362 426 CHARTULARIUM
1397 403 1587 426 umvsns.
1625 404 1753 427 ΡΑΒιε.
2234 392 2336 434 [1256

461 479 646 524 theologia
667 478 828 511 Parisius
849 489 919 510 una
939 490 1019 510 cum
1042 477 1216 522 magistro
1238 476 1469 510 Laurentio¹⁶
1495 477 1532 509 in
1553 477 1677 510 eadem
1698 477 1865 510 facultate
1886 483 2036 523 regente
2057 489 2097 510 ac
2117 476 2335 522 quibusdam

460 546 541 579 aliis
571 545 697 591 probis
726 545 814 578 viris
844 544 1061 585 scolasticis,
1092 544 1319 589 quesivimus
1348 556 1366 576 a
1396 543 1560 588 predicto
1591 544 1766 589 magistro
1797 544 1855 585 G„
1892 544 1923 577 si
1953 555 2023 588 que
2057 550 2182 577 contra
2217 544 2335 578 bonos

460 624 582 645 mores
611 612 700 645 salsa
732 611 790 645 vel
821 623 972 644 erronea
1003 611 1229 655 predicasset
1257 610 1314 643 vel
1344 610 1544 651 docuisset,
1574 610 1632 643 vel
1662 610 1838 643 Ordinem
1867 611 2017 643 fratrum
2048 610 2333 653 Predicatorum,

461 679 522 724 qui
548 691 565 712 a
592 679 738 711 domino
765 690 853 723 papa
881 684 957 710 erat
981 676 1215 722 approbatus,
1244 676 1488 721 reprobasset.
1515 676 1705 710 Predictus
1731 677 1775 710 G.
1803 677 1963 722 predicta
1984 677 2142 723 negavit,
2164 689 2335 711 asserens

461 746 558 791 quod
593 745 705 778 nichil
739 744 958 778 contrarium
994 743 1101 776 saluti
1135 743 1348 784 animarum,
1384 755 1450 775 nec
1486 755 1694 784 erroneum,
1729 755 1796 776 nec
1829 743 1959 776 salsum
1993 744 2232 789 predicasset,
2267 756 2335 778 nec

461 812 635 845 Ordinem
665 811 901 856 approbatum
936 823 953 843 a
989 811 1147 843 Romana
1182 809 1336 842 ecclesia
1371 809 1618 854 reprobasset,
1659 810 1818 842 offerens
1852 810 1950 855 quod
1984 817 2129 855 paratus
2164 818 2239 844 erat
2276 811 2335 845 vel

460 879 670 919 defendere,
700 878 730 910 si
757 889 841 910 vera
867 883 989 910 essent
1016 888 1085 921 que
1112 876 1374 921 predicaverat,
1399 875 1458 909 vel
1484 887 1654 908 revocare
1679 876 1737 910 vel
1762 876 1962 922 corrigere,
1991 877 2022 910 si
2047 877 2249 911 revocanda
2275 877 2334 912 vel

460 945 677 989 corrigenda
697 944 910 977 viderentur
934 955 951 975 a
977 942 1097 975 nobis.
1121 943 1195 975 Nos
1216 954 1302 975 vero
1323 941 1444 975 habita
1465 941 1729 975 deliberatione
1751 942 1847 975 dicto
1873 943 2046 988 magistro
2067 943 2112 977 G.
2135 944 2334 989 optulimus

460 1011 569 1055 quod,
593 1011 623 1043 si
645 1010 797 1054 predicti
820 1009 992 1054 magister
1013 1015 1046 1041 ct
1067 1009 1197 1041 fratres
1223 1008 1474 1041 Predicatores
1500 1015 1741 1053 acceptarent,
1768 1008 2038 1043 celebraremus
2059 1010 2278 1052 Concilium,
2300 1017 2336 1044 et

459 1076 666 1110 convocatis
693 1076 789 1120 juris
820 1075 947 1120 peritis
977 1081 1012 1108 et
1042 1074 1226 1120 theologis
1255 1086 1399 1108 necnon
1428 1074 1509 1108 aliis
1539 1075 1690 1120 rogatis,
1722 1075 1783 1120 qui
1814 1082 1940 1109 essent
1963 1076 2001 1109 in
2027 1076 2108 1110 aliis
2134 1077 2334 1122 provinciis

456 1142 797 1187 circumjacentibus
818 1142 854 1174 in
875 1141 1013 1175 eisdem
1035 1141 1266 1174 facultatibus
1292 1142 1412 1186 periti,
1440 1148 1478 1175 ut
1503 1142 1601 1187 quod
1627 1154 1692 1187 per
1717 1142 1924 1176 Concilium
1946 1142 2178 1186 diffiniretur,
2206 1143 2334 1178 ohser-

457 1217 619 1250 varetur3
657 1209 754 1254 quod
789 1209 908 1242 dictus
942 1209 1116 1253 magister
1151 1209 1195 1242 G.
1232 1215 1416 1254 gratanter
1448 1209 1647 1254 acceptavit
1681 1216 1716 1242 et
1751 1210 1856 1242 etiam
1892 1210 2069 1243 instanter
2103 1210 2332 1256 supplicavit,

457 1283 600 1322 paratus
634 1276 769 1321 corrigi
804 1287 915 1320 super
949 1275 1082 1320 quibus
1118 1275 1323 1309 Concilium
1354 1275 1493 1308 diceret
1522 1276 1794 1321 corrigendum.
1830 1278 1874 1309 Et
1907 1289 1926 1310 a
1960 1277 2123 1322 predicto
2158 1278 2334 1323 magistro

457 1343 606 1377 Ordinis
623 1342 894 1376 Predicatorum
915 1341 1088 1375 fratribus
1105 1343 1185 1386 ejus
1206 1353 1330 1374 secum
1351 1342 1553 1375 astantibus
1575 1343 1848 1388 requisivimus,
1866 1343 1897 1376 si
1918 1343 2078 1388 placeret
2096 1344 2149 1377 eis
2169 1344 2334 1390 adquies-

456 1422 539 1443 cere
561 1409 769 1443 diffinitioni
790 1409 946 1443 Concilii
967 1409 1168 1441 memorati.
1187 1409 1257 1451 Qui
1277 1408 1385 1442 nobis
1406 1409 1690 1454 responderunt,
1708 1410 1806 1455 quod
1827 1410 1880 1443 eis
1901 1422 1975 1443 non
1995 1410 2171 1456 placebat,
2194 1423 2275 1444 cum
2296 1411 2334 1446 in

457 1476 642 1522 provincia
670 1475 901 1509 solummodo
931 1475 1136 1508 Senonensi
1164 1474 1368 1508 Concilium
1395 1475 1546 1509 haberet
1571 1476 1835 1518 auctoritatem,
1864 1489 1931 1510 nec
1959 1477 1996 1509 in
2023 1477 2104 1511 aliis
2134 1477 2333 1523 provincii-s

455 1544 548 1576 forte
570 1542 840 1584 observaretur,
863 1541 961 1586 quod
981 1554 1000 1574 a
1020 1541 1186 1575 Concilio
1216 1542 1420 1575 Senonensi
1446 1549 1545 1575 esset
1565 1542 1771 1585 diffinitum,
1795 1550 1830 1576 et
1850 1543 1949 1577 Ordo
1970 1544 2148 1589 ipsorum,
2170 1544 2207 1583 in
2228 1545 2333 1590 cujus

457 1609 732 1654 derogationem
763 1607 932 1641 dicebant
961 1607 1071 1641 multa
1102 1620 1184 1641 esse
1211 1608 1406 1653 predicata,
1438 1621 1502 1654 per
1529 1609 1649 1642 omnia
1674 1621 1786 1655 regna
1813 1617 1889 1643 erat
1914 1610 2083 1644 diffusus.
2111 1610 2335 1656 Supplicavit

457 1675 717 1709 nichilominus
737 1675 856 1708 dictus
876 1674 1051 1719 magister
1071 1675 1131 1716 G„
1152 1681 1222 1707 tam
1243 1675 1390 1708 nomine
1412 1687 1492 1717 suo,
1511 1687 1615 1720 quam
1638 1676 1785 1710 nomine
1806 1677 2055 1710 universitatis
2075 1678 2332 1723 magistrorum

457 1749 492 1775 et
526 1742 720 1775 scolarium
755 1741 1030 1782 Parisiensium,
1061 1747 1100 1774 ut
1133 1753 1213 1774 cum
1253 1741 1364 1774 multa
1398 1742 1559 1787 pericula
1592 1742 1825 1776 imminerent
1858 1743 2013 1776 ecclesie
2043 1744 2230 1777 Gallicane
2268 1755 2334 1790 per

457 1808 849 1854 pseudopredicatores
877 1814 912 1840 et
938 1814 1170 1853 penetrantes
1193 1807 1335 1849 domos,
1366 1808 1410 1840 de
1438 1808 1613 1853 periculis
1640 1809 1713 1842 illis
1743 1809 2014 1854 inquireremus
2042 1817 2078 1843 et
2106 1810 2150 1843 ab
2177 1811 2332 1845 ecclesia

457 1876 523 1908 Dei
558 1875 736 1920 repellere
778 1886 1001 1915 curaremus,
1037 1880 1072 1907 et
1109 1874 1405 1916 decerneremus,
1441 1881 1560 1907 utrum
1595 1875 1757 1920 predicta
1793 1876 1957 1909 facienda
1997 1883 2123 1910 essent
2161 1877 2220 1910 vel
2257 1889 2332 1911 non

456 1942 633 1983 facienda,
662 1941 881 1986 predicanda
906 1940 964 1974 vel
990 1952 1062 1973 non
1088 1941 1319 1985 predicanda.
1349 1942 1393 1974 Et
1417 1941 1461 1974 ad
1485 1941 1691 1975 instantiam
1717 1942 1804 1975 dicti
1830 1943 1994 1988 magistri
2015 1943 2059 1976 G.
2088 1949 2158 1976 tam
2185 1944 2332 1977 nomine

458 2021 525 2042 suo
551 2021 656 2053 quam
683 2008 829 2041 nomine
855 2014 1059 2040 ceterorum
1081 2007 1356 2040 scolasticorum
1379 2008 1639 2041 Parisiensium
1664 2009 1898 2054 presentibus
1920 2009 2038 2043 literis
2066 2010 2187 2055 sigilla
2208 2017 2332 2044 nostra

458 2075 694 2120 apposuimus
715 2086 809 2107 anno
831 2074 975 2106 Domini
997 2075 1046 2106 M⁰
1057 2074 1169 2107 CC⁰L
1191 2081 1306 2115 sextO,
1329 2074 1446 2119 pridie
1468 2074 1536 2107 kal.
1559 2075 1730 2121 Augusti.

547 2143 621 2174 Nos
641 2148 759 2174 autem
779 2141 823 2174 ad
844 2140 1062 2185 peticionem
1084 2140 1179 2174 dicte
1199 2141 1455 2174 Universitatis
1481 2142 1579 2186 quod
1604 2142 1809 2175 audivimus
1831 2149 1865 2175 et
1884 2143 2044 2177 vidimus
2069 2142 2137 2176 hoe
2159 2150 2333 2178 testamur

459 2215 494 2241 et
522 2208 684 2253 presenti
712 2207 892 2252 scripture
921 2207 1082 2252 sigillum
1111 2214 1276 2240 nostrum
1308 2208 1545 2253 apposuimus
1571 2209 1609 2241 in
1636 2209 1885 2242 testimonium
1919 2210 2094 2243 veritatis.
2131 2211 2260 2244 Datum
2293 2211 2332 2244 in

457 2275 617 2308 crastino
639 2273 873 2307 revelationis
894 2274 1008 2307 sancti
1029 2273 1213 2319 Stephani,
1236 2286 1330 2307 anno
1352 2275 1497 2307 Domini
1519 2276 1568 2308 M⁰
1580 2275 1653 2309 CC⁰
1664 2276 1704 2308 L‘²
1725 2282 1839 2309 sexto.

553 2385 687 2416 Originale
703 2384 729 2407 in
744 2384 820 2408 Arch.
842 2387 894 2407 nat.
911 2384 996 2408 Paris.
1013 2385 1045 2408 M.
1063 2385 1092 2408 67
1101 2384 1121 2412 b,
1143 2389 1172 2407 n⁰
1191 2386 1230 2408 42.
1252 2385 1378 2416 Superest
1393 2387 1570 2417 fragmentum
1591 2386 1674 2418 sigilli
1693 2386 1761 2410 cerei
1780 2387 1894 2410 taeniola
1915 2387 2025 2411 membr.
2042 2387 2161 2419 appensi.
2183 2387 2334 2412 Pertinebat

458 2430 491 2452 ad
507 2430 583 2453 Arch.
600 2429 721 2453 Univers.
736 2442 768 2446 —
782 2429 905 2457 Bulaeus,
922 2429 968 2456 111,
983 2429 1037 2456 309,
1054 2429 1099 2460 qui
1114 2429 1156 2452 hic
1171 2432 1270 2452 textum
1289 2430 1376 2461 operis
1397 2430 1518 2461 magistri
1538 2431 1672 2454 Guillelmi
1692 2431 1723 2454 de
1743 2431 1838 2454 Sancto
1858 2432 1951 2455 Amore
1974 2431 2063 2462 Opera
2082 2433 2179 2456 omnia
2194 2432 2333 2462 (Constan-

458 2473 518 2502 tine,
536 2468 615 2502 163'2),
631 2482 657 2504 p.
678 2474 708 2496 34
728 2481 766 2504 sq.
784 2473 851 2496 sicut
866 2472 967 2504 passim
985 2473 1049 2496 alibi
1069 2473 1216 2504 exscripsit.
1234 2473 1370 2505 Originale
1389 2473 1557 2498 instrumenti
1572 2475 1657 2506 ipsius
1677 2475 1732 2498 dati
1751 2475 1779 2498 31
1800 2475 1864 2499 sulii
1881 2475 1938 2507 jam
1957 2475 2008 2499 isto
2027 2479 2154 2507 tempore,
2170 2479 2200 2499 ut
2218 2476 2331 2505 videtur,

460 2518 569 2549 reperiri
586 2526 635 2540 non
651 2517 745 2548 potuit.
755 2531 786 2534 —
796 2518 881 2540 Tenor
890 2517 1039 2540 litterarum
1053 2518 1195 2541 concordat
1209 2526 1268 2541 cum
1283 2518 1410 2542 relatione
1423 2519 1557 2543 Guillelmi
1572 2519 1604 2543 de
1620 2519 1645 2543 S.
1658 2520 1752 2543 Amore
1766 2519 1792 2543 in
1807 2519 1862 2543 suis
1873 2519 2121 2550 Responsionibus,
2133 2520 2173 2544 ed.
2186 2520 2331 2549 Constant..

460 2571 485 2593 p.
507 2562 560 2590 106,
581 2570 611 2584 ex
627 2570 678 2592 qua
698 2565 834 2592 praeterea
849 2562 1035 2593 comperimus,
1056 2562 1206 2593 praedictos
1231 2562 1370 2594 episcopos
1390 2563 1500 2586 Parisiis
1520 2563 1666 2587 Concilium
1686 2564 1871 2593 celebravisse,
1892 2564 1962 2596 quod
1981 2564 2134 2588 collectores
2155 2564 2332 2588 conciliorum

460 2606 595 2637 hucusque
610 2605 685 2636 fugit.

556 2698 577 2721 1.
594 2698 756 2729 Rndulphus,
771 2698 910 2729 episcopus
926 2699 1082 2722 Morinensis
1095 2699 1136 2730 (de
1150 2699 1176 2722 la
1192 2693 1382 2730 Therouunnes.
1393 2701 1454 2724 -2.
1470 2700 1647 2724 Henricus.—
1657 2701 1679 2724 3.
1694 2701 1884 2725 Nimium—4.
1901 2701 2108 2725 Guillelmus.—
2120 2703 2143 2725 5.
2155 2702 2331 2727 Vox-mundus.

462 2744 524 2765 —6.
545 2742 659 2765 Jacohus
676 2743 810 2772 (d'Arras).
828 2756 859 2760 -
874 2744 895 2766 7.
912 2743 1054 2766 Gerardus.
1070 2757 1101 2761 —
1115 2745 1137 2767 8.
1155 2744 1294 2768 Mattheus.
1310 2758 1341 2762 —-
1359 2746 1382 2767 9.
1406 2745 1577 2776 Reginaldus.
1593 2759 1624 2762 —
1644 2745 1681 2768 10.
1699 2745 1866 2769 Guillelmus.
1882 2759 1913 2763 —
1926 2745 1963 2769 11.
1980 2746 2100 2769 Alermus
2118 2745 2159 2777 (de
2174 2746 2285 2776 Meaux).
2300 2759 2332 2764 -—

462 2787 500 2810 12.
521 2786 652 2810 Nicoluus.
669 2800 700 2803 —
717 2787 755 2810 13.
777 2787 942 2810 Guillelmus.
958 2800 989 2804 —
1008 2787 1045 2811 14.
1067 2778 1236 2812 Humbertus.
1257 2802 1289 2806 —
1308 2789 1346 2812 15.
1368 2789 1492 2820 Ejusdem
1514 2789 1636 2820 magistri
1656 2789 1812 2813 Guillelmus
1834 2789 1913 2813 etiam
1935 2790 1967 2813 de
1989 2790 2015 2813 S.
2041 2790 2134 2813 Amore
2156 2790 2189 2813 ad
2213 2798 2255 2813 an.
2279 2790 2332 2814 cir-

462 2830 526 2854 citer
545 2831 606 2853 1256
620 2830 777 2853 mentionem
793 2830 854 2854 facit
869 2830 895 2853 in
911 2830 965 2854 suis
978 2832 1223 2862 Responsionibus,
1240 2833 1259 2856 1.
1276 2841 1308 2861 c.,
1328 2841 1356 2864 p.
1377 2833 1430 2856 103.
1454 2833 1591 2856 Fratribus
1613 2833 1730 2857 Praedic.
1753 2833 1909 2857 Laurentius
1928 2837 1985 2857 erat
2007 2833 2135 2862 infensus,
2151 2837 2217 2858 teste
2232 2834 2332 2858 Thomu

463 2874 619 2906 Cantimpr.,
643 2875 726 2898 Liber
740 2881 837 2905 apum,
854 2875 886 2903 II,
902 2883 925 2898 c.
940 2875 979 2903 10,
997 2884 1023 2906 p.
1043 2876 1096 2904 179,
1112 2877 1217 2900 tandem
1238 2883 1301 2900 vero
1325 2885 1338 2900 (ι
1361 2877 1430 2901 datis
1446 2877 1575 2901 librorum
1593 2886 1701 2901 suorum
1716 2877 1800 2909 copiis
1815 2878 1943 2901 fratribus
1955 2877 2187 2902 pnnedioatoribus
2203 2879 2331 2908 Parisinu,

463 2919 606 2942 moriturus
621 2919 691 2950 apud
710 2927 753 2942 eos
769 2919 834 2942 mire
851 2919 986 2950 poenitens
1001 2919 1103 2943 delatus
1118 2923 1158 2944 est
1172 2924 1197 2944 et
1212 2921 1331 2952 sepultus
1348 2929 1369 2950 »,
1387 2922 1456 2953 quod
1471 2921 1561 2953 utique
1580 2925 1640 2945 ante
1659 2930 1701 2946 un.
1722 2922 1783 2945 1263
1802 2922 1906 2951 accidit,
1922 2930 1982 2946 cum
2001 2922 2083 2948 Liber
2097 2929 2186 2953 apum
2199 2923 2249 2947 hoc
2263 2931 2332 2947 anuo

463 2963 624 2995 compositus
640 2962 684 2987 sit.

587 3008 626 3032 112.

2570 1832 2580 1912 j

2571 1943 2580 1981 Ξ

2571 1987 2580 2112 3

2574 2299 2580 2399 h*-.„....
2573 2276 2580 2293 ι.
2571 2210 2580 2270 aas»
2574 2194 2580 2204 -
2573 2176 2580 2184 Α
2574 2137 2580 2167 ....
