2580 3528
250 416 348 457 1247]
592 425 638 447 ΑΒ
672 425 778 447 ANNO
813 424 890 447 mcc
924 424 1056 453 USQUE
1091 425 1140 446 An
1175 424 1404 446 PHILIPPUM
1440 425 1479 446 iv
1514 425 1603 447 REG.
1642 426 1778 448 rnAnc.
2061 417 2126 449 203

247 499 378 546 veteri,
403 511 508 545 quam
536 498 715 532 Dominus
741 511 806 544 per
834 500 986 544 Moysen
1008 498 1045 531 in
1066 498 1213 544 scriptis
1241 498 1368 540 edidit,
1391 510 1463 531 non
1491 499 1653 532 contenti
1681 499 1790 532 immo
1817 499 1963 544 penitus
1990 507 2128 545 preter-

248 566 433 600 mittentes
453 565 606 599 eandem
635 564 813 599 affirmant
839 565 958 610 legem
986 564 1091 598 aliam
1119 576 1190 610 que
1211 564 1363 597 Talmud
1391 564 1427 597 id
1454 571 1510 598 est
1534 564 1699 598 doctrina
1724 565 1857 598 dicitur
1877 572 1913 598 et
1933 566 2125 599 Dominum

249 632 411 666 edidisse
438 644 478 666 ac
505 631 619 666 verbo
650 631 768 678 Moysi
798 631 963 665 traditam
990 638 1026 665 et
1049 631 1222 664 insertam
1250 643 1376 664 eorum
1405 630 1589 664 mentibus
1618 631 1855 673 mentiuntur,
1886 632 2021 665 tamdiu
2049 633 2128 665 sine

249 699 396 745 scriptis
416 705 608 740 servatam,
636 698 753 732 donec
776 698 921 744 quidam
949 705 1142 740 venerunt,
1171 710 1264 744 quos
1290 698 1474 744 sapientes
1499 705 1535 732 et
1560 697 1700 731 scribas
1727 698 1922 744 appellant,
1950 699 2011 744 qui
2037 711 2127 740 eam,

249 778 295 800 ne
329 777 395 812 per
428 765 650 799 oblivionem
685 777 704 798 a
738 764 923 798 mentibus
958 764 1145 799 hominum
1186 764 1382 806 laberetur,
1418 765 1455 798 in
1494 765 1709 810 scripturam
1744 766 1850 810 cujus
1887 765 2059 799 volumen
2094 766 2129 798 in

249 833 468 866 immensum
496 832 639 866 excedit
666 838 800 866 textum
828 831 941 865 biblie
965 832 1202 878 redegerunt,
1225 832 1261 864 in
1287 844 1356 877 qua
1379 838 1430 865 tot
1449 831 1648 865 abusiones
1668 839 1704 865 et
1723 832 1858 865 nefaria
1883 832 2128 873 continentur,

249 899 348 946 quod
368 899 501 946 pudori
523 898 770 933 referentibus
791 906 827 932 et
845 898 1080 933 audientibus
1109 906 1195 932 sunt
1223 898 1380 932 horrori.
1411 899 1502 933 Cum
1528 899 1641 945 igitur
1660 898 1726 932 hec
1752 899 1893 933 dicatur
1916 911 1999 933 esse
2024 911 2132 933 causa

251 966 437 1012 precipua,
467 978 538 1012 que
565 966 704 1000 Judeos
731 966 768 999 in
798 978 863 1000 sua
895 973 994 1000 tenet
1023 965 1174 1012 perfidia
1204 965 1421 1007 obstinatos,
1447 966 1705 999 fraternitatem
1733 972 1887 1000 vestram
1914 966 2131 999 monendam

251 1033 422 1067 duximus
442 1039 479 1067 et
497 1032 709 1067 hortandam
732 1045 797 1079 per
816 1033 1015 1079 apostolica
1035 1032 1141 1067 vobis
1162 1033 1295 1078 scripta
1317 1032 1554 1078 precipiendo
1576 1033 1801 1073 mandantes,
1823 1033 1994 1078 quatinus
2015 1033 2132 1079 primo

251 1099 402 1134 sabbato
437 1099 716 1146 quadragesime
750 1100 915 1146 proximo
950 1106 1102 1134 venture
1137 1111 1253 1142 manc,
1290 1099 1434 1145 quando
1464 1099 1570 1133 Judei
1602 1099 1639 1133 in
1673 1100 1862 1146 sinagogis
1896 1100 2132 1142 conveniunt,

252 1162 447 1201 universos
472 1166 588 1200 libros
607 1167 807 1201 Judeorum
829 1173 951 1200 vestre
979 1167 1166 1212 provincie
1193 1167 1405 1200 auctoritate
1431 1173 1554 1200 nostra
1580 1167 1659 1212 capi
1684 1173 1719 1200 et
1738 1167 1834 1212 apud
1858 1167 1988 1201 fratres
2008 1167 2135 1200 Predi-

251 1240 394 1268 catores
414 1233 472 1267 vel
494 1234 656 1267 Minores
681 1233 820 1267 faciatis
841 1233 1000 1266 fideliter
1019 1233 1244 1275 conservari,
1266 1233 1433 1266 invocato
1454 1233 1498 1266 ad
1524 1233 1606 1275 hoc,
1629 1233 1659 1266 si
1682 1245 1835 1266 necesse
1856 1234 1978 1275 suerit,
2000 1233 2134 1267 auxilio

252 1300 390 1334 brachii
420 1300 612 1342 secularis,
644 1299 904 1333 nichilominus
935 1300 972 1333 in
1001 1312 1129 1333 omnes
1165 1307 1234 1333 tam
1263 1299 1419 1333 clericos
1452 1312 1558 1345 quam
1594 1299 1706 1333 laicos
1736 1307 1856 1334 vestre
1883 1300 2134 1346 jurisdictioni

252 1367 453 1413 subjectos,
475 1367 537 1412 qui
562 1366 679 1400 libros
698 1366 891 1400 hebraicos
919 1367 950 1400 si
971 1379 1064 1412 quos
1084 1366 1219 1400 habent
1238 1378 1303 1412 per
1321 1378 1387 1400 vos
1412 1366 1634 1412 generaliter
1662 1366 1698 1399 in
1720 1367 1887 1400 ecclesiis
1914 1367 1972 1401 vel
1996 1367 2135 1413 specia-

252 1434 336 1468 liter
354 1434 483 1468 moniti
504 1433 691 1467 noluerint
709 1434 899 1479 assignare
920 1434 1308 1467 excommunicationis
1330 1433 1545 1467 sententiam
1569 1433 1849 1479 promulgando.
1872 1435 1950 1467 Dat.
1970 1435 2134 1468 Laterani

251 1513 274 1535 v
293 1501 343 1535 id.
364 1501 477 1543 Junii,
498 1500 731 1547 pontificatus
752 1500 868 1534 nostri
889 1512 984 1534 anno
1005 1501 1101 1546 xiij’.
1128 1515 1143 1530 n

342 1569 383 1602 In
416 1567 600 1602 consimili
635 1568 749 1601 forma
783 1567 911 1601 scribit
944 1567 1128 1602 universis
1162 1567 1449 1613 archiepiscopis
1484 1567 1520 1600 in
1556 1568 1682 1613 regnis
1720 1567 1868 1613 Anglie,
1907 1567 2067 1601 Castelle
2101 1574 2137 1601 et

253 1635 468 1681 Legionum.
491 1635 632 1668 Direxit
651 1635 763 1668 eciam
785 1634 919 1680 scripta
939 1646 1004 1668 sua
1026 1635 1105 1680 regi
1126 1634 1350 1681 Portugallie
1371 1635 1408 1668 in
1428 1634 1494 1668 hec
1515 1634 1626 1668 verba
1649 1646 1655 1667 :

343 1716 360 1734 «
381 1702 586 1748 Gregorius
611 1702 809 1748 episcopus
837 1713 966 1736 servus
994 1713 1183 1736 servorum
1217 1702 1283 1735 Dei
1313 1701 1503 1735 carissimo
1539 1702 1576 1734 in
1605 1701 1753 1736 Christo
1782 1701 1856 1734 filio
1887 1701 2022 1735 illustri
2057 1702 2135 1748 regi

253 1768 475 1815 Portugallie
500 1768 653 1803 salutem
678 1775 715 1803 et
738 1768 974 1815 apostolicam
1003 1768 1311 1802 benedictionem.
1341 1769 1378 1802 Si
1403 1780 1487 1802 vera
1513 1775 1599 1802 sunt
1624 1780 1694 1814 que
1722 1768 1767 1802 de
1795 1768 1923 1802 Judeis
1957 1769 1994 1801 in
2020 1781 2135 1814 regno

253 1835 475 1882 Portugallie
503 1848 542 1870 ac
569 1835 650 1869 aliis
677 1836 876 1882 provinciis
902 1835 1213 1869 commorantibus
1239 1842 1467 1877 asseruntur,
1495 1835 1595 1869 nulla
1623 1835 1668 1869 dc
1694 1835 1798 1881 ipsis,
1827 1841 1862 1870 et
1889 1836 1988 1879 infra
2011 1849 2022 1869 .·
2043 1836 2134 1870 Cum

252 1903 365 1949 igitur
383 1902 450 1937 hec
471 1902 611 1936 dicatur
631 1914 714 1937 esse
734 1914 842 1936 causa
867 1903 1052 1949 precipua⁷
1074 1915 1144 1948 que
1165 1902 1303 1936 Judeos
1324 1903 1360 1936 in
1382 1915 1446 1936 sua
1470 1902 1621 1949 perfidia
1645 1902 1776 1936 retinet
1797 1902 2013 1943 obstinatos,
2035 1915 2135 1936 sere-

253 1969 399 2004 nitatem
438 1970 573 2016 regiam
607 1981 800 2003 monemus
832 1970 1006 2003 attentius
1036 1977 1071 2003 et
1097 1969 1296 2010 hortamur,
1326 1970 1497 2015 quatinus
1526 1970 1642 2015 primo
1673 1969 1823 2003 sabbato
1855 1969 2134 2015 quadragesime

254 2037 418 2083 proximo
438 2043 591 2071 venture
613 2049 731 2079 mane,
753 2037 899 2082 quando
923 2037 1029 2071 Judei
1052 2037 1088 2070 in
1109 2037 1300 2083 sinagogis
1326 2037 1561 2078 conveniunt,
1584 2037 1778 2071 universos
1799 2036 1915 2070 libros
1933 2037 2134 2070 Judeorum

254 2103 359 2149 regni
389 2103 440 2137 tui
474 2109 544 2137 tam
571 2103 638 2137 tibi
667 2115 774 2149 quam
808 2103 996 2137 nobilibus
1024 2104 1129 2149 regni
1155 2104 1421 2149 ejusdem-tuis
1450 2103 1622 2137 fidelibus
1648 2103 1896 2149 subjectorum
1922 2104 2134 2137 auctoritate

254 2176 378 2204 nostra
397 2170 477 2216 capi
493 2176 529 2204 et
547 2170 644 2216 apud
665 2170 819 2204 dilectos
837 2169 933 2204 filios
953 2170 1082 2204 fratres
1104 2170 1356 2204 Predicatores
1378 2182 1443 2204 seu
1466 2170 1628 2204 Minores
1649 2170 1786 2203 faciatis
1808 2170 2029 2204 conservari.
2054 2171 2132 2203 Dat.

255 2236 420 2270 Laterani
440 2236 487 2282 xij
510 2236 580 2270 kal.
601 2236 701 2278 sulii,
723 2237 955 2283 pontificatus
975 2237 1091 2271 nostri
1112 2249 1207 2271 anno
1228 2237 1333 2283 xiij“.
1354 2251 1370 2268 »

344 2308 385 2341 In
419 2307 543 2341 eadem
578 2308 691 2341 forma
717 2308 865 2354 scripsit
893 2307 1044 2354 regibus
1075 2309 1238 2350 Francie,
1267 2308 1414 2354 Aug-lie,
1442 2308 1639 2354 Aragonie,
1667 2307 1839 2346 castello„
1869 2308 2068 2353 Legionum
2099 2314 2134 2341 et

254 2376 423 2409 Navarre.

344 2441 484 2475 Direxit
501 2441 606 2475 etiam
626 2441 812 2487 predictus
830 2453 995 2475 summus
1011 2442 1174 2488 pontifex
1190 2442 1395 2475 mandatum
1413 2441 1610 2475 Parisiensi
1627 2441 1801 2486 episcopo
1818 2440 1887 2474 sub
1904 2440 1968 2474 hac
1989 2441 2102 2474 sorma
2122 2453 2129 2474 :

344 2522 361 2540 «
399 2508 604 2554 Gregorius
641 2508 838 2554 episcopus
868 2519 997 2542 servus
1036 2520 1224 2542 servorum
1261 2508 1327 2541 Dei
1356 2507 1556 2542 venerabili
1590 2508 1690 2540 fratri
1727 2507 1923 2541 Parisiensi
1957 2507 2130 2553 episcopo

253 2574 406 2609 salutem
428 2581 464 2608 et
483 2574 718 2620 apostolicam
747 2574 1054 2608 benedictionem.
1085 2574 1312 2608 Fraternitati
1335 2581 1394 2608 tue
1414 2574 1639 2620 presentium
1665 2574 1876 2607 auctoritate
1904 2574 2130 2615 mandamus,

253 2641 424 2687 quatinus
451 2641 591 2675 litteras
618 2647 761 2675 nostras
787 2641 832 2675 ad
854 2641 1048 2687 negocium
1077 2653 1189 2687 super
1216 2640 1321 2674 libris
1341 2640 1539 2674 Judeorum
1566 2639 1630 2674 tibi
1651 2652 1690 2674 ac
1711 2640 1866 2686 collegis
1892 2641 1964 2674 tuis
1984 2640 2130 2674 anobis

253 2708 488 2742 commissum
524 2714 731 2754 spectantes
766 2707 830 2742 tibi
865 2720 908 2742 ex
943 2714 1042 2754 parte
1077 2714 1200 2742 nostra
1236 2720 1300 2754 per
1333 2707 1504 2741 dilectum
1544 2707 1658 2741 filium
1697 2706 1908 2741 Nicholaum
1948 2708 2128 2753 quondam

251 2774 407 2808 Judeum
437 2773 588 2808 latorem
620 2775 843 2821 presentium
872 2774 1135 2821 presentandus
1165 2774 1295 2808 devote
1326 2774 1508 2820 recipiens
1535 2774 1634 2820 ipsas
1661 2773 1934 2807 venerabilibus
1959 2773 2130 2808 fratribus

252 2840 540 2888 archiepiscopis
567 2848 602 2875 et
627 2841 830 2875 karissimis
858 2841 944 2875 filiis
970 2841 1107 2875 nostris
1133 2841 1295 2882 Francie,
1324 2841 1468 2887 Anglie,
1490 2841 1688 2887 Aragonie,
1715 2841 1885 2883 Navarre,
1907 2840 2065 2875 Castellc
2091 2854 2130 2874 ac

254 2907 455 2954 Legionum
486 2914 522 2942 et
550 2908 772 2955 Portugallie
803 2907 954 2955 regibus
984 2908 1190 2942 illustribus
1221 2909 1420 2942 destinatas
1447 2921 1465 2942 a
1490 2907 1597 2942 nobis
1619 2908 1854 2949 transmittas,
1882 2920 1961 2941 cum
1994 2908 2130 2941 videris

254 2974 438 3020 expedire.
462 2975 540 3008 Dat.
564 2975 729 3009 Laterani
751 2987 771 3009 v
792 2975 841 3009 id.
863 2975 975 3017 Junii,
999 2975 1230 3021 pontificatus
1252 2975 1366 3009 nostri
1389 2987 1483 3009 anno
1504 2975 1594 3020 xiij⁰.
1615 2989 1631 3006 »
