2580 3528
231 420 328 461 1259]
571 428 619 451 Aa
652 427 759 450 Asso
793 426 870 449 mcc
905 426 1039 455 osona
1074 426 1122 448 an
1157 425 1388 448 ruinarum
1424 425 1463 447 iv
1498 426 1587 447 asc.
1625 425 1761 447 rasse.
2042 416 2109 449 395

227 510 384 538 vestram
410 509 445 536 et
470 501 726 536 Universitatis
752 501 954 546 profectum
979 499 1222 544 respexerint,
1249 499 1450 532 studiosos.
1478 499 1642 531 Presatus
1668 510 1754 531 vero
1781 498 2018 535 (juillet-mus,
2043 511 2108 543 pro

229 582 302 616 quo
332 581 396 616 per
425 575 644 602 memoratos
673 567 828 601 nuncios
858 566 1108 612 supplicastis,
1134 565 1166 599 si
1191 565 1446 599 convenientia
1476 564 1690 598 humilitatis
1716 571 1751 597 et
1777 565 1974 609 penitentie
2005 565 2109 610 signa

230 635 498 677 monstraverit,
515 647 581 681 per
602 646 672 680 que
698 640 868 680 appareat
887 645 905 666 a
925 633 982 666 vie
1004 644 1070 666 sue
1096 632 1269 678 pravitate
1295 643 1510 671 conversus,
1533 631 1666 676 poterit
1691 631 1890 676 apostolice
1916 631 2015 663 sedis
2037 643 2110 663 non

230 703 348 737 solum
370 701 658 736 misericordiam
679 701 745 734 sed
766 707 801 733 et
820 700 972 746 gratiam
997 699 1211 745 promereri.
1239 699 1417 742 Quocirca
1441 698 1714 731 universitatem
1741 704 1896 730 vestram
1923 709 2109 743 rogamus,

232 780 423 803 monemus
452 775 488 802 et
515 768 703 802 hortamur
731 773 865 800 attente
894 779 934 799 ac
964 766 1001 799 in
1031 765 1286 799 remissionem
1317 765 1423 799 vobis
1453 764 1680 810 injungimus
1710 771 1746 797 et
1774 764 1955 810 exigimus
1986 776 2113 809 pecca-

231 843 364 878 torum,
404 835 575 881 quatinus
618 834 860 868 ordinationis
903 833 1065 879 predicte
1105 839 1235 866 statuta
1274 831 1373 865 fideli
1412 831 1621 865 obedientia
1651 838 1686 864 et
1715 837 1880 876 prompta
1910 830 2112 863 humilitate

232 902 387 936 servetis
411 908 448 935 et
467 913 579 947 super
602 901 674 935 hiis
695 907 731 934 et
749 900 843 941 aliis,
862 911 932 945 que
953 911 1020 945 pro
1047 899 1164 933 salute
1186 905 1307 932 vestra
1332 898 1581 944 poposcimus,
1603 898 1746 931 affectui
1773 904 1899 930 nostro
1921 897 1973 930 sic
1994 903 2113 930 vestra

233 969 379 1003 devotio
408 968 626 1014 acquiescat,
657 967 756 1013 quod
781 966 1039 1000 reconciliante
1064 978 1130 1000 vos
1157 966 1330 1011 predictis
1359 964 1532 998 fratribus
1555 964 1714 1010 illosque
1734 963 1840 998 vobis
1866 970 1988 997 mutue
2014 963 2114 1009 pacis

234 1035 430 1070 concordia
456 1035 583 1069 sociali
607 1035 748 1068 fatiscat
773 1034 893 1067 omnis
919 1033 1107 1079 strepitus,
1134 1033 1327 1078 omnisque
1360 1031 1507 1065 tollatur
1532 1043 1551 1064 e
1577 1031 1697 1064 medio
1727 1030 1948 1064 conflictatio
1974 1031 2115 1076 jurgio—

236 1115 328 1145 rum,
359 1115 403 1136 ex
441 1101 576 1148 quibus
618 1107 806 1147 nequeunt
844 1100 915 1134 nisi
956 1100 1094 1133 alterna
1123 1099 1352 1133 incommoda
1383 1105 1418 1132 et
1448 1098 1644 1131 multorum
1693 1097 1861 1131 scandala
1906 1097 2114 1143 provenire,

236 1169 416 1215 nobisque
446 1167 695 1215 prosequendi
726 1167 1006 1201 Universitatem
1036 1173 1192 1200 vestram
1232 1165 1424 1211 apostolici
1453 1165 1588 1199 favoris
1618 1176 1769 1198 munere
1798 1176 1838 1197 ac
1868 1163 2116 1197 munificentie

235 1237 351 1283 gratia
388 1241 563 1269 consuete
606 1234 809 1280 promptior
846 1239 1054 1267 succrescat
1094 1233 1258 1274 affectus,
1299 1239 1335 1266 et
1372 1232 1558 1278 eopiosior
1591 1231 1738 1264 materia
1778 1238 2003 1276 preparetur.
2035 1231 2115 1264 Dat.

236 1302 403 1350 Anagnie
426 1314 449 1336 v
470 1301 644 1343 idsJulii,
672 1299 903 1347 pontificatus
928 1300 1045 1333 nostri
1070 1311 1165 1332 anno
1191 1299 1331 1344 quinto.

331 1399 467 1432 Originale
482 1399 508 1423 in
523 1399 600 1424 Arch.
617 1402 670 1423 nat.
687 1399 772 1423 Paris.
788 1399 816 1423 L.
829 1399 884 1427 253,
895 1402 925 1422 n⁰
940 1399 995 1422 246.
1012 1398 1089 1421 Bulla
1105 1397 1230 1429 plumbea
1245 1397 1297 1420 filis
1315 1396 1426 1420 cannah.
1439 1397 1608 1428 appenditur.
1622 1397 1651 1420 ln
1667 1396 1821 1420 membrana
1836 1404 1930 1420 aversa
1946 1404 1952 1420 :
1970 1405 1982 1420 (t
1994 1396 2120 1420 Predica-

236 1448 325 1469 torum
339 1453 362 1469 ι.
379 1458 407 1463 -
422 1445 486 1476 Reg.
511 1444 570 1468 Vnt.
583 1443 733 1468 ‘Alexandri
755 1443 789 1467 IV
810 1451 852 1466 an.
875 1445 898 1471 5,
923 1450 967 1474 ep.
990 1442 1045 1470 152,
1062 1441 1108 1466 sol.
1127 1442 1183 1465 21³.
1198 1455 1230 1460 —
1244 1441 1368 1469 Bulaeus,
1385 1441 1431 1469 111,
1448 1442 1503 1469 353,
1519 1440 1596 1464 affert
1615 1441 1663 1464 has
1684 1441 1786 1464 litteras
1812 1440 1919 1464 mutilas
1939 1444 1964 1464 et
1979 1448 2120 1472 perperam

237 1497 298 1514 eum
312 1489 387 1514 initio
403 1497 409 1512 ε
427 1497 439 1513 α
454 1489 492 1512 Ex
510 1489 564 1512 alto
584 1488 666 1512 tuisse
681 1487 860 1519 conspicimus
876 1495 899 1516 n,
922 1495 953 1511 ex
967 1486 1081 1519 epistola
1095 1490 1125 1510 11⁰
1139 1487 1185 1510 342
1200 1486 1340 1518 desumpto
1361 1485 1508 1516 (Jourdain,
1525 1489 1554 1508 n⁰
1573 1485 1627 1514 175,
1644 1493 1675 1508 ex
1689 1485 1768 1515 Bul.).
1786 1485 1862 1509 Recte
1879 1485 2014 1513 Sbaralea,
2041 1485 2120 1514 Bau,

238 1533 394 1564 francisc„
410 1533 443 1563 11,
459 1533 513 1557 354.

334 1618 356 1642 1.
375 1617 476 1642 Abhinc
495 1617 610 1641 Bulaeus
629 1620 655 1641 et
674 1617 826 1649 Raynaldus
846 1616 879 1640 ad
903 1624 946 1639 an.
969 1615 1038 1644 1259,
1061 1619 1090 1638 ιιο
1104 1616 1143 1639 27.
1159 1629 1191 1633 —
1205 1616 1228 1639 2.
1244 1614 1345 1638 Abhinc
1364 1623 1448 1646 usque
1471 1623 1483 1638 «
1499 1615 1620 1638 Prefntus
1644 1622 1706 1638 vero
1723 1622 1734 1636 ι)
1759 1614 1833 1637 deest
1854 1614 1925 1645 apud
1948 1613 2076 1639 Balneum
2097 1617 2124 1637 et

239 1662 413 1695 Ray-numum.
428 1676 460 1680 —
474 1663 497 1686 3.
513 1662 611 1686 Eorum
626 1661 706 1685 etiam
721 1660 791 1685 insi-a
805 1665 835 1684 n⁰
849 1661 895 1684 353
910 1660 1007 1684 mentio
1023 1660 1061 1684 fit.

241 1857 355 1895 344.
377 1865 546 1892 Alexander
564 1866 610 1892 IV
622 1864 784 1900 Reginaldo
804 1864 938 1901 episcopo
956 1863 1122 1890 Parisiensi
1140 1863 1263 1890 mandat
1281 1867 1312 1890 ut
1327 1862 1538 1900 praebendam,
1562 1871 1649 1898 quam
1674 1861 1843 1889 Guillelmus
1864 1862 1900 1888 de
1922 1864 1948 1889 S.
1972 1863 2076 1889 Amore
2096 1863 2126 1889 in

331 1915 501 1952 episcopatu
521 1914 689 1942 Between-si
709 1917 843 1940 tenuerat
865 1917 894 1940 et
914 1913 1030 1940 cuidam
1052 1913 1155 1940 cler-ito
1180 1913 1209 1939 in
1222 1914 1350 1948 favorem
1377 1911 1523 1939 Guillelmi
1540 1912 1696 1948 episcopus
1717 1911 1901 1938 Beluacensis
1921 1911 2128 1946 fraudulenter

332 1963 503 1999 contulerat,
516 1971 661 2001 personae
676 1962 817 1990 ecclesiae
831 1963 981 1989 Romanae
995 1962 1115 1989 devotae
1130 1963 1271 1997 conferat.
1627 1952 1629 1954 ‚

1479 2011 1556 2041 1259,
1572 2011 1635 2037 dulit*
1645 2011 1688 2041 25,
1703 2010 1839 2044 Anagniae.

334 2101 542 2135 Alexander
574 2101 772 2147 episcopus
806 2112 936 2134 servus
971 2111 1161 2133 servorum
1197 2099 1263 2132 Dei
1297 2098 1498 2133 venerabili
1533 2099 1682 2132 fratri..
1719 2099 1894 2145 episcopo
1929 2099 2127 2132 Parisiensi

247 2167 401 2202 salutem
431 2174 467 2202 et
494 2167 728 2214 apostolicam
760 2166 1066 2201 benedictionem.
1099 2166 1155 2200 Ad
1184 2178 1291 2199 aures
1317 2172 1461 2199 nostras
1487 2166 1664 2211 pervenit,
1701 2166 1799 2211 quod
1829 2166 1914 2199 licet
1943 2178 2010 2199 nos
2041 2165 2127 2199 olim

248 2234 490 2270 Guillermum
531 2234 577 2268 de
616 2234 652 2268 S.
686 2234 821 2268 Amore
855 2240 1005 2280 propter
1038 2245 1169 2279 graves
1204 2239 1240 2266 et
1273 2233 1486 2266 manifestos
1521 2233 1600 2278 ejus
1635 2244 1809 2266 excessus
1849 2232 2019 2266 omnibus
2050 2233 2128 2266 suis

249 2300 439 2335 beneficiis
473 2300 737 2347 privaverimus
761 2300 903 2346 justitia
937 2300 1119 2345 exigente,
1155 2298 1416 2332 nichilominus
1451 2305 1570 2332 tamen
1605 2299 1826 2332 venerabilis
1861 2299 1969 2332 frater
2003 2306 2130 2332 noster

249 2368 446 2414 episcopus
476 2366 727 2402 Belvacensis⁸
759 2365 995 2412 prebendam,
1027 2377 1133 2411 quam
1164 2365 1259 2398 idem
1290 2365 1517 2400 Guillermus
1547 2365 1583 2398 in
1614 2365 1824 2411 episcopatu
1856 2378 1923 2398 suo
1951 2372 2127 2407 tenuerat,

249 2434 391 2468 cuidam
426 2434 574 2475 clerico,
604 2445 678 2466 non
713 2439 752 2466 ut
780 2432 864 2474 sibi,
895 2432 961 2466 sed
991 2431 1062 2478 ipsi
1092 2431 1296 2466 Guillermo
1327 2432 1503 2477 proficiat,
1535 2431 1785 2465 fraudulenter
1814 2439 1850 2465 et
1878 2432 1947 2465 sub
1975 2432 2128 2478 quadam

251 2500 458 2547 palliatione
488 2500 621 2534 dicitur
649 2499 863 2533 contulisse.
885 2500 960 2532 Nos
983 2499 1104 2544 itaque
1129 2510 1240 2544 super
1265 2497 1336 2531 hiis
1361 2498 1555 2532 efficaciter
1584 2498 1777 2544 providere
1807 2499 1973 2532 volentes
2003 2500 2131 2533 frater-

249 2567 350 2602 nitati
385 2573 445 2601 tue
475 2579 540 2613 per
575 2566 773 2612 apostolica
812 2566 945 2612 scripta
981 2565 1217 2612 precipiendo
1257 2565 1469 2599 mandamus
1509 2565 1692 2610 quatinus,
1737 2565 1768 2599 si
1808 2565 1980 2611 inquisita
2019 2578 2132 2612 super

250 2633 318 2668 hoc
339 2633 384 2667 de
406 2633 512 2679 plano
534 2639 570 2667 et
589 2633 669 2667 sine
684 2632 906 2678 judiciorum
929 2632 1082 2678 strepitu
1104 2632 1254 2666 veritate
1276 2644 1351 2665 rem
1374 2631 1558 2666 inveneris
1581 2632 1627 2665 ita
1649 2644 1744 2674 csse,
1772 2632 1993 2678 prebendam
2015 2633 2130 2679 ipsam

251 2711 408 2747 persone
437 2699 570 2734 idonee
590 2712 630 2733 ac
651 2698 806 2733 ecclesie
827 2700 987 2733 Romane
1009 2698 1139 2733 devote
1162 2698 1241 2732 sine
1262 2697 1461 2744 cujuslibet
1480 2698 1702 2732 difficultatis
1726 2705 1787 2732 aut
1812 2711 1912 2732 more
1935 2699 2130 2746 dispendio

250 2767 462 2801 auctoritate
491 2773 615 2800 nostra
643 2767 811 2800 conseras
836 2773 872 2800 et
894 2766 1078 2812 assignes,
1108 2772 1228 2799 amoto
1257 2765 1302 2799 ab
1332 2778 1372 2799 ea
1402 2765 1568 2811 quolibet
1597 2765 1724 2799 illicito
1755 2766 1959 2809 detentore,
1989 2773 2133 2800 contra·

252 2833 411 2868 dictores
437 2845 502 2879 per
520 2845 711 2867 censuram
738 2832 1020 2867 ecclesiasticam
1042 2832 1285 2878 appellatione
1306 2832 1508 2878 postposita
1529 2832 1810 2878 compescendo.
1834 2833 1870 2866 Si
1892 2845 1978 2867 vero
2000 2832 2132 2878 aliquis

252 2899 408 2934 clericus
433 2900 530 2934 dicto
555 2899 758 2934 Guillermo
784 2899 1001 2941 contumaci,
1025 2899 1186 2945 superbo
1212 2905 1248 2933 et
1273 2911 1338 2945 pro
1364 2898 1442 2932 suis
1467 2898 1720 2944 iniquitatibus
1749 2899 1836 2932 citra
1863 2906 1981 2932 tamen
2007 2899 2132 2932 condi-

253 2977 365 3012 gnum
395 2966 522 3013 punito
553 2966 597 3000 de
627 2965 735 3000 bonis
765 2966 1025 3000 ecclesiasticis
1055 2966 1215 2999 scienter
1246 2965 1509 3012 presumpserit
1541 2965 1759 3007 ministrare,
1793 2972 1828 2999 tu
1861 2966 1896 2999 id
1927 2965 2034 2998 nobis
2070 2978 2134 3010 per
