2580 3528
252 419 348 460 1266]
587 429 636 452 ΑΒ
669 428 777 452 Auno
810 428 890 452 nce
922 428 1057 458 usqua:
1091 428 1141 451 AD
1175 429 1406 452 ramerum
1441 429 1482 451 1v
1516 429 1607 452 aas.
1643 430 1781 453 runc.
2059 423 2125 456 459

245 510 329 536 nupta
346 503 417 528 edito
435 505 549 535 apparet
566 502 724 535 Collegium,
739 503 810 535 quod
828 502 1018 527 nominabatur
1033 502 1141 534 σοὶἰὲρθ
1158 503 1200 527 du
1218 502 1370 532 Trdsorier,
1386 511 1430 527 an.
1450 503 1520 532 1266,
1536 503 1659 527 Octobris
1674 504 1713 532 11,
1726 504 1782 536 jam
1801 513 1860 528 esse
1880 506 2027 529 fundatum.
2048 506 2125 530 Guil-

244 547 341 572 lelnmn
355 547 388 572 de
407 547 495 571 Suana
509 547 567 579 jam
586 555 629 571 an.
646 547 709 571 1240
722 547 884 577 nominatur,
899 550 925 571 et
938 550 999 571 ante
1013 555 1056 572 an.
1073 547 1142 576 1253,
1158 547 1221 572 Maii
1234 549 1257 576 5,
1268 547 1452 571 thesaurarius
1462 548 1590 572 eeclesiae
1600 549 1802 580 Rotomagensis
1818 550 1902 573 taetus
1915 553 1965 574 est.
1979 550 2018 574 Cf.
2034 550 2123 574 Robu-

245 591 305 616 latd
327 591 360 616 de
382 591 569 624 Beeurepaire,
587 590 758 617 Becherches
780 598 835 618 sur
858 591 1054 618 l'Instructt'on
1072 591 1210 624 motione
1223 593 1296 618 dans
1316 592 1342 617 le
1354 591 1459 618 diocese
1472 594 1505 617 de
1519 592 1630 621 Rauen,
1646 593 1666 621 1,
1683 593 1728 617 184
1748 601 1798 625 sq„
1820 593 1866 617 ubi
1885 597 2022 626 praeterea
2036 595 2124 619 omnia

245 635 411 665 documenta,
431 644 499 669 quae
517 635 667 668 Collegium
685 635 821 661 Guillelmi
841 636 873 660 de
893 636 980 660 Suana
995 635 1142 669 respiciunt
1156 639 1182 660 et
1195 636 1223 660 in
1242 637 1316 662 arch.
1333 637 1435 669 depart.
1452 637 1484 661 de
1499 637 1526 660 la
1547 637 1786 662 Seiae-Inferieure
1801 638 1910 670 (nonen)
1924 642 2123 668 conservantur,

245 680 409 713 alleguntur:
425 689 492 713 quae
507 680 614 713 quidem
628 681 662 705 ad
676 680 819 705 historiam
833 680 944 713 Collegii
965 689 1033 705 saec.
1049 681 1110 705 xm
1129 681 1196 705 levis
1220 681 1347 705 momenti
1372 684 1442 706 sunt.
1458 694 1487 700 —
1503 682 1527 706 2.
1542 682 1599 706 Non
1623 682 1721 706 dicitur
1744 682 1790 706 ubi
1812 682 1922 706 Parisiis
1940 683 2005 707 haec
2025 684 2118 707 domus

245 724 333 749 fuerit.
349 724 534 749 Verisimiliter
552 727 593 749 est
610 724 667 754 illa,
686 725 762 757 eujus
785 725 815 749 fit
829 725 927 749 mentio
946 725 973 749 in
998 726 1154 750 documento
1174 733 1217 750 an.
1233 726 1294 750 1268
1315 725 1395 756 (infra
1416 730 1445 749 n⁰
1463 726 1529 756 423),
1550 726 1567 749 i.
1591 734 1613 750 e.
1638 734 1650 750 a
1668 726 1744 758 juxta
1768 727 1885 759 Han-pam
1906 736 1928 756 ι»,
1950 728 1976 751 in
1997 728 2123 760 parochia

245 768 272 793 S.
293 769 421 794 Severini.
444 770 491 794 An.
515 770 577 794 127³
596 769 755 795 Guillelmue
773 770 805 794 de
827 770 915 794 Saena
934 770 1043 794 domum
1061 770 1211 802 proximam
1232 770 1367 795 Son-bonae
1386 770 1458 799 emit,
1476 770 1523 794 ubi
1548 773 1642 803 postea
1664 771 1810 803 Collegium
1833 772 1993 796 thesaurarii
2015 773 2122 796 exstitit.

243 813 309 838 Vide
323 813 509 847 Beanrepaire,
522 814 541 838 l.
555 822 588 843 c.,
603 822 630 846 p.
647 814 703 839 193.
716 828 748 833 —
759 815 782 839 ³.
796 814 933 847 Originale
946 815 1128 839 dilaceratum.

244 981 359 1019 412.
385 990 512 1018 Clemens
529 991 572 1018 IV
579 991 717 1026 magistro
735 990 885 1018 Guitlelmo
900 990 936 1018 de
953 993 980 1018 S.
997 992 1101 1018 Amor-e
1115 991 1217 1018 scribit
1234 991 1270 1018 de
1289 992 1383 1029 ipsius
1401 991 1474 1019 libr-o
1489 992 1526 1019 de
1539 1001 1608 1019 novo
1623 992 1710 1028 edito,
1729 993 1780 1029 qui
1798 992 1865 1020 licet
1882 993 2024 1020 interdum
2045 992 2123 1020 alias

333 1048 425 1066 aurae
439 1039 567 1075 cir-oinct,
585 1043 703 1067 veter-em
717 1042 813 1067 lamen
829 1040 947 1067 mulsum
962 1041 1050 1078 sapit.

1449 1087 1525 1117 12⁶6,
1541 1086 1658 1114 Octobr-ie
1674 1087 1711 1118 18.
1729 1087 1837 1114 riter-⁶1⁰1:

336 1158 478 1193 Dilecto
512 1159 588 1193 filio
622 1160 798 1206 magistro
833 1160 1038 1195 Guillermo
1072 1160 1118 1194 de
1153 1161 1283 1194 Sancto
1317 1161 1464 1194 Amore.
1501 1161 1538 1195 Si
1576 1161 1672 1195 circa
1709 1162 1872 1196 veritatis
1913 1162 2122 1208 indaginem

247 1224 428 1268 elaboras,
453 1226 486 1260 si
511 1226 670 1260 cautelas
695 1227 851 1261 ecclesie
879 1227 1107 1261 necessarias
1134 1227 1280 1274 colligis
1305 1239 1348 1261 ex
1373 1228 1579 1274 scripturis,
1607 1228 1805 1262 dummodo
1832 1235 1951 1262 tamen
1976 1228 2124 1263 sobrius

247 1292 444 1338 inquisitor
470 1292 605 1327 existas
631 1299 668 1327 et
691 1293 846 1327 activum
873 1293 988 1327 evites
1015 1293 1239 1335 scandalum,
1270 1305 1343 1327 non
1370 1300 1404 1327 te
1425 1294 1609 1328 credimus
1628 1295 1869 1341 arguendum.
1898 1295 1969 1329 Sed
1994 1308 2124 1331 caven-

246 1358 332 1393 dum
358 1358 500 1393 esttibi
524 1371 571 1393 ne
594 1359 654 1394 vel
677 1360 936 1406 preteritorum
958 1366 1020 1393 tuo
1041 1359 1167 1394 hereat
1191 1360 1312 1394 animo
1338 1361 1447 1394 nimis
1472 1350 1579 1394 temax
1598 1361 1785 1403 memoria,
1814 1369 1849 1396 et
1868 1362 1937 1396 sub
1958 1363 2123 1397 doctrine

245 1425 368 1472 specie
392 1425 609 1460 detractoris
635 1426 780 1460 colores
807 1426 977 1469 insidias,
1004 1426 1062 1461 vel
1089 1426 1188 1460 illam
1214 1426 1507 1473 objurgationem
1529 1428 1703 1461 merearis
1729 1428 1856 1462 audire
1883 1441 1952 1474 qua
1973 1429 2121 1463 Paulum

246 1492 367 1539 tetigit
385 1493 516 1527 Festus
536 1493 664 1528 dicens
685 1505 726 1527 :«
744 1495 796 1528 Te
816 1493 930 1527 multe
950 1493 1071 1527 littere
1091 1494 1230 1528 faciunt
1248 1494 1453 1528 insanire».
1477 1495 1570 1528 Sane
1590 1494 1754 1528 libellum
1778 1496 1929 1530 novum¹
1952 1496 2124 1531 evolvere

245 1559 411 1606 cepimus
429 1571 536 1606 quem
557 1560 704 1602 misisti,
725 1560 788 1606 qui
813 1560 900 1594 licet
922 1560 1107 1594 interdum
1133 1560 1222 1595 alias
1248 1573 1354 1595 auras
1378 1561 1544 1604 circinat,
1565 1568 1725 1596 veterem
1749 1568 1817 1596 tam
1838 1562 1991 1596 multum
2017 1564 2123 1609 sapit,

245 1632 282 1661 et
309 1638 391 1660 cum
421 1638 600 1661 excussus
625 1627 737 1661 suerit
762 1633 798 1661 et
827 1627 1034 1670 discussus,
1063 1627 1150 1662 licet
1175 1627 1372 1662 coloratior
1397 1627 1435 1661 in
1462 1627 1646 1674 aliquibus
1674 1629 1852 1671 videatur,
1882 1636 1990 1663 totam
2018 1630 2124 1676 primi

245 1692 484 1728 substantiam
506 1693 805 1740 comprobabitur
825 1694 997 1728 retinere.
1019 1696 1156 1729 Verum
1178 1695 1262 1741 quia
1282 1701 1397 1729 totum
1419 1707 1493 1729 non
1513 1695 1686 1742 legimus,
1707 1695 1820 1730 nichil
1841 1696 1906 1730 tibi
1927 1709 2124 1743 possumus

246 1760 485 1807 respondere,
508 1760 580 1795 nisi
599 1761 698 1807 quod
719 1761 870 1807 provida
891 1761 1082 1808 diligentia
1104 1774 1167 1796 cor
1187 1768 1288 1796 tuum
1309 1762 1465 1805 munias,
1491 1774 1536 1796 ne
1558 1762 1627 1796 sub
1648 1762 1736 1796 boni
1756 1763 1879 1809 specie
1905 1770 1939 1797 te
1960 1764 2122 1807 seducat,

245 1827 308 1874 qui
337 1839 377 1861 se
407 1834 447 1861 ut
472 1827 580 1862 lateat
608 1827 646 1861 in
675 1827 769 1862 lucis
797 1828 967 1875 angelum
999 1828 1245 1875 transfigurat.
1267 1830 1344 1863 Nos
1372 1836 1505 1872 autem,
1526 1841 1608 1863 cum
1639 1829 1747 1863 nobis
1773 1830 2034 1876 relegerimus’
2055 1831 2123 1865 hoc

245 1879 462 1941 opusculum
490 1899 527 1928 et
552 1893 634 1928 aliis
660 1894 884 1929 amatoribus
910 1895 1074 1930 veritatis
1095 1902 1132 1929 et
1155 1895 1308 1930 eandem
1334 1896 1629 1942 intelligentibus
1656 1896 1694 1930 id
1718 1897 2122 1941 communicaverimus,

244 1947 331 1995 tunc
350 1960 449 2007 quod
470 1960 579 1995 nobis
606 1961 792 1996 videbitur
821 1961 886 1996 tibi
907 1961 1075 1996 dabimus
1105 1962 1287 1997 intimare.
1319 1963 1391 1997 Sed
1418 1963 1502 2009 quia
1532 1975 1592 1997 res
1621 1964 1744 1998 forsan
1770 1963 1884 1998 abibit
1908 1965 1946 1998 in
1971 1964 2122 2011 longum

245 2034 397 2074 propter
422 2028 655 2075 negotiorum
684 2029 892 2063 instantiam
921 2041 991 2076 que
1019 2029 1064 2063 de
1086 2029 1211 2064 mundi
1237 2030 1395 2064 diversis
1420 2030 1584 2077 partibus
1612 2043 1680 2064 nos
1704 2030 1813 2065 solito
1834 2031 1954 2065 acrius
1979 2032 2122 2078 inquie-

245 2100 334 2136 tant,
355 2093 527 2129 dilectum
554 2094 667 2129 filium
696 2096 911 2142 magistrum
933 2096 1131 2131 Thomam’
1154 2097 1354 2143 supradicti
1374 2105 1663 2144 presentatorem
1685 2098 1808 2144 operis
1835 2098 1928 2132 ultra
1949 2099 2121 2134 nolumus

245 2159 424 2195 detinere.
446 2161 525 2195 Dat.
547 2161 704 2196 Viterbii
723 2174 769 2198 xv
789 2162 859 2197 kal.
882 2163 1112 2206 Novembris,
1133 2175 1228 2198 anno
1248 2164 1286 2210 ij

337 2258 481 2290 Epittolae
499 2262 527 2284 et
545 2259 703 2285 dictamina
720 2260 868 2286 Clementis
878 2267 974 2293 papae
988 2261 1034 2286 IV
1049 2261 1075 2286 in
1090 2261 1167 2286 Arch.
1183 2262 1240 2286 Vnt.
1266 2266 1296 2286 ιιο
1310 2263 1349 2291 33,
1369 2270 1412 2295 ep.
1428 2263 1483 2292 26⁸,
1504 2263 1548 2287 fol.
1565 2263 1608 2291 48:
1626 2267 1655 2286 n⁰
1673 2264 1712 2291 34,
1729 2263 1774 2287 sol.
1795 2264 1838 2291 72;
1862 2267 1891 2286 n⁰
1914 2264 1953 2293 ³5,
1971 2263 2014 2287 fol.
2034 2265 2072 2288 54.
2088 2277 2119 2282 -—

243 2303 368 2334 Bul-eun,
383 2303 430 2332 ln,
446 2303 500 2327 382.

338 2387 361 2412 1.
377 2387 433 2412 Sub
447 2387 498 2412 into
513 2387 582 2412 libro
597 2388 772 2413 communiter
785 2388 972 2422 intelliguntur
987 2389 1164 2416 collectiones
1178 2390 1281 2416 cathol.
1297 2394 1322 2415 et
1337 2397 1438 2416 canon.
1451 2390 1622 2422 scripturae,
1638 2390 1664 2414 in
1681 2390 1829 2416 Guillelmi
1842 2397 1914 2423 opp..
1930 2392 1971 2416 ed.
1988 2392 2119 2416 Constan-

245 2431 307 2460 tine,
322 2431 392 2461 1⁶32,
410 2440 437 2464 p.
450 2432 504 2463 111,
520 2440 634 2465 quarum
649 2433 700 2458 huc
715 2441 799 2466 unque
813 2434 841 2458 31
858 2441 923 2459 ιιιιι,
937 2434 1112 2466 innpeximue.
1129 2434 1158 2459 ln
1173 2443 1237 2459 mu.
1254 2442 1322 2460 nec.
1339 2435 1398 2459 xm
1417 2438 1443 2459 et
1462 2435 1518 2459 xlv
1532 2435 1606 2459 deest
1620 2443 1714 2459 nomen
1729 2435 1856 2465 auctoris,
1871 2436 1916 2468 qui
1932 2437 1999 2460 forte
2013 2444 2064 2461 non
2079 2440 2120 2462 ent

245 2475 403 2501 Guillelmue
418 2476 451 2501 de
461 2477 488 2501 S.
499 2477 593 2501 Amore
602 2477 687 2510 (cujue
701 2480 789 2502 tomen
801 2478 892 2502 stilum
902 2481 928 2503 et
938 2478 1043 2502 dicendi
1058 2478 1165 2502 modum
1180 2479 1287 2503 omnino
1302 2479 1419 2511 redolet),
1431 2479 1538 2504 minime
1553 2479 1668 2511 quidem,
1680 2479 1742 2512 quia
1756 2489 1783 2512 p.
1794 2481 1840 2504 160
1852 2480 1956 2504 litterae
1967 2481 2072 2505 Martini
2086 2482 2119 2506 1v

243 2520 420 2551 adducuntur,
436 2529 496 2545 cum
511 2524 597 2546 textu·
613 2521 711 2546 ibidem
725 2530 774 2555 per
791 2522 950 2555 magi-trum
971 2522 1121 2547 Gemi-dum
1140 2523 1172 2547 de
1192 2523 1280 2548 Remi·
1295 2523 1470 2556 interpolatus
1485 2523 1529 2553 eit,
1551 2527 1580 2548 ut
1594 2532 1626 2548 ex
1643 2524 1711 2548 Bibl.
1728 2527 1781 2549 nat.
1803 2525 1887 2549 Parin.
1903 2533 1952 2549 mn.
1969 2525 2014 2550 lat.
2032 2526 2118 2555 15758,

244 2564 289 2589 fol.
302 2565 351 2597 22³,
373 2564 526 2595 ediecimuu,
549 2566 595 2590 ned
620 2569 732 2599 propter
757 2566 824 2591 nliu-
850 2574 954 2596 cautae,
970 2575 1036 2600 que·
1060 2567 1123 2591 data
1144 2567 1282 2592 occa-ione
1300 2568 1470 2592 adducemus.
1492 2568 1575 2592 Immo
1594 2568 1677 2594 Liber
1698 2570 1733 2594 de
1750 2569 1922 2595 Antichristo
1942 2572 1969 2596 ee
1991 2570 2119 2601 eiusdem

243 2608 385 2635 ministris
399 2617 482 2642 supra
495 2610 661 2643 designatur,
676 2610 752 2643 cuju·
766 2614 852 2635 exstat
870 2612 928 2636 cod.
949 2611 1074 2644 antiquu-
1091 2612 1188 2636 Romae
1209 2611 1236 2636 in
1250 2611 1320 2637 Bibl.
1336 2612 1468 2644 Angelica,
1485 2612 1515 2637 Τ.
1535 2613 1559 2637 8.
1578 2613 1616 2642 27,
1633 2613 1700 2638 alter
1714 2621 1784 2638 saec.
1800 2613 1856 2638 xlv
1870 2613 1939 2638 Bibl.
1956 2618 2009 2638 nat.
2033 2614 2116 2639 Parin.

243 2661 293 2678 me.
309 2653 395 2683 14578,
410 2654 454 2679 sol.
472 2655 526 2684 172,
541 2655 582 2679 ed.
597 2654 623 2679 in
639 2655 883 2685 martene-nurum,
904 2656 960 2682 Vee.
978 2656 1028 2681 88.
1042 2656 1131 2688 ampl.
1141 2656 1216 2685 coll„
1227 2656 1270 2685 lx,
1284 2657 1354 2681 127³.
1371 2657 1509 2681 Auctorem
1524 2656 1603 2689 hujus
1618 2657 1680 2682 libri
1695 2666 1753 2682 ene
1768 2657 1948 2687 Guillelmum,
1957 2658 2012 2691 jam
2025 2659 2118 2683 doetus

243 2697 351 2731 quid-m
366 2698 393 2723 in
408 2699 541 2725 Her-cure
553 2700 587 2725 de
601 2699 722 2730 From-e,
736 2700 806 2730 ¹750,
821 2700 944 2729 octobre,
959 2709 986 2733 p.
999 2701 1027 2725 71
1038 2709 1108 2733 aqq„
1123 2703 1149 2725 et
1163 2701 1192 2726 v.
1208 2701 1242 2725 Le
1257 2701 1340 2730 clerc.
1356 2701 1431 2727 Hm.
1445 2701 1499 2727 lm.
1511 2702 1546 2727 de
1559 2701 1588 2727 la
1604 2702 1722 2731 nance.
1739 2702 1804 2733 ΧΧΙ,
1818 2703 1874 2732 1170,
1890 2703 2073 2729 autumabant.
2088 2717 2119 2723 -

242 2742 267 2768 2.
282 2742 311 2767 Ν·
325 2743 365 2773 ³³,
379 2744 422 2775 ³¹1,
435 2744 482 2768 ³⁶:
499 2752 512 2768 ι
527 2744 670 2777 legerimus
687 2754 708 2769 n.
727 2759 754 2764 —
770 2746 793 2770 8.
809 2745 852 2771 Cf.
865 2745 898 2769 de
913 2745 963 2769 into
979 2745 1048 2770 infre
1063 2745 1204 2778 epi-totam
1219 2745 1354 2771 Guillelmi
1369 2746 1401 2770 de
1416 2746 1442 2771 S.
1461 2747 1555 2771 Amore
1570 2754 1615 2772 an.
1629 2747 1777 2773 1270-1271.
