2618 3640
264 447 361 488 1213]
607 456 654 478 AB
688 456 794 478 xxxo
828 455 905 478 uec
940 456 1072 485 usone
1107 456 1156 478 An
1190 456 1420 478 putuerunt
1455 456 1495 478 1v
1529 457 1618 479 nso.
1656 457 1792 479 rnxxc.
2097 451 2140 483 75

266 607 340 645 16.
362 617 466 643 Petrus
493 616 671 643 Par-islensis
699 616 850 653 episcopus
879 617 976 651 refert,
1004 615 1145 652 quomodo
1170 625 1207 642 ex
1230 616 1390 652 apostolico
1415 616 1553 642 mandato
1577 617 1617 642 sit
1639 618 1750 651 factum
1774 617 2041 643 concordamentum
2067 618 2141 644 inter

348 665 503 701 magistros
524 669 553 692 et
572 665 720 692 scholares
734 665 917 692 Parisienses
932 674 970 692 ex
991 674 1058 700 una,
1076 669 1103 691 et
1126 665 1284 691 Iohannem
1310 665 1517 692 cancellarium
1538 665 1734 692 Parisiensem
1749 674 1787 692 ex
1800 666 1863 692 alia
1876 670 1971 702 parte,
1990 670 2018 693 et
2029 671 2139 703 puncta

348 714 466 750 singula
481 714 696 751 compositionis
711 718 867 741 enumerat.

1542 778 1612 808 1273,
1627 786 1717 805 menso
1731 778 1851 811 Augusto.

349 867 478 899 Petrus
499 865 566 898 Dei
585 865 700 911 gratia
717 865 934 899 Parisiensis
955 865 1165 911 episcopus,
1183 865 1354 899 omnibus
1375 872 1566 911 presentes
1587 854 1726 899 litteras
1743 866 1965 912 inspecturis
1986 866 2138 899 salutem

260 934 298 967 in
323 932 491 966 Domino.
528 932 765 966 Universitati
802 938 924 966 vestre
962 938 1087 965 notum
1122 932 1274 966 facimus
1309 933 1421 978 quod,
1461 945 1542 966 cum
1582 933 1767 966 contentio
1805 939 2009 966 verteretur
2046 933 2141 966 inter

259 1001 290 1034 J.
322 999 576 1033 cancellarium
607 999 849 1032 Parisiensem
880 1011 924 1032 ex
953 1011 1023 1032 una
1053 1005 1166 1044 parte,
1197 1006 1234 1032 et
1261 999 1456 1045 magistros
1485 1006 1522 1033 et
1550 999 1710 1033 scolares
1740 1000 1967 1033 Parisienses
1996 1011 2039 1033 ex
2072 999 2141 1033 alia

261 1078 372 1112 super
392 1066 549 1100 diversis
569 1065 743 1111 querelis,
771 1066 841 1111 ipsi
867 1066 1031 1111 magistri
1057 1072 1093 1099 et
1117 1066 1277 1099 scolares
1302 1066 1346 1099 ad
1366 1066 1513 1111 judices
1532 1066 1721 1112 delegatos
1742 1066 1881 1099 litteras
1902 1067 2142 1112 impetrarunt

260 1133 479 1179 apostolicas
499 1132 569 1166 sub
589 1132 654 1166 hac
679 1132 794 1165 forma
816 1144 823 1165 :
847 1132 1084 1166 Innocentius
1109 1133 1306 1178 episcopus
1326 1145 1455 1166 servus
1477 1144 1666 1166 servorum
1689 1133 1756 1166 Dei
1775 1132 1977 1167 venerabili
1997 1133 2097 1166 sratri
2117 1159 2138 1166 ..

261 1200 435 1245 episcopo
456 1206 493 1233 et
511 1199 655 1232 dilectis
679 1198 765 1232 filiis
784 1225 804 1232 ..
828 1199 966 1232 decano
987 1206 1023 1232 et
1041 1225 1062 1232 ..
1085 1199 1341 1233 archidiacono
1361 1201 1515 1232 Trecen.
1543 1199 1695 1233 salutem
1717 1206 1753 1233 et
1771 1199 2006 1245 apostolicam
2029 1199 2141 1232 bene-

261 1267 470 1300 dictionem.
494 1265 669 1299 Miramur
694 1277 767 1298 non
788 1265 1006 1306 modicum‘,
1027 1271 1091 1299 etc.
1114 1271 1153 1299 ut
1171 1277 1282 1310 supra
1303 1269 1339 1298 n⁰
1367 1267 1418 1299 14.
1445 1266 1607 1299 Tandem
1635 1272 1754 1299 autem
1780 1266 1875 1299 idem
1901 1266 2141 1299 cancellarius

261 1340 298 1367 et
327 1332 491 1379 magistri
512 1339 557 1366 ‘et
584 1331 746 1365 scolares
776 1332 1003 1365 Parisienses
1034 1331 1279 1365 mediantibus
1308 1332 1417 1365 bonis
1446 1332 1536 1365 viris
1565 1339 1746 1365 venerunt
1773 1333 1811 1365 in
1841 1333 2072 1366 concordiam
2104 1333 2141 1365 in

260 1400 357 1433 hunc
378 1399 539 1440 modum,
567 1398 752 1439 videlicet,
778 1398 863 1443 quia
883 1399 1147 1431 commiserunt
1166 1410 1206 1431 se
1227 1398 1378 1432 arbitrio
1403 1405 1439 1432 et
1457 1399 1677 1432 ordinationi
1698 1411 1763 1432 sex
1783 1399 2025 1432 discretorum
2045 1399 2143 1433 viro-

261 1477 355 1508 rum,
382 1465 524 1499 scilicet
550 1466 588 1498 P.
615 1465 857 1506 succentoris,
885 1466 925 1498 R.
953 1464 1143 1510 capellani,
1171 1471 1207 1498 et
1230 1465 1368 1498 domini
1394 1464 1646 1506 Alebrandini,
1676 1465 1936 1498 canonicorum
1962 1466 2143 1498 Parisien-

261 1533 355 1566 sium
390 1544 434 1566 ex
467 1538 567 1578 parte
601 1531 822 1572 cancellarii,
851 1538 929 1565 et..
967 1531 1094 1565 decani
1129 1531 1438 1573 Saresburiensis,
1466 1538 1502 1565 et
1537 1532 1700 1577 magistri
1727 1532 1772 1565 G.
1805 1532 1850 1564 de
1878 1533 1926 1564 La
1960 1533 2071 1573 Mare,
2108 1539 2144 1565 et

261 1598 426 1645 magistri
459 1599 522 1635 W.
550 1598 596 1632 de
631 1598 762 1632 Sancto
796 1597 940 1631 Melano
976 1610 1020 1631 ex
1054 1604 1153 1643 parte
1188 1598 1445 1643 magistrorum
1481 1604 1517 1631 et
1550 1597 1745 1631 scolarium
1773 1598 1875 1643 :ipsi
1909 1610 1996 1631 vero
2034 1598 2143 1644 longa

261 1665 526 1699 deliberatione
555 1664 675 1698 habita
705 1671 741 1698 et
769 1671 920 1698 tractatu
951 1671 1098 1710 pensata
1128 1664 1282 1698 utilitate
1312 1664 1507 1698 scolarium
1538 1671 1574 1698 et
1603 1664 1784 1698 scolarum
1814 1664 2033 1710 prudentum
2061 1665 2144 1697 freti

261 1732 416 1766 consilio
436 1744 503 1778 pro
523 1731 622 1765 bono
643 1731 742 1777 pacis
763 1731 1026 1765 ordinaverunt
1045 1743 1157 1777 super
1177 1731 1248 1765 hiis
1269 1732 1306 1764 in
1325 1731 1422 1764 hunc
1448 1731 1608 1764 modum.
1630 1731 1825 1772 Videlicet,
1847 1731 1946 1776 quod
1967 1731 2145 1764 cancella-

263 1799 339 1832 rius
373 1805 597 1832 sacramenta
630 1797 816 1831 fidelitatis
849 1797 907 1832 vel
936 1797 1146 1831 obedientie
1180 1797 1238 1832 vel
1271 1798 1375 1831 aliam
1411 1797 1672 1843 obligationem
1707 1797 1863 1843 aliquam
1899 1809 1964 1843 pro
1999 1797 2145 1831 licentia

262 1865 411 1912 legendi
445 1865 563 1899 danda
596 1877 670 1898 non
700 1865 822 1910 exiget
854 1864 899 1898 ab
939 1864 1062 1910 aliquo
1100 1864 1241 1898 lecturo
1281 1865 1456 1903 Parisius,
1492 1871 1528 1897 et
1561 1865 1668 1898 etiam
1703 1863 1961 1897 relaxabuntur
1996 1864 2144 1909 prestita

257 1933 474 1978 juramenta.
504 1933 592 1965 Item
621 1931 811 1977 pecuniam
840 1943 914 1964 non
941 1932 1064 1977 exiget
1088 1931 1328 1965 cancellarius
1356 1943 1422 1964 nec
1452 1931 1608 1977 aliquam
1639 1930 1743 1964 aliam
1773 1942 1848 1964 rem
1879 1930 1960 1963 loco
1990 1931 2145 1976 pecunie

262 1998 384 2044 aliquo
409 1998 518 2032 modo
545 2010 610 2044 pro
635 1998 782 2031 licentia
807 1998 936 2031 danda.
964 1999 1133 2031 Preterea
1157 1998 1313 2032 clericos
1340 2010 1414 2031 non
1441 1997 1692 2040 incarcerabit,
1720 1997 1783 2031 ubi
1809 2009 1883 2030 non
1908 1997 2144 2042 presumitur,

263 2065 361 2111 quod
387 2077 453 2111 pro
473 2065 689 2099 enormitate
715 2064 838 2098 delicti
864 2077 1014 2098 examen
1035 2064 1173 2110 judicis
1198 2065 1285 2110 suge
1310 2065 1472 2110 presidio
1498 2063 1655 2098 debeant
1680 2063 1878 2105 declinare,
1904 2063 1962 2097 vel
1988 2063 2058 2097 nisi
2080 2075 2145 2108 pro

263 2131 331 2165 alia
353 2132 452 2177 justa
477 2138 514 2164 et
540 2131 700 2165 evidenti
725 2143 854 2170 causa;
884 2137 920 2164 et
945 2131 975 2164 si
1002 2131 1153 2164 dubium
1179 2131 1239 2172 sit,
1267 2138 1386 2164 utrum
1413 2131 1460 2165 sit
1481 2132 1580 2176 justa
1605 2130 1663 2164 vel
1689 2130 1854 2172 evidens,
1883 2130 2002 2163 statim
2027 2141 2146 2163 recur-

264 2205 363 2232 ratur
391 2198 437 2232 ad
466 2210 535 2231 nos
563 2197 623 2231 vel
648 2197 837 2231 officialem
866 2204 1030 2231 nostrum
1051 2198 1095 2231 ad
1123 2198 1439 2231 determinandum
1466 2204 1585 2231 utrum
1607 2197 1655 2231 sit
1673 2198 1773 2242 justa
1798 2203 1834 2230 et
1858 2197 2022 2230 evidens.
2052 2198 2096 2229 Et
2115 2196 2146 2229 si

264 2265 359 2298 circa
379 2264 631 2298 sufficientiam
652 2264 832 2298 cautionis
853 2264 997 2310 questio
1023 2264 1173 2306 oriatur,
1200 2277 1265 2310 per
1291 2276 1359 2298 nos
1384 2264 1442 2298 vel
1467 2264 1656 2297 officialem
1683 2270 1847 2296 nostrum
1869 2263 2145 2304 determinetur,

265 2331 361 2364 sicut
393 2337 429 2364 et
461 2330 532 2364 alio
562 2342 648 2364 casu
683 2331 855 2376 superius
885 2338 941 2365 est
970 2343 1206 2377 expressum,
1243 2338 1279 2364 et
1312 2331 1343 2364 si
1377 2331 1623 2364 incarceratus
1653 2330 1775 2370 suerit,
1812 2341 1877 2375 per
1906 2329 2144 2362 sufficientem

266 2397 470 2431 cautionem
505 2397 691 2442 prestitam
725 2409 743 2430 a
773 2409 918 2430 carcere
947 2397 1138 2438 liberetur,
1173 2409 1240 2430 nec
1270 2397 1425 2431 clericos
1455 2397 1620 2430 citandos
1651 2408 1717 2429 nec
1747 2395 1946 2441 capiendos
1975 2395 2054 2440 capi
2089 2394 2147 2428 vel

266 2464 369 2497 citari
402 2463 510 2497 saciet
542 2475 608 2509 per
641 2463 809 2509 publicos
844 2463 1047 2504 ministros,
1083 2464 1167 2497 dum
1199 2464 1255 2497 sui
1285 2464 1330 2497 ad
1359 2463 1427 2496 hoc
1458 2463 1649 2496 sufficiant.
1686 2461 1936 2496 Cancellarius
1970 2461 2075 2494 etiam
2110 2462 2147 2494 in

266 2542 387 2572 causa,
412 2530 451 2563 in
471 2541 540 2575 qua
561 2530 701 2564 ratione
721 2529 937 2563 cancellarie
956 2530 1071 2575 judex
1092 2537 1160 2572 est,
1186 2542 1259 2563 non
1286 2530 1408 2575 exiget
1428 2541 1495 2563 nec
1516 2529 1667 2574 recipiet
1691 2528 1935 2574 pecuniariam
1957 2528 2146 2561 emendam

267 2609 333 2643 pro
357 2597 490 2642 injuria
514 2597 605 2630 facta
631 2597 693 2630 uni
721 2596 853 2630 scolari
879 2596 924 2630 ab
949 2596 1034 2638 alio,
1062 2596 1120 2630 vel
1145 2596 1280 2630 clerico
1305 2596 1363 2629 vel
1388 2596 1503 2636 laico;
1533 2608 1600 2629 nec
1628 2595 1748 2636 etiam,
1778 2595 1809 2628 si
1835 2595 1905 2640 ipsi
1929 2594 2147 2628 cancellario

267 2663 329 2697 fiat
347 2663 493 2709 injuria,
514 2663 704 2697 emendam
726 2663 971 2709 pecuniariam
993 2663 1127 2708 poterit
1146 2663 1307 2708 exigere,
1330 2663 1400 2695 nisi
1422 2662 1634 2696 auctoritate
1655 2661 1819 2707 episcopi
1840 2661 1897 2695 vel
1921 2661 2145 2707 superioris;

268 2730 334 2764 sed
360 2729 591 2775 injuriantem
621 2730 754 2775 poterit
779 2729 1048 2775 condempnare
1079 2730 1115 2762 in
1146 2729 1335 2775 pecuniam
1367 2729 1445 2762 leso
1476 2728 1719 2774 prestandum.
1752 2729 1826 2761 Hec
1855 2734 1974 2762 autem
2002 2728 2148 2761 ordina-

267 2802 400 2830 verunt
427 2803 604 2842 perpetuo
639 2795 878 2830 observanda.
915 2796 995 2829 Alia
1029 2807 1116 2830 vero
1150 2808 1222 2841 que
1256 2802 1461 2841 sequuntur
1494 2795 1538 2829 ad
1573 2802 1717 2841 teinpus
1751 2793 1940 2836 tenebunt,
1976 2794 2147 2839 quamdiu

268 2862 441 2897 videlicet
463 2862 651 2909 predictus
675 2862 914 2896 cancellarius
940 2862 1190 2896 cancellariam
1218 2862 1367 2896 tenebit.
1396 2864 1508 2896 Porro
1533 2861 1670 2907 petenti
1694 2861 1875 2895 licentiam
1898 2861 1943 2894 de
1964 2860 2147 2906 theologia

270 2941 344 2963 non
369 2929 503 2975 poterit
525 2915 766 2968 cancellarius
791 2929 975 2975 denegare
999 2929 1196 2972 licentiam,
1223 2930 1254 2963 si
1281 2931 1394 2975 major
1420 2941 1502 2975 pars
1528 2928 1783 2974 theologorum
1810 2927 2009 2974 legentium
2032 2926 2146 2972 perhi-

271 2994 393 3029 buerit
420 2995 454 3030 ei
484 2995 731 3030 testimonium
759 3002 795 3029 et
821 2996 1021 3030 asseruerit
1050 3008 1114 3041 pro
1144 2993 1245 3038 vero,
1274 2996 1371 3042 quod
1403 2996 1559 3029 idoneus
1589 2994 1637 3028 sit
1665 2994 1709 3027 ad
1738 2993 1819 3035 hoc,
1851 2993 1951 3027 salvo
1978 2993 2046 3026 hoc
2077 2993 2145 3038 ipsi
