2580 3528
470 395 536 428 228
966 381 968 383 ι
1050 400 1369 425 Cllmi'rULAnluM
1404 398 1594 421 umvans.
1631 396 1760 419 PAms.
2243 387 2343 428 [1252

471 477 779 511 examinatoribus
800 490 866 510 nec
889 477 1003 510 minas
1024 487 1090 509 nec
1116 475 1234 519 aliqua
1260 473 1349 506 mala
1375 473 1534 505 inferent
1558 482 1624 503 nec
1650 482 1715 515 per
1740 481 1779 502 se
1800 481 1867 502 nec
1888 481 1953 515 per
1973 469 2078 512 alios,
2105 470 2136 504 si
2156 471 2344 517 contingat

470 544 710 577 bachellarios
736 543 895 585 refutari,
925 543 1006 588 quia
1032 541 1167 575 debent
1191 551 1399 585 supponere
1425 537 1523 583 quod
1553 537 1817 570 examinatores
1847 536 2050 570 secundum
2081 537 2342 572 conscientiam

471 618 505 644 et
531 611 639 644 fidem
661 610 704 643 ad
732 606 907 642 honorem
936 608 1047 642 studii
1074 614 1109 640 et
1129 606 1312 640 nascionis
1338 603 1597 650 processerint.
1622 602 1869 636 Bachellarius
1895 609 2012 636 autem
2033 603 2277 638 licentiandus
2297 604 2365 654 ad·

471 676 784 709 determinandum
810 676 846 708 in
874 674 1012 708 artibus
1041 673 1200 706 Parisius
1222 672 1268 705 sit
1291 670 1421 716 viginti
1442 682 1632 711 annorum,
1661 669 1719 703 vel
1746 669 1791 702 ad
1812 669 1932 703 minus
1951 669 2186 704 vicessimum
2207 683 2340 704 annum

470 743 517 776 sit
535 743 740 788 ingressus,
762 742 914 774 honeste
934 741 1006 773 vite
1028 740 1075 772 sit
1094 746 1127 772 ct
1149 737 1444 771 conversacionis
1465 735 1671 769 laudabilis.
1695 736 1827 781 Capam
1849 748 1922 769 non
1942 735 2072 771 habeat
2090 737 2170 770 sine
2190 738 2341 783 capucio

470 809 633 854 ejusdem
666 808 787 854 panni,
818 819 935 852 neque
965 806 1152 851 capucium
1184 816 1263 837 cum
1297 803 1457 836 nodulis.
1490 804 1570 836 Non
1599 802 1730 836 habeat
1763 803 1904 836 mitram
1934 803 1972 836 in
2002 803 2118 849 capite
2149 804 2187 837 in
2215 804 2339 846 scolis,

469 875 639 920 quamdiu
672 873 938 907 determinabit.
972 873 1007 905 Si
1037 871 1166 904 habeat
1195 870 1412 903 beneficium
1443 881 1591 911 corone,
1624 881 1794 902 coronam
1823 869 1953 903 habeat
1981 869 2101 911 talem,
2133 882 2200 904 nec
2231 882 2342 917 super

468 941 535 974 hoc
566 941 697 986 poterit
727 946 787 972 ant
816 939 943 972 debeat
974 937 1206 983 reprehendi.
1239 938 1326 970 Item
1358 943 1549 981 antequam
1580 935 1624 969 ad
1653 936 1962 969 examinacionem
1991 937 2200 982 recipiatur,
2231 937 2340 971 fidem

466 1007 572 1040 saciet
598 1006 822 1051 corporalem
853 1005 949 1050 quod
978 1004 1086 1037 habet
1117 1003 1235 1037 scolas
1261 1003 1427 1048 proprias
1458 1003 1622 1048 magistri
1648 1002 1817 1036 debentis
1847 1015 1977 1049 regere
2004 1003 2042 1036 in
2067 1003 2141 1037 illis
2167 1010 2246 1038 actu
2275 1016 2341 1050 per

467 1079 573 1106 totam
596 1072 907 1117 quadragesimam
936 1078 968 1104 et
997 1070 1210 1115 magistrum
1236 1069 1438 1115 proprium,
1466 1068 1535 1102 sub
1561 1081 1633 1114 quo
1661 1076 1758 1115 petat
1777 1069 1960 1103 licentiam
1981 1070 2260 1111 determinandi,
2281 1070 2340 1104 vel

465 1138 721 1171 bachellarium
754 1138 982 1182 incepturum
1013 1137 1049 1169 in
1080 1136 1218 1170 artibus
1248 1136 1292 1169 ad
1326 1136 1475 1181 longius
1508 1136 1600 1169 infra
1633 1136 1906 1182 carniprivium,
1942 1136 1979 1169 in
2013 1138 2118 1182 cujus
2147 1137 2259 1171 scolis
2293 1137 2342 1171 sit

464 1205 781 1238 determinaturus.
809 1205 897 1236 Item
925 1204 1022 1249 quod
1049 1203 1205 1236 audierit
1231 1203 1268 1235 in
1294 1202 1433 1236 artibus
1461 1215 1526 1248 per
1552 1203 1714 1249 quinque
1741 1215 1856 1236 annos
1881 1203 1939 1237 vel
1967 1210 2122 1248 quatuor
2149 1204 2193 1237 ad
2218 1204 2339 1238 minus

464 1271 623 1304 Parisins
651 1271 822 1303 continue
847 1270 904 1304 vel
930 1270 1028 1311 alibi,
1059 1269 1121 1302 ubi
1148 1270 1308 1303 studium
1335 1270 1436 1315 viget
1456 1270 1663 1303 universale
1689 1270 1734 1303 de
1760 1269 1912 1304 artibus.
1943 1271 2099 1316 Insuper
2124 1270 2222 1316 quod
2242 1271 2340 1304 audi—

462 1338 555 1370 verit
583 1337 698 1370 libros
726 1337 928 1370 Aristotilis
959 1337 1002 1369 de
1039 1337 1159 1370 Veteri
1187 1336 1305 1382 logica
1318 1337 1342 1378 ⁸,
1380 1336 1552 1370 videlicet
1584 1336 1717 1370 librum
1751 1336 2103 1382 predicamentorum
2138 1343 2174 1371 et
2205 1337 2339 1371 librum

455 1404 720 1449 periarmenias
742 1403 799 1436 bis
819 1403 863 1436 ad
884 1403 1004 1436 minus
1026 1403 1222 1445 ordinarie,
1253 1410 1289 1436 et
1316 1403 1430 1436 semel
1451 1404 1637 1445 cursorie;
1664 1403 1798 1436 librum
1822 1415 1885 1438 sex
1903 1404 2197 1449 principiorum‘
2221 1391 2339 1438 ⁴semel

463 1470 645 1503 ordinarie
672 1470 716 1503 ad
743 1470 863 1503 minus
891 1477 926 1503 et
953 1469 1066 1503 semel
1094 1470 1280 1511 cursorie;
1312 1469 1428 1503 libros
1455 1470 1627 1504 videlicet
1652 1477 1727 1503 tres
1752 1470 1890 1516 primos
1915 1471 2115 1516 topicorum
2145 1477 2181 1504 et
2204 1470 2338 1505 librum

461 1537 701 1571 divisionum⁵
731 1537 843 1570 semel
870 1537 1053 1570 ordinarie
1080 1537 1137 1570 vel
1165 1537 1209 1570 ad
1236 1537 1356 1570 minus
1377 1537 1560 1579 cursorie;
1587 1537 1703 1571 libros
1731 1538 1930 1583 topicorum
1958 1537 2159 1572 Aristotilis
2187 1545 2222 1572 et
2248 1538 2340 1573 elen—

462 1615 582 1637 corum
613 1603 669 1636 bis
699 1604 895 1642 ordinarie,
931 1610 966 1636 et
999 1604 1112 1636 semel
1147 1603 1191 1637 ad
1222 1604 1342 1637 minus
1375 1604 1552 1646 cursorie,
1584 1604 1647 1638 vel·
1677 1604 1708 1637 si
1742 1616 1815 1637 non
1845 1605 2023 1646 cursorie,
2059 1605 2103 1638 ad
2133 1605 2254 1639 minus
2284 1611 2339 1639 ter

463 1670 664 1710 ordinarie,
697 1670 827 1703 librum
856 1671 1027 1715 priorum
1058 1670 1171 1703 semel
1203 1671 1386 1704 ordinarie
1417 1678 1452 1704 et
1481 1671 1595 1704 semel
1625 1671 1803 1713 cursorie,
1834 1671 1893 1705 vel
1923 1671 1970 1705 sit
1998 1672 2035 1704 in
2063 1672 2259 1714 audiendo,
2290 1672 2338 1706 ita

462 1737 559 1782 quod
580 1737 807 1770 medietatem
829 1737 872 1770 ad
894 1737 1013 1770 minus
1034 1744 1115 1770 ante
1137 1738 1451 1783 quadragesimam
1479 1738 1726 1783 peraudiverit
1749 1738 1932 1771 audiendo
1959 1738 2132 1772 continue
2157 1750 2274 1785 usque
2299 1739 2336 1772 in

461 1803 586 1845 finem;
617 1803 747 1836 librum
776 1805 1022 1848 posteriorum
1052 1804 1165 1837 semel
1192 1805 1376 1838 ordinarie
1407 1805 1599 1850 complete.
1636 1806 1725 1838 Item
1761 1805 1859 1851 quod
1892 1805 2072 1839 audiverit
2103 1805 2336 1840 Pri-§sianum

461 1870 653 1904 minorem6
687 1877 722 1903 et
754 1871 1039 1904 barbarismum⁷
1074 1871 1131 1904 bis
1162 1871 1358 1914 ordinarie,
1394 1878 1430 1905 et
1463 1872 1507 1904 ad
1542 1872 1662 1905 minus
1697 1872 1878 1913 cursorie;
1909 1872 2140 1906 Prissianum
2169 1883 2335 1918 magnum

462 1936 575 1969 semel
600 1937 763 1970 cursorie
790 1937 902 1970 semel
914 1940 936 1970 ⁸.
967 1939 1055 1970 Item
1083 1937 1214 1971 librum
1242 1937 1285 1972 de
1307 1939 1427 1972 anima
1453 1938 1567 1972 semel
1592 1939 1772 1973 audiverit
1795 1939 1854 1973 vel
1879 1939 1927 1972 sit
1950 1939 1987 1972 in
2016 1939 2212 1981 audiendo,
2241 1939 2337 1972 sicut

461 2003 663 2048 predictum
684 2010 750 2036 est.
774 2005 861 2037 Item
884 2004 945 2037 det
963 2004 1071 2037 fidem
1097 2005 1194 2050 quod
1216 2017 1281 2050 per
1306 2005 1399 2039 duos
1425 2018 1541 2039 annos
1562 2006 1760 2051 diligenter
1780 2005 2053 2051 disputaciones
2074 2006 2333 2051 magistrorum

461 2069 497 2101 in
528 2070 648 2102 studio
675 2070 853 2115 solempni
879 2071 1163 2116 frequentaverit
1188 2078 1223 2105 et
1247 2084 1312 2117 per
1337 2072 1432 2106 idem
1458 2079 1602 2118 tempus
1628 2073 1672 2105 de
1699 2072 1984 2118 sophismatibus
2009 2072 2047 2105 in
2074 2072 2186 2106 scolis
2211 2073 2334 2118 requi-

462 2136 553 2169 situs
579 2137 821 2181 responderit.
850 2138 938 2170 Item
965 2150 1029 2183 per
1054 2151 1187 2171 annum
1216 2139 1397 2184 integrum
1427 2151 1445 2171 a
1474 2139 1653 2184 principio
1681 2139 1790 2172 unius
1818 2139 2097 2185 quadragesime
2125 2139 2169 2172 ad
2198 2139 2334 2184 princi·

460 2203 557 2247 pium
586 2203 734 2236 alterius
763 2204 823 2236 det
850 2204 971 2246 fidem,
1000 2205 1098 2250 quod
1126 2205 1357 2251 responderit
1383 2206 1428 2238 de
1454 2206 1659 2251 questione.
1689 2206 1725 2239 Si
1751 2213 1869 2239 autem
1895 2205 2139 2239 bachellarius
2164 2206 2334 2240 inventus

460 2269 568 2302 fucrit
588 2269 808 2303 sufficienter
830 2283 868 2303 se
889 2271 1027 2304 habens
1048 2272 1085 2304 in
1106 2272 1257 2305 scientia
1279 2272 1480 2306 secundum
1502 2273 1747 2306 testimonium
1771 2273 2070 2315 examinatorum,
2092 2279 2127 2306 et
2142 2285 2334 2306 numerum

460 2348 634 2368 annornm
661 2336 717 2369 vel
739 2336 914 2370 librorum
941 2338 998 2371 vel
1023 2339 1210 2371 audituum
1238 2351 1311 2372 non
1337 2339 1587 2385 compleverit,
1615 2340 1738 2373 nascio
1764 2347 1927 2374 reservat
1953 2339 2023 2373 sibi
2047 2346 2260 2385 potestatem
2289 2340 2333 2373 ad

462 2402 745 2447 dispensandum
777 2416 887 2449 super
914 2404 985 2437 hiis
1015 2405 1217 2438 secundum
1251 2406 1349 2451 quod
1383 2406 1454 2439 sibi
1489 2406 1623 2440 viderit
1651 2407 1836 2452 expedire.
1870 2408 1911 2440 Et
1939 2407 1976 2439 in
2005 2404 2067 2440 tali
2097 2418 2182 2440 casu
2212 2406 2331 2440 solum

459 2468 583 2501 licebit
613 2470 785 2514 magistro
821 2482 887 2503 suo
919 2471 1124 2516 supplicare
1154 2473 1317 2506 nascioni
1348 2485 1413 2518 pro
1449 2485 1504 2506 eo.
1537 2475 1625 2506 Item
1661 2474 1692 2506 si
1726 2480 1810 2519 post
1838 2473 2100 2507 inhibicionem
2134 2473 2332 2507 lectionum

461 2535 703 2568 cursoriarum
738 2537 862 2569 saetam
896 2544 931 2570 et
964 2538 1091 2571 ultimo
1121 2546 1371 2573 conservatam
1402 2546 1656 2586 transgressor
1683 2541 1720 2573 in
1750 2540 1871 2586 aliquo
1902 2540 2065 2586 predicte
2095 2539 2332 2573 inhibicionis

462 2601 581 2642 suerit,
604 2602 646 2634 ad
668 2603 973 2636 rxainimicionem
995 2605 1260 2639 determinandi
1286 2606 1494 2640 nullatenus
1520 2607 1738 2640 admittatur.
1762 2608 1835 2640 Nec
1857 2607 2025 2640 similiter
2045 2607 2231 2652 magister,
2255 2607 2332 2640 sive

462 2673 540 2698 actu
563 2667 606 2699 sit
630 2680 761 2713 regens
787 2669 862 2702 sive
889 2683 974 2712 non,
1002 2672 1063 2716 qui
1088 2679 1171 2717 post
1196 2672 1456 2706 inhibicionem
1482 2674 1680 2718 predictam
1706 2673 1832 2707 ultimo
1858 2674 1983 2706 saetam
2005 2674 2100 2706 sieut
2119 2673 2254 2706 dictum
2277 2679 2333 2706 est

463 2739 495 2765 et
517 2745 668 2777 prorsus
689 2747 706 2766 a
728 2736 910 2780 magistris
931 2738 1175 2771 confirmatam
1198 2746 1450 2785 transgressor
1471 2740 1633 2785 predicte
1655 2740 1891 2773 inhibicionis
1917 2740 2087 2781 extiterit,
2115 2739 2159 2772 ad
2180 2751 2332 2784 presen-

464 2799 607 2831 tandum
643 2799 899 2834 hactmllarimn
934 2815 1006 2835 non
1041 2805 1218 2847 audiatur,
1256 2818 1448 2851 quousque
1482 2813 1552 2839 tam
1591 2819 1609 2839 a
1649 2806 1823 2851 magistro
1858 2813 2133 2851 transgressore
2168 2818 2273 2851 quam
2312 2818 2330 2839 a

462 2864 680 2898 bachellario
711 2867 876 2900 similitor
907 2875 1178 2915 transgressore
1209 2873 1342 2905 rectori
1371 2872 1429 2906 vel
1459 2872 1757 2917 procuratoribus
1787 2885 1852 2918 pro
1881 2873 2124 2906 Universitate
2151 2873 2261 2905 fuerit
2286 2873 2331 2906 ad

462 2930 607 2975 plenum
631 2932 862 2965 satisfactum.
890 2935 977 2967 Item
1004 2935 1245 2971 bachellarius
1272 2938 1478 2972 licentiatus
1503 2939 1547 2971 ad
1577 2939 1891 2972 determinandum
1923 2939 1967 2972 ad
1993 2938 2141 2984 longius
2165 2936 2330 2984 proxima

2577 487 2578 490 „
2573 402 2580 472 .-M-2„
2576 347 2580 394 .....,.
