2580 3528
460 403 525 436 314
1041 411 1359 434 CHARTULARIUM
1394 409 1584 431 UNIVERS.
1621 409 1749 432 ranis.
1866 422 1870 428 .
2233 402 2333 444 [1256

460 527 573 565 274.
595 537 763 563 Alexander
777 538 821 564 IV
831 536 958 573 disponit
973 536 1084 572 dejure
1097 539 1271 572 patronatus
1288 544 1306 560 a
1320 534 1449 560 Iohanne
1464 533 1499 560 de
1515 534 1684 569 Lessington
1699 534 1882 561 studentibus
1896 535 1962 562 Ord.
1978 537 2092 563 Cisterc.
2104 537 2200 564 Paris.
2215 537 2329 565 collato.

1684 633 1758 663 725⁶,
1773 633 1867 666 Aprilis
1879 634 1904 664 5,
1919 634 2046 661 Laterani.

548 710 753 743 Alexander
779 709 974 754 episcopus
1000 719 1128 741 servus
1154 718 1342 740 servorum
1365 706 1430 739 Dei
1457 705 1601 740 dilectis
1622 706 1708 740 filiis
1731 733 1752 740 ..
1775 707 1894 742 abbati
1915 715 1952 742 et
1970 710 2166 743 conventui
2186 721 2332 744 monas-

461 777 541 809 terii
569 776 780 810 Clarevallis
808 774 1064 809 Cisterciensis
1090 773 1239 806 Ordinis
1260 773 1507 818 Lingonensis
1533 773 1692 807 diocesis
1714 774 1867 808 salutem
1894 782 1930 808 et
1956 776 2190 821 apostolicam
2217 776 2331 811 bene-

460 843 667 886 dictionem.
705 841 845 875 Saluhri
880 827 1172 873 consideratione
1203 839 1359 872 dilectus
1393 839 1492 872 filius
1527 839 1662 874 nobilis
1696 841 1751 874 vir
1779 841 1963 875 Johannes
1993 842 2038 876 de
2068 843 2328 890 Lessington¹,

460 910 628 942 dominus
663 909 707 941 de
743 910 867 945 Eston,
903 906 1114 951 intelligens
1149 907 1186 938 in
1220 906 1301 939 loco
1334 912 1457 939 vestro
1489 906 1589 940 Beati
1620 908 1798 941 Bernardi
1832 908 1869 941 in
1904 909 2099 943 Cardineto
2130 910 2329 944 Parisiensi

460 976 629 1008 talentum
651 986 751 1007 sacre
773 974 903 1019 pagine
929 972 972 1005 ad
998 972 1165 1005 decorem
1194 984 1330 1017 sponse
1356 972 1492 1006 Christi
1519 979 1554 1006 et
1573 972 1853 1007 illustrationem
1874 974 1960 1008 fidei
1982 975 2201 1021 dispensari,
2221 975 2329 1010 vobis

459 1054 523 1086 pro
557 1040 766 1085 hujusmodi
801 1040 866 1072 Dei
900 1051 1010 1084 opere
1046 1039 1259 1084 exequendo
1295 1040 1357 1084 jus
1392 1046 1615 1085 patronatus,
1652 1041 1750 1086 quod
1785 1041 1822 1074 in
1857 1041 2050 1075 medietate
2088 1042 2244 1076 ecclesie
2283 1043 2329 1077 de

458 1107 659 1140 Roderham
695 1106 937 1139 Eboracensis
972 1106 1132 1139 diocesis
1166 1105 1366 1148 obtinebat,
1401 1105 1601 1140 liberaliter
1635 1108 1800 1141 noscitur
1833 1109 2095 1142 concessisse².
2132 1110 2181 1143 Ut
2213 1109 2326 1156 igitur

457 1174 572 1220 ipsius
600 1173 735 1206 nobilis
762 1173 896 1206 oblatio
919 1174 1020 1218 juxta
1046 1172 1228 1206 laudabile
1252 1179 1376 1206 votum
1403 1174 1482 1218 ejus
1507 1174 1693 1207 fructuosa
1719 1174 1905 1217 reddatur,
1933 1187 2002 1209 nos
2027 1176 2161 1210 vestris
2190 1176 2331 1222 suppli-

456 1240 659 1274 cationibus
684 1240 882 1285 benignius
907 1246 1110 1273 annuentes
1135 1240 1361 1285 presentium
1387 1239 1493 1273 vobis
1519 1241 1731 1274 auctoritate
1757 1242 2008 1284 concedimus,
2037 1249 2076 1276 ut
2099 1243 2330 1277 medietatem

456 1309 569 1353 ipsam
591 1307 742 1340 cedente
762 1306 820 1340 vel
845 1306 1046 1340 decedente
1072 1313 1213 1339 rectore
1239 1306 1356 1352 ipsius
1382 1306 1511 1340 usibus
1538 1307 1688 1340 fratrum
1708 1308 1822 1341 vestri
1841 1309 1983 1342 ordinis
2004 1309 2041 1342 in
2062 1309 2227 1355 predicto
2247 1309 2329 1344 loco

456 1374 659 1420 theologice
680 1373 859 1406 facultatis
880 1373 1002 1406 studio
1023 1373 1270 1406 insistentium
1289 1385 1370 1406 cum
1390 1373 1560 1407 omnibus
1582 1374 1659 1407 suis
1674 1374 1823 1419 juribus
1842 1381 1878 1408 et
1897 1375 2128 1421 pertinentiis
2148 1376 2330 1422 applicare

455 1454 493 1474 ac
525 1442 604 1486 ejus
638 1440 911 1486 possessionem
946 1440 1158 1473 auctoritate
1192 1440 1339 1486 propria
1372 1440 1518 1486 ingredi
1553 1447 1589 1474 et
1620 1441 1780 1474 retinere
1815 1441 1931 1475 libere
1965 1442 2129 1485 valeatis,
2165 1443 2329 1490 episcopi

456 1508 640 1541 diocesani
669 1514 704 1540 et
730 1506 877 1552 capituli
903 1506 1146 1540 Eboracensis
1171 1506 1229 1540 vel
1253 1506 1326 1539 loci
1351 1506 1596 1540 archidiaconi
1622 1519 1687 1541 seu
1713 1509 1977 1554 cujuscumque
1999 1509 2149 1543 alterius
2174 1521 2329 1544 assensu

455 1575 602 1608 mininie
637 1574 826 1619 requisito.
863 1574 1014 1607 Proviso
1049 1580 1182 1615 tamen,
1217 1573 1315 1618 quod
1348 1573 1492 1619 ydoneo
1526 1574 1713 1619 capellano
1747 1575 1785 1607 in
1820 1575 1947 1608 eadem
1983 1575 2137 1610 ecclesia
2172 1577 2329 1611 Domino

456 1648 631 1687 perpetuo
666 1641 845 1674 servituro
879 1646 1091 1686 competens
1121 1651 1186 1685 per
1219 1652 1285 1674 vos
1320 1639 1364 1673 de
1398 1640 1524 1686 ipsius.
1545 1640 1785 1686 proventibus
1819 1642 1952 1687 portio,
1989 1654 2032 1675 ex
2061 1654 2130 1688 qua
2165 1655 2328 1689 congrue

456 1708 651 1742 sustentari
680 1720 719 1741 ac
749 1707 816 1740 alia
845 1707 962 1752 ipsius
992 1706 1147 1740 ecclesie
1178 1718 1288 1739 onera
1318 1707 1501 1740 sustinere
1531 1707 1659 1747 valeat,
1690 1707 1912 1753 assignetur.
1944 1709 2019 1742 Nos
2049 1709 2146 1742 enim
2175 1709 2331 1744 nichilo-

456 1776 576 1808 minus
606 1775 837 1808 dccernimus
866 1774 1008 1807 irritum
1039 1780 1075 1806 et
1102 1773 1223 1815 inane,
1253 1773 1284 1806 si
1312 1773 1399 1819 quid
1426 1773 1471 1806 de
1498 1774 1660 1819 predicta
1686 1774 1879 1808 medietate
1908 1787 2015 1808 secus
2042 1775 2154 1809 fuerit.
2178 1782 2330 1823 attemp-

456 1849 578 1875 tatum.
605 1841 702 1874 Nulli
728 1853 830 1887 ergo,
856 1846 935 1882 εἴα,
962 1847 1087 1874 nostre
1108 1840 1361 1873 concessionis
1387 1847 1422 1873 et
1447 1841 1735 1884 constitutionis,
1761 1847 1824 1875 etc.
1849 1841 1885 1875 Si
1905 1842 1987 1887 quis
2008 1849 2140 1885 autem,
2161 1848 2225 1876 etc.
2244 1844 2327 1885 Dat.

455 1909 620 1942 Laterani
641 1920 726 1941 non.
749 1907 899 1953 Aprilis,
923 1907 1154 1953 pontificatus
1175 1907 1292 1940 nostri
1313 1919 1408 1940 anno
1430 1907 1593 1941 secundo
1608 1908 1634 1940 ³.

549 2007 683 2038 Originale
702 2007 728 2029 in
749 2006 824 2030 Arch.
846 2006 947 2037 depol-t.
973 2006 1005 2029 de
1024 2005 1115 2028 l’Aube
1135 2005 1262 2037 (Troyes),
1284 2005 1396 2036 3Rs260.
1418 2005 1495 2028 Deest
1515 2005 1590 2028 bulla
1608 2005 1742 2037 plumbea.
1767 2006 1795 2029 In
1814 2005 1969 2029 membrana
1988 2014 2102 2030 aversa:
2121 2015 2133 2030 a
2152 2006 2185 2037 Ξῖ.
2202 2007 2328 2040 ccxxxviij

455 2051 570 2082 capitulo
586 2059 653 2074 anno
673 2051 786 2074 secundo
803 2059 824 2073 ».
841 2051 941 2074 Revera
956 2049 1088 2073 invenitur
1103 2050 1166 2080 Reg.
1183 2050 1239 2072 Vat.
1259 2049 1329 2072 Alex.
1346 2050 1388 2077 IV,
1407 2057 1449 2072 an.
1465 2050 1487 2078 2,
1504 2057 1544 2080 ep.
1561 2050 1607 2072 438
1622 2049 1693 2081 (sunt
1707 2050 1774 2073 duae
1786 2049 1914 2081 epistolae
1928 2049 2072 2081 inscriptae
2086 2050 2177 2074 abbati
2190 2051 2328 2085 Cistereii),

457 2096 500 2119 sol.
515 2096 567 2119 161.
584 2109 613 2113 -
629 2095 752 2119 D'Arbois
768 2095 799 2118 de
814 2094 984 2122 Jubainville,
1000 2089 1105 2118 Eeudes
1119 2100 1172 2118 sur
1187 2092 1263 2117 l'e'tat
1277 2093 1420 2118 interieur
1434 2094 1482 2118 des
1497 2094 1615 2124 abbayes
1629 2093 1746 2123 cisterc„
1759 2102 1786 2125 p.
1804 2095 1857 2118 365.

549 2181 570 2203 1.
590 2181 619 2203 ln
634 2181 696 2211 ch.
714 2188 719 2203 ⁴.
738 2189 749 2202 «
770 2180 898 2203 Lesenton
920 2188 942 2203 ›).
965 2193 997 2197 —
1016 2181 1038 2203 2.
1056 2179 1094 2203 cf.
1116 2187 1198 2210 supra
1217 2183 1246 2202 n⁰
1265 2179 1318 2202 232.
1340 2192 1370 2196 —-
1391 2180 1413 2202 3.
1431 2179 1460 2202 In
1475 2178 1551 2202 Arch.
1569 2179 1670 2210 depurt.
1687 2179 1719 2202 de
1733 2179 1824 2202 l'Aube
1838 2179 1856 2202 l.
1871 2187 1893 2202 c.
1917 2178 2032 2202 occurrit
2050 2179 2163 2211 epistola
2180 2179 2282 2203 Nicotai
2295 2179 2330 2204 lv

455 2225 499 2256 viij
516 2225 567 2248 kal.
584 2224 645 2248 Maii
661 2233 702 2247 an.
718 2225 729 2247 1
747 2224 779 2247 ad
794 2224 900 2247 eosdem
915 2224 947 2247 dc
960 2224 1051 2247 eodem
1066 2226 1231 2255 argumento.
1247 2223 1286 2246 Cf.
1303 2223 1427 2246 D'Arbois
1443 2223 1475 2246 de
1490 2223 1660 2252 Jubainville,
1674 2223 1691 2246 l.
1708 2231 1741 2252 c.,
1755 2231 1782 2254 p.
1798 2224 1852 2247 367.

456 2436 567 2473 275.
590 2445 757 2471 Alexander
778 2446 822 2471 IV
837 2444 1007 2470 Ludovicum
1030 2453 1122 2478 regem
1145 2445 1318 2470 Francorum
1341 2443 1473 2469 hortatur
1495 2446 1525 2469 ut
1546 2443 1707 2478 Reginaldo
1735 2443 1868 2480 episcopo
1892 2442 2056 2469 Parisiensi
2078 2442 2118 2468 ad
2140 2441 2328 2469 cohibendam

545 2494 725 2520 insolentiam
750 2494 916 2520 clericorum
941 2493 1130 2529 quorumdam
1152 2493 1278 2519 Parisiis
1302 2492 1544 2527 commorantium,
1572 2492 1622 2528 qui
1644 2485 1796 2527 sacrilegis
1827 2491 1961 2518 manibus
1987 2493 2096 2526 fratres
2124 2491 2190 2518 ord.
2219 2490 2325 2519 Praed.

544 2542 724 2568 Parisienses
741 2542 901 2568 verberibus
917 2544 1085 2577 affecerant,
1102 2541 1251 2578 impendat
1266 2540 1418 2567 auxilium.

1666 2591 1741 2620 1256,
1756 2589 1847 2623 Aprilis
1861 2590 1899 2619 12,
1915 2589 2040 2615 Laterani.

545 2664 749 2697 Alexander
769 2665 964 2710 episcopus
986 2677 1114 2699 servus
1136 2677 1325 2698 servorum
1347 2665 1413 2697 Dei
1434 2665 1622 2697 carissimo
1644 2665 1681 2697 in
1702 2664 1849 2698 Christo
1871 2663 1945 2696 filio
1966 2689 1986 2695 ..
2005 2662 2084 2707 regi
2105 2662 2325 2695 Francorum

456 2730 590 2763 illustri
616 2730 765 2763 salutem
793 2738 827 2764 et
851 2731 1085 2776 apostolicam
1111 2731 1418 2764 benedictionem.
1446 2730 1577 2764 Dilecti
1602 2730 1667 2763 filii
1695 2731 1824 2764 fratres
1845 2729 2117 2775 'Predicatores,
2142 2733 2207 2762 etc.
2232 2729 2327 2763 sicut

455 2808 565 2841 supra
595 2803 631 2829 n⁰
659 2798 735 2837 272,
767 2809 870 2842 usque
904 2797 1114 2830 invalescat.
1144 2797 1280 2832 Deinde
1306 2797 1547 2831 :Venerabili
1576 2797 1676 2830 fratri
1706 2802 1832 2830 nostro
1867 2822 1888 2828 ..
1919 2795 2092 2840 episcopo
2127 2794 2326 2828 Parisiensi

456 2863 590 2896 nostris
625 2863 850 2907 injungimus
886 2863 1029 2904 litteris,
1072 2870 1111 2896 ut
1147 2864 1302 2897 clericos
1341 2863 1538 2909 predictos,
1581 2863 1679 2908 quod
1718 2862 1857 2896 eisdem
1891 2860 2065 2894 fratribus
2104 2860 2328 2894 satisfaciant

456 2930 617 2975 plenarie
645 2929 689 2962 de
716 2929 919 2974 premissis,
947 2936 982 2962 et
1004 2929 1048 2962 ab
1074 2942 1198 2963 eorum
1225 2930 1478 2964 molestatione
1505 2929 1695 2971 desistant,
1722 2929 1921 2962 monitione
1947 2926 2125 2972 premissa
2152 2927 2325 2961 canonice

563 2989 602 3011 4ο.
