2580 3528
446 394 511 435 19'2·
1030 415 1352 438 ann'rULAmuM
1387 416 1579 439 untvssns.
1617 411 1745 440 mnis.
1977 419 1979 421 ·
2227 405 2327 450 [1246

458 490 463 499 ἲ
487 490 505 505 ·=.

449 515 764 566 1:60⁴„Innoc-entius
790 528 834 553 IV
847 527 963 562 Hugoni
986 527 1090 554 abbati
1114 530 1140 554 S.
1171 529 1305 554 Germani
1326 528 1362 555 de
1383 529 1483 555 Pratis
1507 529 1636 565 mandat,
1665 533 1696 556 ut
1715 530 1842 557 homines
1865 531 1927 567 ejus
1947 531 2149 566 astringantur
2159 540 2214 568 per·
2228 531 2327 566 regale

529 574 712 611 privilegium
726 575 802 602 sicut
817 576 890 602 cives
904 576 1096 603 Parisienses.

1686 629 1766 658 1248,
1781 629 1853 655 duni}
1862 629 1907 659 23,
1923 629 2039 662 Lugduni.

536 699 772 733 Innocentius
802 700 998 746 episcopus
1026 712 1155 734 servus
1183 713 1373 735 servorum
1404 701 1471 734 Dei
1492 701 1625 735 dilecto
1651 702 1727 735 filio
1747 702 1867 736 abbati
1889 704 1924 737 S.
1947 704 2119 738 Germani
2140 704 2185 738 de
2210 704 2326 738 Pratis

445 766 557 799 Paris.
586 766 738 799 salutem
773 774 808 800 et
841 767 1076 812 apostolicam
1107 767 1414 801 benedictionem.
1438 769 1529 802 Cum
1551 781 1624 802 non
1645 769 1853 811 deterioriS,
1875 776 1940 804 etc.
1961 771 2056 805 sicut
2079 782 2189 816 supra
2211 775 2248 804 n⁰
2268 772 2323 805 81.

446 833 523 865 Dat.
547 833 718 878 Lugduni
739 834 772 878 vj
795 833 863 866 kal.
885 833 986 874 Julii,
1008 833 1240 879 pontificatus
1261 834 1378 867 nostri
1398 846 1493 867 anno
1515 835 1635 868 tertio.

537 929 673 962 Originale
689 931 715 954 in
735 931 812 954 Arch.
834 934 887 954 nnt.
904 931 988 954 Paris.
1009 931 1037 955 L.
1059 932 1113 959 245,
1130 935 1159 954 n⁰
1174 932 1212 955 78.
1229 932 1306 955 Bulla
1321 932 1447 963 plumbea
1461 932 1514 956 filis
1529 933 1640 956 cannah.
1658 933 1827 965 appenditur.
1844 933 1996 958 Pertinebut
2015 935 2049 958 ad
2065 934 2141 959 Arch.
2158 935 2280 959 Univers.
2295 949 2327 954 —

443 974 512 1015 ijl.
534 975 667 1007 Phillipps
688 975 714 998 in
736 975 916 1004 Cheltenham,
938 984 986 999 ms.
1008 977 1063 1004 876,
1085 976 1130 999 fol.
1153 977 1190 1000 15.
1212 976 1276 1000 Cod.
1297 977 1354 1000 Vnt.
1375 977 1439 1008 Reg.
1462 978 1517 1006 406,
1539 978 1583 1001 fol.
1608 977 1662 1001 14¹³.
1679 978 1755 1009 Apud
1778 978 1916 1008 Jourdain,
1940 983 1970 1002 n⁰
1985 980 2024 1008 75,
2043 987 2185 1011 perperam
2200 988 2211 1003 (4
2227 980 2253 1012 vj
2272 980 2325 1004 kal.

444 1019 516 1043 Junii
533 1029 555 1048 ι),
572 1023 641 1043 recte
657 1028 719 1043 vero
735 1020 798 1051 ch.
815 1021 845 1043 98
861 1019 898 1051 (A.
915 1021 954 1043 20.
972 1019 1005 1053 c.)
1019 1020 1046 1044 in
1062 1020 1138 1044 Arch.
1155 1020 1277 1044 Univers.

449 1210 556 1248 161.
581 1220 763 1246 Innocentius
780 1220 1012 1246 IVstudentibus
1026 1220 1092 1247 Ord.
1114 1221 1227 1247 Cisterc.
1241 1221 1367 1247 Parisiis
1382 1222 1546 1247 constitutis
1562 1225 1593 1247 ut
1605 1222 1725 1248 novitios
1740 1222 1781 1248 ad
1792 1222 2003 1258 professionem
2019 1222 2177 1249 admittant
2191 1222 2324 1258 largitur.

1648 1312 1724 1342 1246,
1741 1311 1859 1338 Octobris
1874 1312 1907 1342 11,
1923 1312 2040 1345 Lugduni.

533 1385 769 1418 Innocentius
791 1385 988 1431 episcopus
1013 1397 1142 1419 servus
1169 1397 1360 1419 servorum
1382 1386 1448 1419 Dei
1470 1386 1614 1419 dilectis
1640 1386 1726 1420 filiis
1746 1413 1766 1419 ..
1790 1387 1904 1432 priori
1926 1393 1961 1420 et
1981 1386 2169 1420 monachis
2190 1386 2327 1420 consti-

444 1451 539 1485 tutis*
564 1451 601 1484 in
636 1451 717 1485 loco
753 1452 814 1497 qui
854 1452 987 1485 dicitur
1022 1452 1121 1485 Beati
1157 1452 1334 1485 Bernardi
1368 1452 1545 1486 Parisien.
1581 1453 1842 1487 Cisterciensis
1872 1452 2022 1486 Ordinis
2052 1453 2089 1486 in
2119 1452 2326 1499 theologica

442 1518 610 1552 facultate
641 1518 875 1552 studentibus
906 1519 1058 1552 salutem
1090 1525 1123 1552 et
1153 1519 1389 1564 apostolicam
1419 1519 1727 1553 benedictionem.
1756 1519 1900 1553 Pridem
1929 1531 2106 1565 personas
2130 1526 2271 1554 vestras
2291 1526 2328 1554 et

442 1585 577 1627 locum,
609 1586 644 1618 iu
675 1598 748 1631 quo
778 1585 847 1618 sub
875 1585 1106 1619 observantia
1138 1586 1297 1631 regulari
1329 1586 1463 1631 degitis
1493 1586 1716 1620 desudantes
1748 1586 1934 1632 theologie
1965 1586 2101 1628 studio,
2132 1586 2201 1620 sub
2229 1586 2327 1620 beati

442 1653 539 1686 Petri
570 1659 605 1686 et
635 1659 759 1686 nostra
790 1653 1016 1698 protectione
1047 1653 1177 1686 affectu
1207 1652 1379 1687 benivolo
1409 1653 1642 1686 admittentes
1668 1652 1774 1687 vobis
1801 1659 1910 1699 prout
1936 1653 2113 1686 asseritur
2142 1653 2187 1686 de
2211 1653 2333 1699 gratia<

442 1719 592 1765 speciali
620 1719 887 1761 concessimus,
916 1726 955 1752 ut
981 1719 1186 1765 privilegiis
1214 1726 1250 1753 et
1276 1719 1507 1754 libertatibus
1528 1720 1658 1754 Ordini
1684 1720 1923 1754 Cisterciensi
1948 1719 1992 1753 ab
2013 1719 2212 1765 apostolica
2237 1719 2327 1754 sede

441 1786 630 1820 concessis
661 1787 756 1820 sicut
785 1786 898 1820 ceteri
928 1787 1058 1820 fratres
1089 1787 1253 1832 ejusdem
1285 1786 1426 1820 ordinis
1455 1787 1677 1833 gaudeatis¹.
1708 1788 1756 1821 Ut
1781 1793 1901 1820 autem
1926 1786 2138 1836 hujusmodi
2162 1793 2326 1821 vestrum

441 1860 618 1899 augeatur
639 1854 826 1899 gaudium,
849 1853 880 1886 si
906 1865 972 1899 pro
993 1860 1077 1887 voto
1096 1860 1216 1887 vestra
1238 1854 1430 1887 sinceritas
1456 1854 1616 1888 favorem
1638 1854 1674 1887 in
1696 1853 1804 1887 nobis
1825 1853 1986 1888 inveniat
2010 1854 2212 1899 gratiosum
2231 1865 2239 1887 :
2257 1865 2325 1888 nos

441 1927 562 1954 vestre
584 1920 757 1966 precibus
785 1920 993 1954 devotionis
1020 1920 1172 1963 inducti,
1195 1927 1235 1954 ut
1253 1927 1398 1955 vestros
1425 1921 1584 1954 novitios
1613 1927 1648 1954 et
1668 1932 1881 1962 conversos,
1909 1926 1993 1966 post
2012 1920 2207 1954 decursum
2233 1919 2326 1966 legi-

442 1988 567 2021 timum
590 1987 819 2032 probationis
841 1994 984 2033 tempus
1006 1988 1207 2021 secundum
1230 1987 1439 2033 generalem
1458 1987 1726 2022 observantiam
1749 1987 1913 2033 ejusdem
1940 1986 2094 2029 ordinis,
2119 1987 2164 2020 ad
2184 1987 2328 2032 profes-

442 2055 583 2088 sionem
620 2054 783 2099 recipere
814 2054 978 2096 valeatis,
1012 2055 1209 2087 dummodo
1238 2054 1382 2088 dilectis
1412 2054 1497 2088 filiis
1517 2054 1676 2087 ..abbati
1706 2054 1875 2088 Cistercii
1906 2060 1942 2087 et
1970 2053 2127 2099 capitulo
2161 2053 2325 2099 generali

443 2134 516 2155 non
538 2121 742 2167 displiceat,
765 2121 871 2154 vobis
893 2121 1105 2154 auctoritate
1127 2121 1352 2167 presentium
1374 2121 1612 2154 concedimus
1629 2120 1846 2154 facultatem.
1866 2120 1963 2153 Nulli
1985 2132 2088 2166 ergo,
2102 2125 2182 2162 eta,
2200 2126 2325 2154 nostre

442 2188 712 2230 concessionis,
734 2194 798 2222 etc.
823 2189 859 2221 Si
881 2188 964 2233 quis
986 2195 1118 2229 autem,
1139 2194 1203 2222 etc.
1223 2189 1301 2221 Dat.
1325 2188 1498 2234 Lugduni
1518 2200 1540 2222 v
1560 2188 1609 2221 id.
1633 2187 1819 2229 Octobris,
1841 2187 2073 2233 pontificatus
2093 2187 2210 2220 nostri
2229 2199 2324 2220 anno

442 2262 583 2301 quarto.

536 2354 592 2377 Duo
607 2353 749 2384 originalia
764 2353 791 2376 in
807 2353 883 2376 Arch.
905 2353 1007 2384 depart.
1029 2353 1061 2376 de
1076 2353 1167 2376 l'Aube
1184 2353 1311 2384 (Troyes),
1328 2353 1445 2384 311s257.
1462 2353 1540 2376 Deest
1561 2352 1635 2376 bulla
1649 2352 1783 2384 plumbea.
1801 2353 1830 2376 In
1850 2360 1945 2375 aversa
1964 2351 2118 2375 membrana
2137 2351 2276 2375 amborum
2290 2349 2325 2381 ᾔ.

443 2399 530 2430 Supra
546 2406 551 2422 ι
569 2407 582 2422 «
598 2399 690 2422 Frater
704 2398 838 2426 Johanueq
854 2397 1004 2421 Cardiualis
1021 2406 1042 2421 ».
1058 2411 1090 2415 —
1105 2398 1168 2429 Reg.
1185 2398 1242 2421 Vat.
1260 2397 1405 2421 innocentii
1421 2397 1454 2421 lv
1470 2405 1511 2421 an.
1529 2398 1552 2426 14,
1569 2405 1610 2429 ep.
1628 2397 1682 2427 154,
1698 2397 1743 2422 fot.
1760 2396 1832 2421 32911.
1848 2396 1973 2420 D'Arbois
1989 2396 2021 2420 de
2035 2395 2205 2424 Jubuinville,
2221 2396 2326 2421 Etudes

441 2450 494 2468 sur
509 2443 584 2468 l'e‘eat
599 2442 741 2467 interfem-
754 2444 802 2468 des
816 2443 934 2474 abbayes
949 2443 1157 2471 cisterciennes,
1173 2451 1199 2474 p.
1217 2444 1270 2466 362.

536 2528 559 2551 t.
576 2528 640 2551 Vide
655 2535 738 2559 supra
752 2528 850 2551 n⁰157.

449 2646 559 2683 162.
581 2655 763 2681 Innocentius
780 2656 823 2681 IV
833 2655 980 2690 magistris
997 2659 1024 2681 et
1038 2655 1220 2681 scholaribus
1234 2654 1330 2680 Paris.
1350 2658 1380 2680 ut
1395 2663 1450 2680 non
1465 2654 1553 2680 liceat
1568 2662 1616 2680 eos
1631 2653 1742 2689 absque
1762 2652 1881 2679 licentia
1902 2650 2025 2688 speciali
2044 2650 2123 2677 sedis
2145 2650 2325 2687 apostolicae

534 2704 776 2730 excommunicari
792 2704 928 2730 concedit.

1639 2751 1715 2780 1246,
1732 2749 1850 2776 Octobris
1862 2750 1907 2779 23,
1923 2749 2038 2782 Lugduni.

535 2828 772 2861 Innocentius
793 2828 989 2872 episcopus
1015 2839 1144 2860 servus
1166 2838 1355 2860 servorum
1377 2826 1443 2858 Dei
1469 2825 1612 2858 dilectis
1633 2824 1719 2858 filiis
1740 2823 1924 2870 magistris
1951 2830 1986 2856 et
2006 2822 2210 2856 scolaribus
2231 2822 2324 2855 Pari-

446 2893 633 2928 siensibus
661 2893 813 2927 salutem
842 2900 877 2926 et
903 2893 1138 2938 apostolicam
1167 2892 1472 2926 benedictionem.
1501 2892 1582 2924 Non
1609 2890 1714 2924 decet
1738 2902 1806 2924 nos
1826 2889 1932 2924 vobis
1952 2888 2192 2935 apostolicum
2214 2889 2325 2922 dene-

446 2973 533 3007 gare
562 2961 734 3002 favorem,
765 2972 871 3005 quein
903 2960 1035 2994 vestris
1067 2959 1241 2993 videmini
1269 2959 1408 2991 meritis
1435 2969 1657 3003 comparare,
1686 2957 1771 2990 dum
1800 2956 1927 2990 dantes
1954 2968 2099 3002 operam
2132 2955 2322 3002 sapientie,
