2580 3528
430 360 494 392 126
1014 366 1334 389 CHARTULARIUM
1369 365 1561 388 umvmzs.
1600 365 1730 387 rmus.
2210 354 2311 395 [1229

429 443 612 476 hominem
640 454 708 474 nos
728 442 861 474 fecisse
880 455 910 473 ».
934 441 1024 475 Cum
1047 441 1143 473 enim
1164 453 1183 473 a
1206 441 1318 473 fossis
1339 439 1383 473 ab
1404 439 1548 473 Abrahe
1570 440 1695 485 pueris
1715 439 1836 484 puteis
1857 439 2036 484 ingestam
2057 438 2101 471 ab
2126 437 2311 484 allophilis

430 517 560 543 terram
584 520 712 542 eruere
734 508 929 541 debuisses
948 520 1014 553 pro
1036 519 1150 553 grege
1172 507 1356 540 dominico
1377 507 1591 552 adaquando
1613 513 1648 540 et
1663 506 1848 551 irriganda
1868 506 1974 539 etiam
1991 505 2096 539 vinea
2118 512 2178 538 tue
2198 505 2312 550 depu-

431 584 498 610 tata
534 576 687 616 culture,
725 582 761 608 et
792 581 832 608 ut
864 575 919 608 vir
954 575 1068 608 sacris
1101 574 1234 607 litteris
1269 574 1436 607 eruditus
1470 574 1573 619 quasi
1609 573 1714 607 stella
1747 573 1921 606 matutina
1955 572 1992 605 in
2026 572 2147 605 medio
2177 571 2312 605 nebule

429 643 615 684 radiando,
638 642 864 675 illuminares
886 642 1036 687 patriam
1057 641 1255 686 splendore
1280 647 1488 673 sanctorum
1510 647 1545 673 et
1566 639 1775 685 pacificares
1801 639 2006 680 discordes,
2036 645 2071 672 tu
2097 651 2172 672 non
2192 638 2310 672 solum

429 711 466 743 id
488 710 632 743 efficere
657 709 865 754 neglexisti,
892 721 1018 742 verum
1043 708 1162 747 etiam,
1186 708 1281 740 sicut
1301 719 1367 752 pro
1389 713 1488 740 certo
1510 719 1528 739 a
1549 706 1673 739 multis
1693 706 1892 751 fidedignis
1911 706 2100 747 asseritur,
2123 712 2157 738 te
2178 705 2313 738 inachi-

430 784 537 810 nante
558 777 704 816 ssuvius,
728 776 888 809 studium
909 775 1082 808 videlicet
1101 774 1316 815 litterarum,
1335 786 1407 819 quo
1429 774 1602 819 irrigatur
1623 780 1659 806 et
1673 773 1889 806 fecundatur
1910 779 1994 817 post
2013 772 2171 818 Spiritus
2192 772 2314 805 Sancti

429 844 580 890 gratiam
611 843 795 889 generalis
826 842 981 875 ecclesie
1008 841 1213 887 paradisus,
1249 853 1267 873 a
1298 852 1365 873 suo
1400 840 1517 882 alveo,
1553 840 1696 873 civitate
1721 828 1929 872 *Parisiensi
1962 838 2146 880 videlicet,
2178 839 2215 871 in
2244 851 2314 884 qua

429 911 594 956 viguisse
616 910 820 943 dinoscitur
847 909 1035 950 hactenus,
1063 914 1120 941 est
1138 908 1330 949 distortus,
1353 919 1418 952 per
1438 907 1537 952 quod
1562 906 1607 939 ad
1626 906 1802 939 nichilum
1828 905 1947 951 redigi
1973 905 2106 951 poterit
2126 917 2191 950 per
2212 905 2314 950 plura

430 978 508 1011 loca
534 978 705 1018 divisum,
732 975 1038 1021 quemadmodum
1065 975 1202 1008 ssumen
1223 974 1357 1007 arescit
1377 980 1576 1007 extractum
1603 973 1647 1006 ab
1670 973 1774 1007 alveo
1798 979 1834 1006 et
1853 973 1890 1006 in
1911 972 2037 1018 plures
2059 972 2198 1006 rivulos
2218 972 2316 1006 deri·

429 1052 563 1086 vatum,
590 1051 625 1077 et
649 1044 834 1076 lucernam
860 1042 1125 1075 illuminantem
1152 1042 1352 1074 existentes
1382 1041 1419 1073 in
1450 1041 1558 1074 domo
1585 1040 1629 1073 de
1655 1039 1874 1073 candelabro
1901 1039 1995 1073 deici
2021 1045 2057 1072 et
2081 1039 2221 1072 recludi
2246 1038 2316 1072 sub

431 1111 553 1144 modio
579 1110 714 1143 diceris
741 1121 972 1155 procurasse,
999 1115 1039 1141 ut
1063 1121 1140 1141 eam
1166 1108 1292 1141 videre
1318 1120 1392 1140 non
1416 1107 1552 1153 possis,
1577 1107 1694 1140 donec
1715 1107 1960 1152 extinguatur,
1983 1106 2081 1151 quod
2102 1105 2209 1147 absit,
2232 1105 2315 1150 quia

431 1186 515 1211 tunc
545 1179 668 1211 forsan
703 1177 820 1222 ipsius
855 1176 988 1209 amisse
1018 1175 1252 1208 incomodum
1284 1175 1377 1207 lucis
1411 1186 1672 1219 cognosceres,
1708 1174 1740 1207 si
1769 1173 1918 1206 lucerna
1948 1173 2109 1218 predicta
2140 1172 2184 1206 de
2218 1172 2316 1205 Pari·

431 1245 566 1278 siensis
594 1244 749 1277 civitatis
775 1242 995 1277 candelabro
1022 1254 1175 1288 prorsus
1201 1248 1453 1276 removeretur
1479 1242 1647 1282 extincta,
1673 1247 1709 1274 et
1729 1253 1773 1273 ex
1797 1240 1866 1273 hoc
1892 1252 1999 1285 quam
2024 1239 2150 1285 plures
2175 1240 2317 1273 contin-

431 1319 533 1358 geret
560 1313 595 1344 in
620 1311 783 1344 tenebris
806 1310 1004 1343 ambulare.
1032 1310 1175 1353 Quanto
1201 1316 1321 1342 autem
1347 1321 1414 1342 nos
1439 1309 1560 1342 credis
1587 1320 1696 1353 posse
1722 1307 1858 1340 rubore
1879 1307 2049 1352 perfundi
2072 1319 2114 1340 ex
2138 1319 2195 1348 eo,
2218 1307 2316 1351 quod

432 1379 599 1412 nonnulli
629 1385 783 1423 possunt
809 1377 916 1410 nobis
944 1377 1066 1410 dicere
1087 1376 1299 1409 insultando
1330 1388 1336 1409 :
1367 1377 1461 1409 Ecce
1489 1375 1611 1416 homo,
1639 1387 1747 1420 quem
1773 1374 1972 1407 Parisiensi
2007 1373 2163 1407 ecclesie
2198 1374 2318 1419 prefe-

432 1447 546 1487 cistis,
580 1458 721 1478 murum
750 1457 789 1477 se
820 1457 886 1490 pro
917 1444 1025 1477 domo
1056 1443 1202 1476 Domini
1233 1455 1306 1476 non
1334 1443 1487 1488 opponit
1511 1441 1797 1475 ascendentibus
1824 1453 1867 1474 ex
1896 1441 2064 1482 adverso,
2094 1453 2162 1474 nec
2188 1441 2319 1486 satagit.

431 1525 561 1558 capere
578 1513 719 1558 vulpes,
745 1524 815 1556 que
838 1511 1003 1544 nituntur
1020 1510 1166 1543 Domini
1189 1509 1344 1543 Sabaoth
1367 1510 1509 1543 vineam
1532 1509 1714 1542 demoliri.
1733 1509 1795 1542 Set
1810 1514 1846 1541 et
1862 1507 2049 1541 Danielem
2067 1508 2318 1541 destruentem

433 1581 496 1613 Bel
519 1587 551 1613 01
574 1579 852 1612 interficientem
876 1578 1069 1611 draconem
1092 1578 1129 1610 in
1151 1577 1267 1610 lacum
1290 1577 1382 1610 mitti
1403 1576 1548 1609 leonum
1572 1588 1646 1608 non
1667 1575 1838 1621 prohibet
1858 1581 1914 1608 set
1934 1581 2117 1620 procurat,
2139 1581 2175 1607 01
2199 1574 2317 1607 00111111

432 1647 551 1680 claudi
591 1646 790 1691 scripture,
821 1652 860 1678 ut
894 1645 946 1678 sic
982 1644 1100 1677 nubes
1135 1644 1346 1677 contineant
1374 1643 1536 1688 ymbrem
1569 1655 1674 1675 suum
1706 1649 1742 1675 et
1775 1648 1870 1675 terra
1904 1641 2123 1675 universalis
2163 1641 2318 1674 ecclesie

434 1720 615 1747 remaneat
642 1712 889 1757 imcompluta,
921 1724 959 1744 110
990 1711 1045 1744 501
1073 1718 1108 1744 01
1134 1711 1218 1744 1111111
1246 1711 1283 1743 111
1312 1710 1475 1744 tenebris
1503 1716 1774 1750 convertantur,
1806 1708 1986 1754 stelleque
2016 1708 2172 1753 caligine
2202 1707 2319 1742 invol-

433 1788 562 1814 vantur
584 1792 719 1813 earum.
751 1779 940 1812 lntellccto
968 1790 1068 1819 sane,
1093 1777 1191 1823 quod
1218 1778 1313 1810 111101·
1345 1777 1574 1810 carissimum
1599 1776 1636 1809 in
1659 1772 1945 1810 Christo‘filium
1968 1782 2133 1808 nostrum
2154 1786 2317 1820 ..regem

436 1850 655 1881 Francorum
682 1853 717 1879 et
741 1873 761 1878 ..
788 1846 951 1891 reginam
975 1851 1124 1878 matrem
1153 1845 1233 1889 ejus
1259 1844 1424 1877 illustres
1451 1856 1494 1876 ex
1520 1850 1619 1889 parte
1648 1855 1731 1884 una,
1755 1849 1790 1875 et
1815 1842 1969 1875 dilectos
2000 1842 2096 1875 filios
2124 1842 2320 1887 magistros

434 1922 467 1947 et
504 1914 665 1947 scolares
700 1913 927 1945 Parisienses
963 1924 1006 1944 ex
1035 1912 1146 1944 altera
1181 1911 1415 1944 dissensione
1451 1910 1600 1943 suborta
1638 1910 1749 1943 iidem
1791 1909 1953 1954 magistri
1993 1921 2073 1941 cum
2115 1907 2349 1945 scolaribus,

435 1981 602 2026 dampnis
633 1987 667 2013 et
692 1979 837 2024 injuriis
869 1979 1030 2012 lacesciti
1055 1991 1073 2011 a
1099 1978 1260 2011 Parisius
1292 1978 1557 2019 discesserunt,
1587 1976 1748 2010 studium
1779 1975 1865 2009 alibi
1891 1975 2158 2016 transferendo,
2185 1975 2223 2007 in
2248 1987 2320 2020 quo

436 2056 473 2082 tu
502 2060 575 2080 non
602 2047 721 2080 solum
749 2053 782 2079 te
807 2046 966 2078 medium
993 2057 1130 2090 ponere
1158 2057 1232 2077 non
1258 2044 1405 2086 curasti,
1427 2044 1664 2078 verumetiam
1690 2055 1735 2076 ne
1762 2043 1949 2088 pactiones
1975 2041 2019 2075 ab
2040 2049 2192 2087 utraque
2220 2048 2320 2087 parte

436 2116 524 2148 inite
549 2120 795 2154 servarentur,
822 2112 1017 2145 consilium
1046 2118 1081 2144 et
1105 2124 1251 2156 operam
1279 2111 1374 2144 sicut
1398 2111 1531 2144 dicitur
1556 2110 1729 2151 tribuisti,
1758 2121 1827 2142 nos
1848 2108 2065 2142 utilitatibus
2087 2108 2321 2154 proventuris

437 2195 479 2215 ex
510 2181 622 2214 studii
657 2180 888 2213 revocatione
918 2179 1079 2212 Parisius
1113 2179 1316 2223 aspirantes
1349 2184 1385 2211 et
1410 2178 1577 2211 volentes
1612 2176 1952 2216 incomoditatibus,
1984 2188 2054 2221 que
2089 2182 2246 2221 possunt
2278 2187 2323 2208 ex

437 2250 605 2282 discessu
623 2259 826 2292 emergere,
843 2246 1003 2287 obviare,
1017 2245 1291 2279 venerabilibus
1307 2244 1480 2278 fratribus
1497 2244 1668 2277 nostris..
1683 2243 1954 2278 Cenomanensi
1971 2249 2007 2276 et
2020 2269 2040 2276 ..
2056 2242 2320 2276 Silvanectensi

438 2315 637 2361 episcopis,
668 2321 703 2347 et
737 2313 870 2346 dilecto
901 2313 976 2346 filio
1012 2312 1187 2358 magistro
1221 2311 1377 2345 Johanni
1416 2311 1672 2344 archidiacono
1707 2309 1989 2344 Cathalaunensi
2023 2309 2160 2342 nostris
2194 2309 2323 2342 damus

438 2383 569 2416 litteris
598 2382 633 2414 in
661 2381 851 2421 mandatis,
875 2387 913 2413 ut
938 2380 1032 2412 inter
1062 2391 1186 2425 regem
1213 2386 1249 2412 et
1273 2379 1435 2424 reginam
1463 2391 1501 2411 ac
1523 2378 1719 2423 magistros
1740 2383 1776 2410 01
1795 2376 1956 2410 scolares
1978 2377 2136 2422 prefatos
2161 2376 2324 2421 interpo-

440 2456 568 2482 nentes
597 2448 753 2481 sollicite
780 2454 900 2493 partes
928 2459 1013 2480 suas
1038 2446 1250 2492 impendant
1276 2445 1561 2479 sollicitudinem
1591 2445 1805 2490 diligentem
1831 2451 1867 2477 01
1892 2455 2037 2489 operam
2064 2443 2258 2485 efficacem,
2285 2449 2325 2476 ut

440 2516 624 2561 magistris
651 2522 687 2548 et
714 2514 918 2547 scolaribus
946 2514 1138 2547 antedictis
1167 2513 1212 2546 de
1239 2513 1331 2546 datis
1358 2513 1525 2558 dampnis
1553 2519 1587 2545 et
1611 2511 1783 2557 irrogatis
1809 2511 1955 2556 injuriis
1981 2510 2132 2543 satisfiat
2157 2509 2322 2543 restituta

440 2583 531 2628 ipsis
562 2582 667 2615 solita
692 2581 858 2614 libertate
888 2593 906 2613 a
929 2581 1024 2614 clare
1055 2580 1230 2613 memorie
1258 2579 1320 2613 Ph.
1358 2592 1444 2625 rege
1474 2581 1694 2612 Francorum
1729 2577 1936 2619 concessa⁴,
1973 2577 2132 2610 studium
2161 2576 2323 2609 Parisius

441 2656 644 2682 revocetur.
670 2650 717 2681 Ut
742 2648 854 2693 igitur
877 2647 1011 2681 vulnus
1038 2647 1218 2692 Achillejo
1240 2659 1310 2692 qne
1336 2647 1518 2691 quondam
1544 2646 1678 2679 fecerat
1702 2645 1799 2678 hosti
1819 2644 1983 2678 vulneris
2008 2643 2179 2676 auxilium
2205 2643 2323 2676 Pelias

441 2723 516 2749 asta
549 2716 655 2756 serat,
692 2714 950 2747 fraternitatem
986 2721 1081 2746 tuam
1121 2725 1293 2758 rogamus
1328 2719 1363 2746 et
1397 2712 1628 2746 exhortamur
1662 2712 1700 2744 in
1735 2711 1890 2744 Domino
1928 2722 1992 2755 per
2026 2709 2224 2755 apostolica
2259 2709 2323 2742 tibi

442 2783 575 2828 scripta
596 2781 760 2814 districte
782 2780 1019 2826 precipiendo
1041 2780 1267 2820 mandantes,
1289 2779 1459 2824 quatinus
1481 2779 1638 2812 sollicite
1661 2790 1700 2811 ac
1726 2777 1918 2810 efficaciter
1944 2783 2098 2822 satagas,
2125 2777 2325 2822 prudenter

442 2850 631 2889 insistens,
654 2855 693 2881 ut
713 2848 757 2881 de
778 2847 906 2880 ablatis
928 2854 963 2880 et
984 2846 1094 2880 illatis
1119 2846 1264 2891 injuriis
1290 2858 1452 2891 congrue
1474 2845 1626 2879 satisfiat
1646 2844 1831 2890 magistris
1852 2850 1888 2877 et
1908 2843 2111 2876 scolaribus
2132 2843 2324 2876 antedictis

442 2923 477 2950 et
505 2915 666 2949 studium
696 2914 857 2947 Parisius
886 2920 1089 2955 revocetur,
1121 2913 1259 2946 eisdem
1291 2913 1456 2946 restituta
1486 2912 1592 2945 solita
1621 2911 1802 2952 libertate,
1824 2911 1862 2943 in
1892 2922 1961 2956 qua
1988 2909 2072 2943 illos
2098 2910 2150 2943 sic
2176 2910 2325 2944 studeas

2570 2445 2580 2586 *mn-em..
2570 2369 2580 2433 dua...
2579 2347 2580 2350 „
2577 2306 2580 2307 ,

2560 3489 2580 3507 ΙΙ
2562 3457 2580 3475 ἱ,
2563 3426 2580 3445 m
2563 3410 2565 3415 Α
2562 3339 2580 3398 &nm
2563 3211 2580 3331 :yffi-3225*
2575 3195 2578 3198 ,
2569 3138 2580 3178 ..·..·.
