2580 3528
451 402 513 435 184
1034 411 1355 434 CHARTULARIUM
1391 412 1582 438 umvans.
1619 412 1748 435 rmus.
1989 440 1992 442 ,
2227 404 2327 446 [1245

447 486 565 519 solum
594 485 715 519 ordini
737 492 871 527 vestro,
901 486 966 518 sed
987 486 1093 519 etiam
1115 486 1314 519 universali
1334 485 1490 519 ecclesie
1510 486 1650 520 fructus
1671 486 1861 532 proveniat
1879 487 1941 532 qui
1962 499 2036 520 non
2057 487 2163 533 perit,
2185 499 2327 533 nosque

449 552 602 598 proinde
628 552 855 598 diligentiam
890 559 1046 586 vestram
1079 553 1202 598 dignis
1232 553 1268 585 in
1299 553 1454 586 Domino
1485 552 1656 589 laudibus
1686 565 1963 599 prosequamur.
1995 555 2073 587 Dat.
2105 554 2276 600 Lugduni
2302 554 2326 599 ij

449 631 534 652 non.
565 618 804 664 Septembris,
832 619 1064 665 pontificatus
1091 619 1206 652 nostri
1228 631 1323 652 anno
1344 619 1464 655 tertio,

543 716 679 749 originale
699 718 724 741 in
741 718 818 741 Arch.
834 718 935 749 de'parti
953 718 985 741 de
1005 717 1096 740 l'Aube
1116 717 1243 748 (Troyes).
1264 718 1278 739 3
1296 717 1389 747 111257.
1406 717 1515 741 Restant
1530 717 1574 741 fila
1589 717 1700 741 cannah.
1721 731 1753 735 —
1768 718 1892 741 D'Arbois
1915 718 1947 742 de
1965 718 2136 748 Jubuinville,
2156 714 2260 744 Etudes
2276 724 2330 744 sur

448 762 524 787 l'd'eat
538 761 680 787 inte'rieur
692 764 739 787 des
753 763 870 792 abbayes
885 761 1088 789 cisterciennes,
1104 770 1130 793 p.
1147 762 1202 785 361,
1218 775 1250 778 -
1265 761 1465 785 ordinationem
1481 761 1591 793 capituli
1606 762 1738 793 generalis
1754 770 1814 786 cum
1829 763 1953 786 mandato
1967 771 2053 794 papae
2067 766 2255 795 congruentem
2269 763 2329 787 vide

446 808 517 831 {nfra
531 811 561 830 n⁰
576 807 629 831 148.

452 943 561 981 147.
585 953 767 978 Innocentius
785 953 828 978 IV
838 952 986 987 magistr-is
1009 955 1036 977 et
1055 951 1237 978 scholaribus
1265 951 1413 978 Tolosanis
1435 951 1556 978 eandem
1579 952 1742 978 libertatem
1763 952 1893 978 concedit
1912 961 1970 988 qua
1987 952 2117 987 gaudent
2135 953 2326 979 Parisiensen.

1611 1049 1687 1079 12⁴5.
1703 1048 1863 1081 septembri:
1879 1049 1911 1079 11,
1927 1048 2043 1082 Lugduni.

539 1124 776 1157 Universitati
806 1123 1064 1169 magistrorum
1093 1130 1128 1156 et
1157 1123 1352 1156 scolarium
1387 1122 1693 1156 Tholosanorum.
1730 1123 1825 1157 Olim
1861 1130 2035 1169 operante
2068 1123 2132 1156 illo
2162 1124 2224 1169 qui
2254 1123 2332 1157 vult

450 1202 578 1223 omnes
612 1190 781 1223 homines
816 1190 937 1223 salvos
968 1189 1061 1231 fieri,
1093 1196 1128 1223 et
1148 1190 1330 1223 neminem
1366 1190 1444 1224 vult
1470 1189 1589 1235 perire
1620 1202 1685 1235 per
1714 1190 1957 1224 ministerium
1987 1190 2048 1224 bo.
2078 1202 2147 1223 me.
2177 1191 2218 1223 R.
2246 1196 2331 1224 tunc

449 1257 663 1291 Portuensis
698 1257 804 1290 electi
839 1257 876 1289 in
910 1256 984 1290 illis
1019 1256 1183 1302 partibus
1217 1256 1417 1302 apostolice
1457 1257 1557 1290 sedis
1595 1257 1705 1303 legati
1744 1257 1840 1290 inter
1873 1257 2064 1291 ecclesiam
2102 1263 2138 1290 et
2169 1256 2331 1290 nobilem

449 1325 607 1357 virum..
630 1324 799 1357 comitem
821 1323 1069 1357 Tholosanum
1106 1336 1193 1369 pace
1224 1330 1400 1369 preeunte
1431 1323 1552 1357 divina
1586 1324 1701 1369 gratia
1736 1324 1927 1357 reformata
1962 1324 2058 1357 idem
2087 1323 2231 1370 legatus
2260 1330 2331 1357 tam

451 1391 602 1436 provide
632 1402 737 1436 quam
768 1390 969 1436 prudenter
995 1390 1189 1424 attendens
1217 1390 1314 1435 quod
1343 1390 1436 1423 fides
1464 1390 1652 1432 catholica,
1681 1402 1751 1436 que
1781 1402 1874 1436 pene
1903 1390 2049 1436 penitus
2074 1390 2266 1424 videbatur
2286 1389 2332 1423 de

450 1458 524 1492 illis
553 1457 718 1504 partibus
746 1457 952 1503 profligata,
974 1457 1065 1490 inibi
1092 1457 1268 1491 reflorere
1288 1457 1426 1490 valeret
1447 1458 1500 1490 sic
1520 1457 1595 1490 illic
1620 1457 1822 1491 litterarum
1843 1457 2004 1490 studium
2026 1464 2211 1491 crearetur
2231 1456 2334 1490 duxit

451 1525 602 1570 provide
632 1525 883 1566 statuendum,
917 1531 953 1558 ut
988 1525 1026 1557 in
1058 1524 1264 1558 Tholosana
1294 1524 1437 1558 civitate
1472 1524 1670 1570 cujuslibet
1704 1524 1802 1558 licite
1837 1524 2016 1558 facultatis
2047 1524 2166 1557 studia
2194 1523 2332 1569 planta-

451 1599 590 1634 rentur,
613 1604 767 1637 quorum
788 1592 988 1637 magistris,
1009 1598 1047 1625 ut
1066 1591 1220 1625 liberius
1239 1598 1392 1637 possent
1408 1603 1534 1626 vacare
1554 1591 1687 1625 studiis
1703 1598 1740 1624 et
1759 1591 1950 1633 doctrinis,
1971 1603 1990 1624 a
2005 1591 2180 1636 jamdicto
2201 1591 2332 1624 comite

450 1659 518 1692 fuit
547 1659 770 1704 promissum
801 1665 939 1691 certum
972 1658 1142 1691 salarium
1173 1665 1209 1691 et
1237 1664 1423 1691 statutum.
1460 1659 1534 1691 Nos
1563 1658 1676 1704 igitur
1705 1658 1750 1691 ad
1779 1658 1894 1691 instar
1921 1657 2038 1691 felicis
2067 1657 2333 1691 recordationis

451 1726 495 1760 G.
520 1737 613 1771 pape
632 1725 909 1770 predecessoris
937 1725 1053 1758 nostri
1079 1725 1177 1770 quod
1202 1737 1314 1770 super
1334 1725 1526 1770 premissis
1551 1725 1682 1758 factum
1705 1731 1761 1758 est
1782 1731 1924 1770 gratum
1946 1731 1982 1757 et
2000 1731 2115 1758 ratum
2141 1723 2331 1767 habentes,

452 1799 491 1826 ut
520 1792 647 1826 eadem
681 1791 861 1833 libertate,
893 1804 962 1837 qua
993 1792 1155 1837 gaudent
1183 1792 1411 1825 Parisienses
1438 1792 1614 1834 scolares,
1642 1803 1708 1825 vos
1737 1798 1773 1824 et
1801 1803 1929 1824 omnes
1959 1791 2022 1836 qui
2050 1790 2156 1824 vobis
2186 1802 2334 1825 succes-

451 1860 569 1893 serint
596 1860 633 1892 in
654 1859 719 1892 hac
745 1865 846 1905 parte
877 1865 1054 1904 perpetuo
1085 1859 1275 1904 gaudeatis
1301 1859 1487 1892 devotioni
1513 1865 1634 1892 vestre
1655 1859 1824 1892 duximus
1850 1857 2126 1891 concedendum
2144 1885 2150 1891 .
2167 1885 2173 1890 .
2191 1885 2223 1891 ..
2252 1859 2331 1892 Dat.

452 1926 623 1972 Lugduni
645 1926 682 1971 iij
706 1926 755 1959 id.
779 1925 1019 1971 Septembris,
1041 1938 1136 1959 anno
1158 1926 1276 1959 tertio.

547 2034 611 2065 Reg.
628 2034 684 2057 Vati
702 2033 847 2056 Innocentii
865 2033 898 2056 IV
912 2041 954 2056 un.
972 2034 995 2061 3,
1011 2041 1054 2064 ep.
1073 2033 1126 2061 155,
1143 2033 1188 2056 fol.
1205 2034 1259 2056 236.
1276 2033 1340 2056 Vide
1361 2033 1432 2064 apud
1452 2032 1560 2064 Berger,
1580 2033 1633 2057 Les
1652 2032 1794 2063 Reqistres
1809 2031 1977 2057 d'Innocent
1993 2031 2043 2061 IV,
2063 2035 2093 2055 n⁰
2112 2032 2181 2060 1515,
2202 2031 2335 2063 integram

451 2078 602 2110 epistolam,
626 2086 678 2110 qua
697 2081 801 2101 tuntum
821 2078 868 2101 illa
887 2077 1010 2109 Gregorii
1030 2078 1064 2100 lx
1083 2086 1125 2101 an.
1150 2078 1211 2100 1233
1230 2077 1366 2109 repetitur.
1384 2077 1448 2101 Vide
1464 2085 1547 2109 supra
1566 2081 1596 2100 n⁰
1610 2078 1648 2100 99.
1669 2091 1700 2095 —
1715 2077 1763 2100 Hic
1778 2077 1901 2101 annotari
1919 2077 2005 2106 debet,
2027 2076 2169 2108 magistros
2189 2076 2334 2100 Tolosanon

452 2131 464 2147 α
480 2123 585 2155 copiam
600 2122 750 2146 litterarum
769 2122 978 2154 apostolicarum
997 2130 1078 2153 super
1099 2130 1225 2145 concessa
1245 2122 1440 2146 Parisiensibus
1455 2122 1579 2145 libertate
1599 2122 1752 2153 hujusmodi
1773 2123 1953 2145 confecturum
1971 2129 2108 2153 nunquam
2126 2120 2253 2144 habuisse
2268 2128 2291 2150 »,
2306 2123 2337 2144 ut

452 2169 532 2191 refert
546 2167 680 2191 Johannes
697 2167 774 2195 xxn,
792 2167 821 2190 13
836 2166 900 2190 Nov⁴
919 2167 988 2195 1316,
1010 2166 1036 2189 in
1057 2166 1170 2198 epistola
1185 2167 1218 2190 ud
1234 2166 1377 2198 magistros
1393 2166 1556 2190 Purisienses
1577 2166 1684 2190 directa.
1702 2167 1734 2190 Et
1748 2165 1810 2190 licet
1824 2165 1906 2189 innixi
1920 2165 2062 2198 privilegio
2082 2165 2116 2189 ab
2135 2165 2286 2189 Innocentio
2301 2165 2336 2189 IV

450 2212 517 2243 ipsis
547 2219 672 2235 concesso
698 2211 799 2243 pluries
824 2210 1022 2235 parisiensibus
1047 2211 1254 2242 efflagitaverint
1272 2214 1302 2234 ut
1327 2211 1485 2242 apographa
1507 2210 1579 2234 dicta
1597 2210 1664 2242 ipsis
1688 2210 1864 2239 mitterentur,
1889 2209 2052 2234 Parisienscs
2068 2213 2156 2233 tamen
2178 2209 2227 2233 hoc
2250 2210 2335 2234 facere

451 2257 620 2289 respuebant.
639 2257 701 2288 Reg.
720 2256 776 2280 Vnt.
794 2255 918 2279 Avenion.
935 2255 1048 2279 Johann.
1066 2256 1142 2284 xxn,
1159 2258 1222 2279 tom.
1239 2256 1282 2284 Vl,
1298 2255 1352 2279 154.

459 2437 567 2476 148.
594 2446 746 2474 Ordinatio
762 2446 884 2482 capituli
898 2446 1045 2481 generalis
1064 2446 1130 2472 ord.
1152 2446 1381 2472 Gisterciensium
1397 2446 1432 2472 de
1447 2446 1563 2481 studiis,
1579 2445 1753 2482 praesertim
1768 2445 1804 2472 de
1818 2444 1916 2471 studio
1930 2445 2056 2471 Parisiis
2066 2445 2130 2480 jam
2146 2444 2266 2480 incepto.

1566 2543 1643 2572 1245.
1659 2541 1820 2575 Septembris
1834 2542 1871 2571 12,
1886 2540 2050 2576 [cistercia.

547 2617 602 2650 Ad
636 2617 812 2650 honorem
850 2618 915 2651 Dei
946 2625 981 2651 et
1013 2618 1155 2651 ordinis
1186 2618 1299 2650 decus
1334 2624 1370 2650 et
1401 2617 1570 2650 decorem
1605 2629 1634 2650 s.
1667 2616 1887 2650 universalis
1919 2615 2074 2649 ecclesie
2104 2621 2140 2648 et
2165 2621 2203 2648 ut
2229 2613 2338 2648 corda

458 2690 581 2717 nostra
609 2683 691 2717 luce
718 2684 841 2718 divine
869 2685 1048 2730 sapientie
1076 2684 1222 2730 plenius
1249 2684 1492 2725 illustrentur,
1524 2684 1717 2729 presertim
1744 2695 1825 2716 cum
1855 2682 1992 2716 domini
2013 2693 2104 2727 pape
2132 2680 2337 2714 mandatum

458 2757 494 2783 et
518 2750 677 2796 plurium
706 2750 942 2784 cardinalium
971 2751 1181 2796 petitionem
1212 2757 1247 2783 et
1273 2750 1556 2783 admonitionem
1585 2749 1858 2795 susceperimus
1879 2755 1915 2782 et
1934 2748 2106 2794 precipue
2135 2747 2273 2780 domini
2291 2747 2337 2781 J.¹

457 2817 551 2850 tituli
582 2817 617 2851 S.
647 2817 831 2850 Laurentii
862 2817 899 2850 in
928 2818 1065 2850 Lucina
1095 2816 1299 2862 presbyteri
1329 2816 1550 2850 cardinalis:
1570 2816 1622 2849 sic
1652 2815 1777 2849 statuit
1805 2814 2001 2860 capitulum
2031 2813 2216 2859 generale,
2239 2820 2279 2847 ut
2301 2813 2339 2847 in

452 2883 617 2930 'singulis
637 2883 792 2917 abbatiis
814 2883 955 2917 ordinis
977 2883 1107 2925 nostri,
1130 2883 1166 2915 in
1193 2882 1327 2928 quibus
1354 2882 1503 2916 abbates
1524 2882 1658 2915 habere
1683 2881 1870 2928 potuerint
1894 2887 1930 2915 et
1948 2880 2143 2922 voluerint,
2165 2879 2340 2914 habeatur

458 2951 633 2992 studium,
669 2951 716 2987 ita
750 2950 847 2996 quod
882 2950 926 2983 ad
966 2950 1087 2983 minus
1122 2950 1158 2982 in
1194 2949 1352 2995 singulis
1387 2949 1586 2994 provinciis
1624 2948 1859 2994 provideatur
1891 2947 2033 2981 abbatia
2072 2959 2155 2987 una,
2193 2947 2230 2980 in
2269 2958 2338 2992 qua
2378 2978 2380 2983 Α
