2580 3528
482 410 546 442 588
1056 414 1377 439 CHARTULARIUM
1413 413 1602 435 levnns.
1640 411 1756 433 rmus
2252 400 2353 443 [1280

481 494 540 525 ipsa
558 494 591 516 nd
611 502 659 517 nos
679 501 730 517 non
750 492 878 524 pervenit.
894 506 925 509 —
938 493 962 515 6.
979 500 990 514 «
1007 491 1027 514 Α
1041 490 1137 514 debitis
1154 497 1165 512 »
1186 497 1216 513 ex
1235 488 1303 518 Rea.
1323 492 1384 512 nat.
1406 487 1491 517 Anql.
1510 500 1541 504 —
1557 487 1579 510 7.
1603 486 1640 509 Ad
1657 485 1809 516 juramenta
1828 484 1921 508 ultimo
1940 485 2024 508 relata
2044 484 2104 508 vide
2124 492 2206 517 supra
2224 488 2254 508 n⁰
2268 485 2306 508 20.
2321 498 2354 504 -.

481 539 503 561 8.
526 539 579 561 Hoc
595 538 774 570 juramentum
795 537 938 560 secundum
960 535 1079 559 libellum
1099 533 1273 557 accusationis
1293 535 1383 555 contra
1403 531 1590 554 cancellarium
1622 529 1775 561 Philippum
1795 529 1827 553 de
1852 529 1982 553 Thoriaco
2006 529 2040 553 ab
2061 529 2168 561 antiquo
2191 532 2248 553 erat
2269 529 2354 553 intro-

481 583 597 606 ductum.
612 583 684 606 Infra
697 587 726 605 n⁰
739 582 792 610 515,
809 590 836 613 p.
852 581 907 604 614.
924 580 962 604 cf.
978 582 1114 611 praeterea
1130 582 1158 601 n⁰
1172 579 1224 601 50³.

484 697 595 735 502.
618 706 762 741 Diffinitio
786 705 821 731 de
845 704 1025 730 scholaribus
1053 703 1171 737 Collegii
1196 702 1290 727 Par-is.
1319 700 1399 736 (Or-d.
1428 699 1569 733 Cluniae.)
1595 698 1672 735 quod
1697 707 1753 724 non
1777 698 1881 725 debent
1905 698 2021 725 admitti
2043 699 2101 725 nisi
2122 698 2235 726 solvant
2265 692 2374 725 totam'

570 756 736 792 pensionem
752 758 779 780 et
792 754 939 788 integr-am,
957 754 1040 786 facta
1056 760 1130 777 anno
1145 751 1259 776 Domini
1274 749 1498 775 M⁰CC⁰LXXXL
1887 784 1901 790 ..
2017 784 2023 790 υ
2058 785 2064 790 ¹

1753 784 1825 814 1281,
1840 785 1899 810 Hau
1911 783 1936 814 4,
1952 784 2068 811 Glunmct.

574 867 625 898 De
655 863 856 897 scolaribus
890 863 926 895 in
961 862 1068 894 domo
1102 861 1264 895 Cluniae.
1297 859 1457 893 Parisius
1488 858 1798 892 commorantibus
1828 865 1885 892 est
1913 871 1931 891 a
1961 858 2222 892 diffinitoribus
2255 858 2354 892 ordi-

486 939 619 972 natum7
643 937 680 963 ut
706 930 828 963 nullus
857 929 1050 974 recipiatur
1078 927 1211 960 ibidem
1234 927 1442 971 quicunque
1463 926 1572 959 fuerit
1599 932 1634 958 et
1659 937 1878 971 quocunque
1906 931 2069 971 tempore
2095 925 2236 959 venerit
2262 925 2355 959 infra

485 1010 629 1038 annum„
652 997 723 1029 nisi
744 1003 851 1029 totam
874 1002 909 1028 et
928 995 1105 1040 integram
1127 994 1277 1027 solverit
1298 993 1532 1038 pensionem3
1556 999 1589 1025 et
1610 992 1688 1037 ipsa
1708 991 1837 1037 pensio
1859 991 1950 1025 nulli
1971 992 2074 1025 alteri
2098 992 2258 1025 tradatur
2282 992 2355 1026 nisi

485 1062 781 1109 procuratoribus
802 1062 896 1094 dicte
918 1061 1059 1094 domus.

576 1160 744 1183 Definitiones
761 1159 843 1190 Capp.
859 1159 965 1190 general
981 1158 1097 1181 Cluniae.
1114 1158 1141 1180 in
1156 1157 1224 1180 Bibl.
1241 1161 1294 1180 nat.
1311 1157 1395 1181 Paris.
1417 1165 1466 1180 ms.
1483 1157 1540 1185 lat„
1556 1166 1635 1181 nouv.
1652 1157 1762 1189 aequis„
1780 1158 1849 1186 2263,
1867 1157 1911 1181 fol.
1928 1158 1958 1180 20
1978 1160 2003 1181 et
2022 1156 2077 1180 885.
2092 1171 2125 1176 -
2139 1157 2244 1181 Similes
2261 1156 2356 1181 defiui-

483 1205 566 1228 tiones
582 1212 710 1228 annorum
724 1203 901 1235 posteriorum
916 1203 942 1226 in
958 1211 1006 1226 ms.
1024 1211 1075 1225 non
1091 1203 1172 1226 semel
1187 1205 1337 1225 occurrunt.
1349 1202 1391 1225 Sic
1404 1205 1429 1225 et
1444 1210 1511 1225 anno
1528 1203 1588 1225 1282
1602 1202 1739 1226 definitum
1754 1205 1802 1231 est,
1812 1205 1842 1226 ut
1855 1202 1996 1234 pensiones
2012 1210 2028 1225 a
2042 1202 2177 1234 prioribus
2189 1202 2355 1226 scholaribus

484 1250 534 1273 cito
549 1250 693 1277 solvantur,
705 1257 764 1271 cum
780 1248 912 1271 scholares
923 1247 1000 1270 aliter
1014 1247 1093 1270 nimis
1108 1250 1260 1278 graventur.
1277 1247 1343 1270 lbid.
1362 1247 1406 1270 fol.
1423 1246 1462 1270 84.

485 1407 595 1444 503.
619 1415 785 1452 Appellatio
809 1414 848 1440 ad
869 1414 964 1440 sedem
987 1413 1177 1450 apostolicam
1192 1422 1210 1439 a
1226 1414 1364 1448 magistro
1382 1415 1467 1440 Retro
1482 1414 1518 1440 de
1535 1416 1561 1440 S.
1579 1415 1691 1449 Amore,
1709 1418 1818 1441 rectore
1838 1414 2048 1446 Universitatis,
2067 1418 2167 1441 contra
2186 1414 2356 1449 magistrum

571 1464 745 1501 Philippum,
763 1463 967 1490 cancellarium
982 1463 1186 1499 Parisiensem,
1203 1464 1295 1498 facta,
1314 1463 1390 1498 quod
1409 1463 1594 1497 Ferrandum,
1612 1466 1733 1498 fratrem
1750 1464 1826 1499 regis
1841 1464 2017 1500 Aragonum,
2033 1463 2111 1490 nullo
2131 1467 2199 1490 ante
2215 1467 2355 1489 lentatum

573 1514 713 1548 examine,
732 1512 881 1538 licentiat-e
898 1512 1072 1538 intendebat.

1730 1549 1801 1579 1281,
1819 1549 1880 1575 unii
1888 1550 1933 1579 23,
1949 1549 2063 1575 Pae-ielis.

573 1625 613 1656 In
630 1623 776 1656 nomine
798 1623 955 1663 Domini⁷
973 1634 1089 1655 amen.
1107 1623 1214 1655 Anno
1231 1622 1431 1656 Nativitatis
1453 1623 1617 1668 ejusdem
1639 1623 1833 1657 millesimo
1854 1623 2106 1657 ducentesimo
2128 1623 2354 1669 octogesimo

484 1691 614 1735 primo,
641 1689 839 1722 indictione
867 1701 974 1730 nona,
1001 1688 1231 1734 pontificatus
1258 1689 1395 1722 domini
1420 1690 1565 1723 Martini
1591 1702 1681 1735 pape
1707 1690 1824 1735 quarti
1849 1702 1943 1723 anno
1969 1690 2100 1736 primo,
2122 1690 2182 1723 die
2208 1689 2355 1724 veneris

484 1757 643 1802 proxima
668 1763 751 1801 post
774 1756 906 1789 festum
926 1756 1167 1789 Ascensionis
1188 1756 1382 1798 dominice,
1405 1756 1441 1789 in
1463 1757 1646 1801 presentia
1672 1757 1743 1790 mei
1768 1758 1915 1803 Rogeri,
1937 1757 2069 1790 notarii
2093 1757 2186 1790 infra
2213 1756 2354 1802 scripti,

484 1830 518 1856 et
551 1824 696 1856 testium
730 1823 822 1856 infra
856 1823 1073 1867 scriptorum
1113 1822 1156 1855 ad
1194 1822 1261 1855 hec
1301 1823 1507 1868 specialiter
1543 1830 1753 1857 vocatorum
1793 1831 1828 1857 et
1866 1830 2090 1869 rogatorum,
2131 1823 2354 1857 constitutus

483 1891 656 1935 magister
672 1891 800 1923 Petrus
818 1890 861 1922 de
880 1890 1008 1922 Sancto
1029 1889 1197 1930 Amore¹‚
1214 1896 1333 1922 rector
1352 1890 1600 1924 universitatis
1621 1891 1876 1936 magistrorum
1900 1898 1936 1924 et
1955 1890 2149 1924 scolarium
2172 1890 2355 1923 Parisien-

483 1957 576 1989 sium
604 1956 750 1989 nomine
778 1956 894 2001 ipsius
922 1956 1075 1988 rectoris
1101 1968 1139 1988 ac
1164 1956 1243 1989 vice
1268 1963 1303 1989 et
1327 1957 1474 1989 nomine
1502 1964 1656 2002 quatuor
1682 1964 1956 2003 procuratorum
1984 1957 2169 1990 nationum
2199 1963 2354 2002 quatuor

482 2023 660 2056 facultatis
686 2023 829 2063 artium,
855 2029 889 2054 et
914 2022 1060 2054 nomine
1085 2022 1202 2066 ipsius
1228 2022 1338 2055 totius
1365 2023 1544 2057 facultatis
1570 2030 1694 2057 contra
1720 2023 1965 2058 venerabilem
1992 2024 2109 2058 virum
2138 2023 2353 2069 magistrum

483 2089 699 2134 Philipmn’,
736 2088 989 2121 cancellarium
1026 2088 1281 2130 Parisiensem‚
1313 2089 1357 2122 ad
1392 2089 1515 2122 sedem
1550 2090 1784 2135 apostolicam
1820 2091 1857 2123 in
1892 2091 2038 2136 scriptis
2072 2089 2280 2136 appellavit,
2315 2089 2352 2122 in

483 2156 628 2188 modum
652 2155 712 2200 qui
734 2155 910 2199 sequitur.

572 2222 663 2255 Cum
694 2221 737 2254 de
765 2220 1031 2254 consuetudine
1059 2221 1254 2266 approbata
1283 2234 1301 2254 a
1330 2229 1492 2267 tempore
1522 2235 1539 2255 a
1570 2236 1641 2269 quo
1670 2225 1843 2258 memoria
1873 2237 1947 2257 non
1974 2224 2107 2265 existit,
2137 2229 2356 2257 consuetum·

484 2289 624 2329 existat,
655 2287 753 2332 quod
781 2286 989 2328 bachelarii⁷
1021 2287 1237 2320 licenciandi
1265 2289 1426 2322 Parisius
1456 2289 1493 2322 in
1522 2290 1689 2323 facultate
1718 2291 1847 2324 artium
1874 2303 1939 2336 per
1971 2290 2225 2324 cancellarium
2256 2289 2356 2322 Pari-

485 2355 656 2396 siensem,
674 2354 717 2387 ad
738 2354 900 2399 ipsorum
923 2353 1211 2387 bachelariorum
1233 2354 1413 2388 licentiam
1435 2356 1643 2390 nullatenus
1664 2358 1882 2402 procedatur
1902 2358 1946 2391 de
1967 2358 2090 2404 rigore
2111 2369 2176 2402 per
2197 2355 2354 2390 eundem

484 2421 749 2462 cancellarium⁷
779 2421 849 2453 nisi
877 2420 979 2465 prius
1006 2420 1141 2453 fuerint
1167 2421 1357 2454 examinati
1385 2434 1449 2467 per
1477 2424 1671 2469 magistros
1699 2431 1870 2470 regentes
1904 2431 1984 2458 actu
2011 2425 2049 2457 in
2074 2423 2241 2457 facultate
2273 2433 2356 2468 pre-

485 2487 589 2527 dicta,
613 2494 643 2519 et
672 2498 752 2528 vos,
774 2486 919 2519 domine
941 2486 1154 2519 cancellarie
1176 2488 1406 2531 Parisiensis,
1428 2496 1551 2523 contra
1572 2490 1782 2536 hujusmodi
1802 2491 2103 2525 consuetudinem
2131 2497 2166 2524 et
2190 2496 2354 2523 tenorem

486 2553 758 2597 privilegiorum
784 2560 990 2586 nostrorum
1021 2553 1179 2587 nobilem
1201 2554 1317 2587 virum
1344 2556 1529 2589 dominum
1552 2558 1788 2600 Ferrandum,
1809 2559 1955 2591 fratrem
1981 2557 2081 2603 regis
2105 2555 2352 2602 Aragonum’,

486 2630 558 2651 non
584 2618 820 2650 examinatum
848 2630 911 2663 per
937 2619 1053 2652 dictos
1080 2620 1273 2665 magistros
1294 2628 1374 2654 actu
1396 2629 1567 2667 regentes
1591 2624 1628 2656 in
1648 2631 1771 2657 nostra
1792 2624 1959 2657 facultate
1980 2623 2172 2657 licenciare
2194 2620 2354 2654 intendi-

487 2684 648 2727 tis⁴‹[sz'c>,
677 2690 799 2717 contra
827 2685 1130 2718 consuetudinem
1151 2687 1381 2731 approbatam
1411 2695 1445 2721 et
1471 2701 1489 2722 a
1511 2695 1673 2735 tempore
1700 2703 1718 2723 a
1739 2703 1811 2735 quo
1837 2702 1910 2723 non
1936 2696 2006 2723 stat
2026 2689 2199 2722 memoria
2225 2687 2354 2720 obser-

485 2757 599 2783 vatam
630 2756 665 2782 et
693 2750 966 2794 privilegiorum
998 2758 1205 2785 nostrorum
1238 2760 1412 2795 tenorem,
1449 2756 1486 2788 in
1516 2757 1756 2801 prejudicium
1788 2763 1823 2790 et
1856 2768 2050 2802 gravamen
2080 2755 2191 2788 totius
2229 2760 2354 2787 nostre

485 2816 662 2849 facultatis
684 2822 719 2848 et
739 2816 1012 2861 privilegiorum
1035 2825 1241 2852 nostrorum
1265 2832 1271 2852 :
1295 2821 1377 2854 ideo
1400 2833 1481 2867 ego,
1505 2823 1677 2868 magister
1698 2825 1826 2857 Petrus
1848 2823 1892 2856 de
1914 2823 2043 2856 Sancto
2065 2822 2213 2862 Amore,
2235 2827 2354 2853 rector

486 2882 731 2916 universitatis
756 2882 1011 2927 magistrorum
1039 2890 1074 2917 et
1093 2885 1284 2918 scolarium
1308 2888 1580 2931 Parisieusium,
1603 2901 1660 2922 me
1681 2896 1716 2922 et
1736 2896 1889 2935 quatuor
1914 2895 2172 2935 procuratores
2199 2884 2354 2933 quatuor

487 2950 669 2982 nationum
696 2948 874 2981 facultatis
900 2949 1060 2993 predicte
1085 2957 1117 2983 et
1144 2951 1256 2996 ipsam
1284 2953 1486 2992 facultatem
1508 2956 1671 2989 sentiens
1696 2968 1714 2989 a
1738 2956 1844 2990 vobis
1869 2957 1905 2989 in
1931 2967 2015 2989 casu
2043 2955 2223 3000 premisso
2249 2953 2355 2986 inde-
