2618 3640
535 403 578 434 22
1117 410 1435 433 cnam-ULAMUM
1470 409 1661 431 UNivaas.
1699 409 1827 430 PARIS.

533 486 673 531 scripti.
710 484 942 530 Impossibile
977 491 1032 518 est
1066 491 1105 517 ut
1137 485 1279 517 animus
1314 484 1477 528 quiescat
1511 483 1630 528 impii,
1667 494 1773 527 quem
1808 482 2032 515 conscientie
2063 481 2234 516 stimulus
2268 494 2413 528 semper

533 553 703 598 exagitat,
726 558 1014 597 perpetuumque
1036 551 1201 584 timorem
1230 550 1371 591 incutit,
1394 562 1438 582 ne
1470 561 1534 595 per
1561 548 1705 594 singula
1734 555 1914 581 momenta
1942 548 2094 594 recipiat
2113 549 2212 593 quod
2239 556 2411 583 meretur.

534 619 593 652 Sic
614 625 814 652 estuantem
831 618 933 663 jugis
955 617 1163 650 sollicitudo
1190 617 1333 662 premit,
1355 623 1390 649 et
1415 616 1499 648 dum
1525 627 1652 648 omnes
1678 615 1859 656 homines,
1882 614 1988 647 etiam
2014 614 2107 648 bene
2133 616 2352 660 promeritos
2377 622 2414 650 et

533 686 789 726 amicissimos,
817 683 1090 729 suspicionibus
1116 683 1261 724 lacerat,
1284 695 1327 715 ex
1352 682 1499 727 proprie
1525 681 1630 727 culpa
1660 681 1812 727 perfidie
1839 688 1940 726 putat
1963 681 2045 714 aliis
2071 681 2220 724 deesse,
2243 694 2349 727 quam
2374 683 2412 716 in

534 752 759 786 conscientia
788 764 861 784 non
890 750 997 783 habet
1024 750 1144 783 fidem.
1169 750 1226 783 Sic
1254 762 1316 782 rex
1345 748 1563 794 Auglorum,
1592 748 1712 780 audita
1733 748 1959 793 profectione
1988 755 2122 790 vestra,
2145 760 2210 782 sue
2239 749 2412 782 conscius

533 819 734 864 iniquitatis
756 825 791 851 et
809 818 946 851 veritus
972 817 1087 849 zelum
1114 816 1221 861 legis,
1244 823 1279 848 et
1303 815 1609 860 perseverantiam
1635 814 1794 856 virtutis,
1817 826 1923 859 quam
1947 814 2089 848 habetis
2110 821 2146 848 et
2170 816 2349 849 exercetis
2373 816 2412 860 in

535 886 704 924 Domino,
732 897 840 930 supra
862 884 1007 916 modum
1030 884 1131 916 timet
1155 895 1199 915 ne
1225 883 1262 914 in
1289 889 1419 915 terram
1446 882 1525 914 eius
1550 881 1780 914 cismarinam
1808 882 1988 915 sanctitati
2012 888 2133 916 vestre
2158 882 2292 928 legatio
2313 895 2412 916 com—

533 954 706 993 mittatur,
724 952 806 996 quia
823 952 859 983 in
881 957 951 983 tota
974 950 1126 982 ecclesia
1143 949 1327 982 Gallicana
1349 948 1381 980 ci
1403 948 1496 980 alius
1516 960 1589 980 non
1610 948 1782 990 occurrit,
1800 960 1866 993 per
1886 960 1993 993 quem
2011 948 2145 982 malitia
2165 950 2245 994 ejus
2262 950 2412 995 reprimi

533 1020 651 1065 possit
670 1025 730 1051 aut
749 1017 899 1050 conteri.
923 1017 992 1050 Sed
1014 1028 1079 1048 nec
1102 1016 1137 1047 in
1159 1015 1312 1047 ecclesia
1334 1016 1492 1047 Romana
1512 1021 1659 1047 veretur
1684 1014 1855 1059 aliquem,
1878 1015 1974 1048 sicut
1994 1015 2051 1048 sui
2076 1022 2268 1058 testantur,
2290 1023 2412 1062 preter

532 1086 718 1119 dominum
741 1084 963 1124 Gratianum,
987 1083 1069 1127 quia
1091 1082 1120 1114 si
1142 1081 1311 1126 gloriatio
1334 1082 1413 1126 ejus
1434 1093 1518 1114 vera
1540 1087 1608 1122 est,
1631 1088 1811 1126 quotquot
1830 1081 1891 1114 alii
1911 1082 1956 1115 ad
1980 1082 2100 1127 ipsum
2127 1095 2171 1115 ex
2195 1094 2410 1128 quacunque

530 1164 637 1185 causa
663 1156 907 1186 accesserunt,
930 1149 973 1181 ad
1000 1155 1125 1181 nutum
1154 1149 1247 1192 ejus,
1270 1154 1306 1180 et
1331 1148 1514 1180 interdum
1545 1160 1619 1181 non
1647 1148 1726 1181 sine
1758 1155 1840 1182 nota
1871 1149 2020 1182 sinistre
2041 1149 2241 1195 opinionis,
2258 1162 2411 1184 conver—

530 1218 652 1251 tibiles
674 1217 809 1249 inventi
832 1222 927 1248 sunt.
951 1215 1042 1258 Quia
1063 1227 1152 1260 ergo
1179 1214 1367 1247 (lominum
1388 1214 1600 1247 Gratianum
1622 1215 1659 1247 in
1681 1215 1852 1248 comitatu
1872 1222 1995 1249 vestro
2017 1216 2137 1249 redire
2159 1216 2299 1258 didicit,
2319 1217 2410 1250 adeo

528 1284 693 1318 turbatus
719 1290 787 1323 est,
810 1289 848 1315 ut
874 1282 983 1315 animi
1012 1288 1148 1314 motum
1177 1281 1410 1314 dissimulare
1431 1282 1650 1326 nequiverit,
1673 1282 1800 1315 dicens
1831 1282 1929 1327 quod
1957 1295 2022 1328 per
2046 1295 2112 1317 vos
2133 1283 2323 1329 cogendus
2342 1284 2411 1318 erit

526 1352 571 1384 ad
599 1362 742 1396 pacem,
773 1356 834 1382 aut
859 1361 940 1382 cum
971 1360 1102 1394 magno
1132 1348 1189 1381 sui
1217 1360 1441 1394 suorumque
1470 1349 1665 1394 dispendio
1694 1355 1906 1394 perpetuam
1936 1350 2173 1395 ignominiam
2205 1350 2408 1384 subiturus.

528 1417 698 1451 Evocavit
718 1417 837 1461 itaque
859 1416 1072 1461 magistrum
1089 1415 1281 1449 Vivianum
1304 1427 1368 1460 per
1385 1427 1470 1448 suas
1491 1422 1527 1448 et
1547 1416 1685 1448 domini
1702 1415 2009 1462 Rothomagensis
2026 1423 2062 1450 et
2082 1417 2256 1450 Gausredi
2276 1417 2409 1462 Ridelli

527 1485 679 1525 litteras,
702 1484 807 1528 eique
830 1483 921 1515 sicut
944 1483 1038 1515 idem
1060 1482 1236 1516 Vivianus
1262 1482 1299 1515 in
1325 1481 1470 1527 publica
1495 1482 1735 1528 plurimorum
1762 1483 1946 1516 audientia
1970 1484 2164 1517 confessus
2189 1490 2258 1526 est,
2279 1496 2410 1531 corpo-

528 1551 651 1584 raliter
679 1550 785 1583 sidem
813 1550 931 1588 dedit,
960 1549 1057 1594 quod
1087 1549 1124 1581 in
1152 1548 1307 1582 ecclesie
1336 1561 1422 1594 pace
1450 1550 1680 1583 reformanda
1707 1550 1846 1582 domini
1873 1562 1964 1595 pape
1993 1550 2199 1584 mandatum
2228 1558 2263 1584 et
2291 1551 2409 1597 ipsius

527 1618 722 1652 consilium
740 1623 967 1661 sequeretur.
987 1616 1083 1649 Fecit
1106 1623 1141 1649 et
1160 1616 1299 1649 litteras
1321 1616 1459 1661 signari
1481 1616 1605 1662 sigillo
1628 1628 1709 1656 suo,
1731 1629 1821 1662 (pias
1843 1617 2005 1650 ostendit
2025 1617 2159 1662 quibus
2179 1618 2308 1660 voluit,
2326 1630 2410 1664 pro-

529 1686 675 1718 mittens
698 1685 733 1716 in
755 1684 847 1725 illis,
877 1683 973 1728 quod
995 1695 1060 1728 pro
1081 1695 1203 1716 amore
1225 1683 1362 1715 domini
1389 1695 1480 1728 pape
1506 1682 1614 1716 nobis
1640 1683 1812 1716 redderet
1837 1684 2137 1717 Cantuariensem
2162 1684 2354 1718 ecclesiam
2375 1692 2412 1719 et

529 1751 786 1797 possessiones
815 1750 950 1784 ablatas
982 1749 1088 1782 nobis
1116 1756 1151 1782 et
1183 1750 1320 1783 nostris
1349 1756 1385 1783 et
1411 1762 1534 1795 pacem
1564 1756 1600 1783 et
1626 1750 1878 1792 securitatem,
1916 1757 1956 1784 ut
1984 1751 2027 1784 ad
2057 1751 2282 1785 tractandum
2310 1752 2409 1798 pacis

527 1818 691 1859 verbum,
714 1830 818 1862 quam
841 1823 961 1850 vestro
983 1824 1019 1849 et
1039 1817 1176 1849 domini
1198 1817 1360 1850 Gratiani
1383 1823 1481 1850 metu
1503 1817 1694 1862 (quidquid
1711 1817 1804 1850 alius
1824 1817 2015 1862 glorietur)
2033 1830 2188 1863 querere
2204 1818 2408 1861 videbatur,

528 1885 702 1930 prefatum
724 1884 914 1918 Vivianum
940 1883 1095 1916 validius
1118 1890 1345 1929 perurgeret.
1379 1884 1449 1916 Sed
1478 1883 1522 1916 de
1549 1883 1678 1916 ablatis
1709 1895 1782 1916 non
1810 1883 1963 1917 faciebat
1989 1884 2144 1929 aliquam
2171 1885 2408 1927 mentionem,

527 1952 597 1984 nisi
619 1952 716 1996 quod
737 1950 923 1991 innuebat,
946 1950 1043 1995 quod
1065 1950 1095 1982 si
1117 1950 1216 1983 illius
1238 1950 1274 1982 in
1300 1950 1558 1983 reformatione
1586 1950 1684 1996 pacis
1713 1962 1952 1996 sequeremur
1977 1950 2180 1993 arbitrium,
2203 1963 2270 1985 nos
2295 1951 2410 1985 collo-

526 2025 623 2051 caret
644 2019 679 2050 in
700 2018 814 2063 capite
837 2017 954 2063 regni,
976 2024 1011 2050 et
1030 2017 1128 2050 nulla
1150 2017 1288 2050 ratione
1311 2023 1495 2062 pateretur
1515 2029 1638 2063 egere.
1662 2018 1842 2051 Revocato
1863 2024 1982 2051 autem
2004 2018 2178 2063 magistro
2199 2018 2353 2052 Viviano
2374 2025 2411 2052 et

525 2085 648 2119 verbis
679 2086 757 2130 ejus
784 2084 938 2117 habente
969 2084 1096 2125 fidem,
1128 2084 1293 2117 simulata
1323 2084 1518 2117 devotione
1550 2085 1735 2130 profectus
1765 2091 1821 2118 est
1847 2084 1891 2117 ad
1920 2091 2082 2130 sanctum
2112 2085 2347 2131 Dionysium,
2369 2098 2408 2120 re

527 2159 645 2185 autem
666 2164 762 2193 vera,
786 2158 824 2184 ut
850 2152 984 2184 sat-eret
1013 2151 1110 2196 quod
1140 2163 1231 2196 pene
1261 2151 1359 2192 fecit,
1382 2151 1418 2184 id
1440 2158 1496 2184 est
1517 2158 1556 2184 ut
1582 2163 1707 2197 regem
1729 2151 2084 2185 Christianissimum
2112 2152 2406 2186 circumveniret.

526 2219 707 2252 Convenit
727 2218 820 2251 enim
845 2218 938 2250 inter
959 2230 1022 2250 eos
1043 2218 1079 2250 in
1106 2217 1290 2263 colloquio
1312 2218 1407 2263 apud
1430 2219 1463 2251 S.
1488 2218 1742 2264 Dionysium¹,
1764 2225 1803 2251 ut
1828 2218 1860 2251 ei
1886 2218 2055 2251 alendum
2083 2225 2118 2251 et
2142 2219 2407 2253 instituendum

526 2286 684 2319 traderet
705 2285 895 2318 Ricardum
923 2284 1035 2317 filium
1062 2297 1181 2326 suum,
1204 2291 1237 2317 et
1260 2291 1299 2318 ut
1318 2285 1487 2318 comitem
1510 2285 1545 2318 S.
1563 2285 1710 2330 Aegidii
1727 2286 1893 2318 Turonas
1915 2292 2095 2326 evocaret,
2113 2285 2232 2319 eidem
2254 2286 2407 2320 Ricardo

526 2364 789 2397 responsurum
821 2363 932 2396 super
959 2351 1129 2384 comitatu
1162 2351 1358 2384 Tolosauo.
1396 2352 1582 2397 Siquidem
1617 2351 1721 2385 locus
1756 2351 1817 2385 ille
1853 2352 2052 2397 prudenter
2086 2353 2408 2387 commodissimus

526 2420 627 2453 visus
648 2425 715 2459 est,
735 2418 796 2451 ubi
818 2418 1029 2451 subsidiarii
1050 2418 1202 2463 partium
1226 2418 1407 2451 tutissime
1429 2419 1660 2460 conveniant,
1679 2426 1714 2452 et
1733 2418 1952 2464 litigantium
1975 2418 2113 2452 natales
2134 2418 2248 2452 libere
2267 2426 2408 2465 protes-

527 2493 660 2526 tentur,
697 2492 732 2518 ct
758 2485 819 2529 qui
844 2486 906 2529 jus
937 2485 1068 2518 dicturi
1096 2492 1199 2526 sunt,
1230 2497 1335 2530 quam
1366 2486 1456 2518 ratio
1484 2486 1648 2531 exegerit
1674 2492 1812 2531 partem
1839 2485 1943 2519 alteri
1971 2486 2049 2519 sine
2078 2486 2319 2531 trepidatione
2348 2485 2406 2520 vel

527 2552 643 2596 aliqua
670 2552 897 2584 cunctatione
925 2552 1180 2584 condemnent.
1213 2553 1287 2584 Nos
1315 2552 1358 2585 ad
1387 2551 1477 2584 illud
1505 2552 1728 2598 colloquium
1752 2552 2009 2597 compulerunt
2034 2552 2207 2585 accedere
2235 2552 2406 2586 dominus

527 2631 590 2651 rex
611 2619 759 2650 Francie
781 2625 813 2650 et
835 2618 1007 2662 magister
1018 2618 1193 2651 Vix-ianus
1215 2625 1250 2651 et
1269 2618 1329 2651 alii
1351 2619 1549 2664 sapientes,
1572 2625 1611 2652 ut
1631 2618 1738 2651 nobis
1760 2619 1921 2652 Parisius
1941 2619 2150 2652 constitutis
2171 2625 2207 2651 et
2226 2618 2289 2651 illo
2310 2619 2405 2665 apud

529 2685 564 2718 S.
584 2685 794 2729 Dionysium
813 2685 990 2717 existente
1011 2691 1137 2729 posset
1157 2685 1201 2717 de
1222 2685 1342 2718 vicino
1364 2698 1430 2730 pax
1450 2692 1574 2719 nostra
1591 2685 1819 2718 commodius
1836 2685 1991 2718 tractari.
2010 2684 2081 2718 Ubi
2097 2697 2178 2717 cum
2197 2685 2300 2718 illum
2317 2698 2404 2732 sepe

528 2751 646 2784 dictus
662 2750 836 2783 Vivianus
857 2750 1050 2783 instantius
1071 2757 1106 2783 et
1126 2751 1339 2796 diligentius
1360 2752 1586 2794 conveniret,
1604 2758 1643 2785 ut
1662 2751 1831 2797 impleret
1857 2751 2113 2797 promissionis
2134 2751 2256 2793 fidem,
2274 2752 2406 2786 resiliit

528 2829 628 2850 more
659 2828 745 2857 suo,
775 2822 810 2848 et
838 2815 942 2848 talem
974 2828 1013 2848 se
1042 2817 1194 2850 Viviano
1225 2817 1401 2859 exhibuit,
1424 2825 1463 2851 ut
1482 2819 1525 2851 ad
1553 2830 1621 2850 nos
1649 2818 1797 2850 rediens
1824 2817 1992 2863 pluribus
2018 2817 2267 2851 assidentibus
2289 2818 2401 2863 palam

529 2883 672 2923 dixerit,
701 2883 797 2927 quod
819 2882 1001 2915 hominem
1023 2883 1112 2916 adeo
1135 2885 1343 2918 mendacem
1373 2897 1412 2918 se
1432 2885 1570 2918 vidisse
1591 2884 1649 2919 vel
1679 2885 1826 2918 audisse
1848 2897 1921 2917 non
1947 2890 2088 2930 poterat
2112 2885 2308 2918 recordari.
2332 2886 2403 2919 Sed

529 2957 565 2983 et
584 2949 654 2995 ipsi
676 2949 849 2994 presenti,
872 2949 994 2982 multis
1015 2950 1267 2993 audientibus,
1290 2952 1385 2985 sicut
1405 2951 1448 2985 ab
1470 2952 1523 2984 eis
1546 2958 1629 2997 post
1648 2951 1875 2996 accepimus,
1897 2963 1967 2996 que
1988 2951 2131 2984 fuerant
2151 2951 2303 2985 dicenda
2329 2964 2402 2985 non
