2580 3528
491 404 556 438 258
1071 412 1390 436 CHARTULARIUM
1426 409 1616 432 univsns.
1654 407 1783 431 rmus.
1966 407 1998 427 ’.
2262 399 2364 440 [1254

491 499 585 522 anno
624 486 768 522 Domini
808 486 1002 529 MCCLllI,
1038 487 1095 519 die
1135 486 1304 519 mercurii
1340 484 1501 529 proxima
1535 489 1618 528 post
1650 479 1781 515 festum
1817 479 2085 516 Purificationis
2114 481 2218 516 beate
2250 483 2363 517 Marie

492 555 659 601 virginis.

586 653 648 677 Cod.
665 653 721 677 Vat.
738 653 801 683 Reg.
816 653 871 680 406,
888 652 932 675 sol.
953 651 1009 674 ¹19⁵.
1030 651 1107 673 Deest
1126 649 1151 672 in
1171 649 1239 672 Bibl.
1261 648 1392 679 Phillipps
1414 647 1439 670 in
1460 646 1641 675 Cheltenham,
1662 654 1711 670 ms.
1728 648 1782 672 876,
1799 660 1831 666 ·-
1845 646 1914 671 Bibl.
1930 647 2040 684 Collegi-i
2056 628 2134 679 dorp.
2151 647 2250 671 Christi
2265 647 2362 672 Canta—

492 698 603 729 brigiue,
623 705 673 720 ms.
693 697 745 723 107,
766 705 791 727 p.
816 696 869 719 109.
890 695 952 719 Cod.
974 695 1077 718 Archiv.
1095 694 1215 717 Univers.
1233 692 1315 716 Puris.
1333 693 1371 720 94,
1387 700 1414 723 p.
1431 692 1484 715 104.
1500 691 1570 715 Bibl.
1587 691 1703 719 Cal-not..
1719 699 1768 715 ms.
1785 692 1832 715 662
1845 691 1919 723 (eod.
1940 691 2060 722 Harcur),
2082 691 2126 716 tol.
2145 691 2202 715 94¹².
2219 692 2289 716 Bibl.
2305 695 2359 717 nat.

492 742 575 766 Poris.
593 750 640 764 ms.
657 742 703 764 lat.
718 742 788 769 9950,
806 741 849 763 sol.
864 741 886 767 1,
905 748 936 763 ex
950 740 1006 762 cod.
1024 738 1167 762 membran.
1182 740 1235 760 nat.
1252 736 1355 764 Picard,
1371 736 1414 759 fol.
1432 736 1485 759 101.
1503 736 1627 764 Bulaeus,
1643 736 1689 764 111,
1706 736 1760 760 255.

584 826 606 849 1.
625 826 664 849 Cf.
686 825 792 852 Denissc,
812 824 862 848 Die
884 823 1101 848 Universieaeten
1118 824 1163 846 des
1181 820 1371 848 Mittelalcers,
1389 821 1408 848 Ι,
1424 822 1454 844 67
1470 828 1511 852 sq.
1525 834 1557 838 —
1571 821 1593 843 2.
1611 819 1675 844 Vide
1693 828 1775 852 supra
1794 824 1834 844 nn·
1851 822 1890 849 ³4,
1906 822 1946 850 36,
1961 822 2001 844 44.
2018 821 2104 845 Paris-
2121 822 2184 845 9950
2202 829 2214 845 α
2228 820 2331 845 utiliter
2346 829 2359 845 ι

490 878 539 902 pro
556 879 567 893 (4
583 869 717 892 humiliter
733 877 753 892 )).
770 882 800 886 —-
816 870 838 891 3.
857 869 944 899 Supra
958 871 987 890 n⁰
1001 868 1038 890 42.
1055 880 1086 884 —
1105 867 1127 889 4.
1147 867 1254 889 Praeter
1268 865 1356 888 studia
1371 865 1544 896 particularia
1563 873 1621 897 cap.
1642 865 1765 896 generale
1784 865 1885 888 ordinis
1908 865 2001 897 paucis
2025 865 2123 889 abhinc
2147 865 2223 889 annis
2247 869 2360 898 quotuor

490 914 577 937 studia
594 913 727 945 generalia
746 912 904 935 constituere
924 910 1064 942 proposuit
1083 912 1173 941 (supra
1189 914 1218 932 11⁰
1233 910 1295 939 179).
1311 923 1343 927 -
1357 911 1379 932 5.
1399 909 1437 932 Cf.
1454 917 1536 941 supra
1551 912 1604 933 not.
1621 909 1654 932 ad
1673 913 1724 932 n¹¹¹¹¹
1739 910 1777 933 3'4.
1792 923 1824 927 —-
1838 911 1861 933 6.
1880 909 1919 934 Cf.
1935 909 2067 941 imprimis
2083 917 2165 942 supra
2179 914 2218 933 n⁰¹
2233 910 2287 940 145,
2303 910 2359 935 148.

488 971 519 975 ——
541 959 562 981 7.
583 958 668 989 Supra
692 961 721 980 n⁰
735 957 789 979 214.
810 969 840 974 --
860 957 881 979 8.
902 957 987 986 Supra
1002 959 1031 977 n0
1045 956 1083 978 65.
1106 968 1133 972 —
1154 955 1176 977 9.
1197 954 1283 985 Supra
1298 957 1327 976 n⁰
1341 954 1381 977 63.
1397 967 1426 971 —
1442 954 1480 977 10.
1504 954 1591 985 Supra
1609 957 1699 977 notam
1713 954 1747 978 ad
1761 958 1813 978 num
1830 955 1868 978 37.
1883 967 1917 972 -
1930 955 1968 978 11.
1987 955 2026 980 Cl'.
2046 961 2129 986 supra
2143 958 2182 978 12⁰·
2200 956 2215 978 5
2233 958 2259 979 et
2273 955 2311 978 27.
2325 967 2360 973 —

488 1003 525 1025 12.
544 1003 592 1025 Sex
607 1001 717 1032 collegia
733 1009 814 1032 supra
830 1000 963 1023 nominata
978 999 1028 1022 isto
1041 1002 1159 1030 tompore
1176 1002 1276 1030 septem
1291 1001 1395 1021 tantum
1411 998 1550 1021 cathedras
1566 998 1734 1030 magistrales
1755 998 1897 1022 habebant.
1913 999 1951 1022 Ex
1966 998 2026 1022 aliis
2041 998 2188 1028 ordinibus,
2208 999 2253 1031 qui
2272 999 2359 1023 adhuc

486 1055 537 1069 non
556 1046 688 1069 habebant
702 1045 843 1076 collegium
858 1043 976 1071 Parisiis,
992 1051 1102 1075 possum
1117 1046 1220 1066 tantum
1236 1044 1267 1066 fr.
1285 1042 1454 1066 Galdericum
1469 1043 1668 1066 Cluniacensem
1683 1043 1828 1072 nominare,
1845 1043 1890 1075 qui
1905 1044 1999 1067 saltem
2014 1051 2055 1066 an.
2071 1044 2132 1067 1259
2147 1046 2176 1067 ut
2190 1043 2317 1075 magister
2332 1043 2358 1067 in

485 1089 660 1114 Universitate
674 1089 787 1120 legebat,
799 1088 867 1112 sicut
876 1091 948 1119 patet
960 1096 991 1111 ex
1005 1087 1100 1111 litteris
1110 1087 1250 1111 Alexandri
1261 1087 1295 1110 IV
1307 1087 1367 1110 Jun.
1383 1088 1413 1110 24
1425 1087 1543 1119 ejusdem
1553 1087 1626 1111 anni.
1638 1088 1667 1111 In
1683 1087 1750 1119 ipsis
1763 1091 1900 1119 praeterea
1915 1087 2013 1111 mentio
2027 1087 2058 1111 fit
2072 1087 2154 1111 trium
2168 1083 2358 1119 magistrorum

484 1135 511 1157 in
526 1134 673 1165 theologica
694 1134 817 1157 facultate
837 1132 920 1156 Paris.
938 1132 1122 1161 saecularium,
1139 1131 1247 1155 minime
1262 1131 1448 1155 canonicorum
1463 1132 1527 1156 eccl.
1543 1132 1638 1161 Paris.,
1659 1132 1704 1164 qui
1725 1133 1832 1156 suerunt
1851 1132 1929 1156 amici
1949 1132 2063 1156 duorum
2077 1131 2201 1156 ordinum
2218 1132 2359 1156 Praedica-

482 1182 569 1202 torum
595 1187 625 1201 ac
649 1178 787 1201 Minorum.
814 1178 879 1201 Cum
907 1180 994 1200 autom
1021 1179 1188 1200 accusatores
1214 1176 1412 1208 praedictorum
1434 1177 1557 1200 ordinum
1585 1177 1744 1208 praesertim
1774 1177 1923 1201 saeculares
1951 1177 2074 1208 magistri
2097 1176 2247 1209 theologiae
2271 1176 2356 1201 Puris.

482 1222 636 1250 exstiterint,
657 1222 707 1245 isto
729 1225 846 1253 tempore
868 1221 958 1253 utique
977 1221 1067 1252 plures
1088 1229 1167 1252 quam
1188 1224 1242 1244 tres
1265 1221 1404 1244 cathedras
1428 1221 1592 1253 theologicas
1615 1221 1738 1253 magistri
1762 1221 1912 1245 saeculares
1932 1221 1959 1245 in
1976 1221 2155 1246 Universime
2173 1221 2258 1245 Paris.
2282 1216 2358 1246 oecu-

481 1270 586 1299 parunt,
603 1267 672 1299 quod
686 1270 712 1290 et
726 1275 757 1290 ex
771 1266 1010 1296 Responsionibus
1025 1265 1159 1290 Guillelmi
1174 1266 1206 1289 de
1222 1266 1247 1289 S.
1265 1266 1359 1289 Amore
1373 1265 1447 1298 (opp.
1464 1266 1504 1289 ed.
1522 1266 1700 1296 Constantine,
1715 1275 1743 1298 p.
1761 1266 1814 1298 103)
1828 1266 1926 1298 liquct;
1942 1266 2106 1298 proindeque
2125 1265 2231 1290 veritati
2249 1265 2357 1290 minime

481 1312 622 1335 concordat
641 1311 768 1334 sententia
789 1319 870 1342 supra
888 1311 970 1333 relata
989 1318 994 1333 ·.
1013 1311 1080 1333 duae
1097 1313 1143 1333 aut
1157 1313 1210 1333 tres
1226 1310 1364 1333 dumtaxat
1377 1310 1518 1334 cathedrae
1530 1314 1656 1342 poterunt
1670 1319 1810 1342 superesse
1824 1310 1946 1342 personis
1962 1310 2153 1334 saecularibus.
2173 1323 2204 1328 —
2216 1311 2254 1334 13.
2269 1310 2356 1342 Supra

480 1360 510 1379 n⁰
524 1357 578 1379 200.
594 1369 625 1373 -
640 1356 677 1379 14.
698 1355 846 1379 Salimbene
861 1358 954 1378 narrat
970 1354 996 1378 in
1012 1363 1060 1378 suo
1077 1355 1190 1383 Chrom,
1209 1354 1362 1378 ministrum
1375 1363 1434 1386 gen.
1451 1355 1591 1384 Minoram,
1607 1355 1755 1379 Johannem
1774 1355 1806 1379 de
1821 1355 1926 1384 Parma,
1945 1358 2003 1379 orta
2017 1354 2160 1384 discordia,
2178 1362 2356 1387 congregant
2386 1375 2390 1380 .

479 1400 683 1424 Universitatem
701 1403 726 1423 et
740 1399 908 1431 praedicasse
923 1403 977 1422 tam
995 1399 1161 1422 scholaribus
1175 1407 1255 1431 quam
1272 1399 1418 1431 magistris,
1440 1407 1519 1432 seque
1534 1408 1564 1423 nc
1582 1401 1677 1423 fratres
1695 1408 1758 1423 suos
1778 1399 1935 1431 disciplinae
1954 1402 1980 1423 et
1998 1399 2155 1423 correctioni
2169 1407 2260 1423 eorum
2275 1407 2356 1432 expo-

479 1445 573 1469 suisse.
597 1445 653 1473 Quo
674 1444 763 1468 audito
781 1455 790 1465 ι
814 1452 903 1467 omnes
925 1447 1082 1475 acceperunt
1103 1443 1312 1467 satisfactionem
1331 1447 1357 1468 et
1375 1444 1476 1476 quievit
1495 1444 1605 1476 spiritus
1625 1452 1724 1472 eorum,
1746 1452 1797 1476 quo
1817 1444 1999 1468 tumescebant
2018 1447 2110 1468 contra
2130 1445 2225 1468 fratres
2246 1451 2269 1468 ι).
2289 1443 2352 1468 eod.

479 1490 535 1513 Vat.
553 1490 622 1517 7260,
639 1489 683 1513 fol.
701 1489 746 1512 138
759 1497 764 1517 ;
778 1488 887 1512 abbrev.
903 1488 929 1511 in
945 1489 985 1512 ed.
1001 1488 1100 1517 Parm.‚
1116 1497 1142 1520 p.
1158 1488 1204 1511 129
1219 1496 1258 1520 sq.
1275 1489 1375 1512 Revera
1389 1489 1519 1520 pendente
1539 1489 1591 1512 ista
1609 1488 1774 1512 contentione
1789 1489 1883 1512 saltem
1898 1488 2002 1512 duobus
2015 1488 2092 1512 annis
2106 1488 2242 1520 prioribus
2257 1489 2353 1513 fratre·

479 1534 591 1557 Minores
612 1542 671 1557 raro
691 1533 860 1557 nominantur
875 1541 890 1556 a
910 1533 1045 1565 magistris
1061 1533 1157 1561 Paris„
1174 1541 1278 1565 semper
1292 1536 1381 1557 tamen
1397 1534 1491 1557 fratres
1507 1533 1715 1562 Praedicatores,
1738 1533 1806 1556 sicut
1827 1536 1853 1557 et
1867 1533 2013 1557 Alexander
2032 1533 2065 1557 lv
2082 1532 2152 1557 infra
2172 1537 2203 1556 ιν)
2224 1533 2270 1556 246
2294 1541 2352 1566 sqq.

477 1578 580 1602 nonnisi
592 1578 702 1601 duorum
721 1578 908 1609 magistrorum
920 1578 1012 1601 Praed.
1027 1577 1186 1601 mentionem
1200 1577 1270 1601 facit.
1282 1591 1313 1595 —
1326 1578 1361 1601 15.
1380 1586 1392 1601 «
1408 1581 1433 1602 et
1482 1578 1632 1601 renituntur
1645 1588 1654 1599 ι
1671 1586 1721 1601 om.
1735 1577 1798 1601 cod.
1811 1578 1889 1602 Univ.
1901 1578 1940 1606 94,
1951 1577 2015 1602 cod.
2030 1577 2133 1601 Barcur
2143 1581 2169 1601 et
2182 1577 2278 1610 reliqui
2287 1585 2352 1602 maa.

478 1626 582 1654 praeter
597 1623 654 1646 Vnt.
670 1635 701 1640 ——
715 1623 754 1646 16.
773 1622 860 1654 Supra
875 1627 904 1645 1ιο
919 1623 956 1646 79.
973 1636 1004 1640 -
1019 1623 1056 1646 17.
1077 1623 1164 1654 Supra
1178 1626 1208 1645 n⁰
1221 1623 1275 1646 219.
1293 1635 1325 1640 -—
1340 1622 1378 1646 18.
1398 1623 1486 1654 Supra
1500 1626 1530 1645 n0
1544 1623 1582 1646 20.
1598 1636 1630 1640 —-
1644 1623 1682 1646 19.
1703 1622 1790 1654 Supra
1803 1626 1834 1645 n'³
1848 1623 1893 1646 223
1906 1630 1911 1651 ς
1927 1630 1979 1645 non
1993 1621 2154 1646 mentionem
2169 1622 2270 1646 fuciunt
2282 1621 2353 1646 tius—

478 1676 567 1691 rarum
587 1668 618 1690 ad
640 1667 711 1698 ipsos
731 1667 890 1690 directarum
911 1669 949 1697 (ηο
965 1668 1028 1697 222).
1044 1680 1076 1684 -
1092 1668 1129 1690 20.
1148 1667 1200 1690 Iste
1215 1666 1358 1690 canonicus
1374 1667 1401 1690 in
1418 1667 1528 1692 cartul.
1544 1667 1629 1692 blanc
1644 1668 1677 1691 de
1692 1666 1890 1696 ,suzim-Doni&
1907 1667 1934 1690 in
1949 1667 2026 1691 Arch.
2042 1670 2096 1690 nat.
2113 1666 2197 1690 Paris.
2216 1666 2265 1691 LL.
2282 1667 2354 1695 1157,

477 1721 502 1744 p.
521 1713 565 1736 274
580 1720 630 1743 sq.,
647 1720 725 1743 saepe
740 1711 897 1735 nominatur.
914 1725 946 1730 -
960 1712 998 1735 21.
1018 1712 1104 1743 Supra
1122 1715 1151 1734 n⁰
1169 1712 1227 1740 224;
1244 1711 1392 1743 iterumque
1410 1711 1515 1735 silentio
1529 1715 1699 1743 praetereunt
1718 1711 1821 1735 litteras
1837 1711 1952 1735 secundo
1965 1711 1999 1734 ad
2019 1711 2092 1743 ipsos
2105 1710 2219 1735 directas
2234 1711 2273 1742 (n⁰
2287 1710 2351 1742 225).

475 1770 506 1774 —
521 1757 558 1780 22.
577 1756 708 1788 Episcopo
722 1756 875 1779 Ebroicensi
890 1756 998 1779 scilicet.
1015 1769 1042 1774 —
1058 1757 1096 1779 23.
1116 1756 1170 1779 Hoc
1182 1756 1297 1785 docum.,
1311 1757 1382 1788 quod
1397 1765 1448 1779 non
1463 1756 1530 1780 levis
1546 1756 1671 1780 momenti
1684 1759 1762 1785 esset,
1778 1764 1910 1788 nusquam
1923 1755 2012 1788 potuit
2027 1755 2149 1788 reperiri.
2164 1769 2196 1774 —
2211 1756 2250 1780 24.
2266 1755 2353 1780 Verba

476 1804 537 1824 sunt
551 1809 581 1824 cx
596 1800 693 1824 concil.
711 1800 811 1832 Hispal.
828 1801 852 1824 11
869 1809 911 1824 an.
927 1801 974 1824 619
987 1801 1121 1824 celebrato
1134 1801 1275 1832 desumpta
1290 1801 1322 1832 (c.
1338 1802 1371 1831 9),
1387 1804 1413 1824 et
1427 1802 1578 1824 referuntur
1592 1809 1608 1824 a
1624 1801 1775 1830 Gratiano,
1792 1801 1880 1825 Causa
1892 1801 1931 1830 16,
1947 1809 1991 1832 qu.
2008 1801 2030 1830 7,
2042 1808 2064 1824 c.
2082 1801 2121 1824 22.
2134 1834 2140 1837 .

476 1989 587 2026 231.
612 2000 755 2024 Statutum
778 1999 972 2025 universitatis
994 2000 1196 2035 magistrorum
1218 2000 1324 2026 artium
1344 2000 1440 2026 Paris.
1464 2003 1564 2026 contra
1586 2008 1642 2034 eos,
1661 1999 1711 2035 qui
1727 2008 1782 2036 pro
1802 1998 1939 2035 impensis
1962 1999 1991 2024 in
2012 2006 2103 2024 causa
2124 2001 2223 2024 contra
2241 1999 2350 2032 fratres

563 2047 784 2074 praedicatores
798 2049 886 2082 factis
899 2049 1053 2084 pecuniam
1069 2051 1198 2083 conferre
1214 2048 1381 2082 renuebant,
1399 2052 1427 2074 et
1442 2048 1470 2074 in
1485 2050 1615 2083 futurum
1631 2056 1750 2074 renuere
1766 2047 1929 2074 voluissent.

1611 2146 1687 2174 1254.
1702 2145 1834 2172 Februarii
1844 2146 1889 2175 26.
1905 2145 2032 2180 [Parisiis
2033 2144 2059 2180 J.

564 2229 754 2262 Universis
778 2230 1011 2275 presentibus
1040 2230 1174 2275 pariter
1198 2237 1234 2263 et
1259 2230 1391 2263 futuris
1412 2242 1480 2263 nos
1506 2230 1726 2263 universitas
1747 2229 2005 2275 magistrorum
2031 2229 2167 2262 arcium
2188 2228 2349 2262 Pal-isius

474 2295 696 2328 studentium
722 2303 845 2329 notum
867 2297 1031 2338 facimus7
1055 2297 1153 2342 quod
1173 2281 1254 2330 cum
1276 2309 1342 2343 pro
1365 2296 1463 2330 bono
1491 2296 1674 2330 communi
1697 2303 1732 2330 et
1751 2295 1971 2329 necessitate
1993 2295 2105 2329 studii
2130 2294 2350 2329 Parisiensis

471 2362 580 2395 fucrit
605 2374 623 2395 a
646 2369 717 2396 tota
742 2363 986 2397 Universitate
1019 2364 1217 2397 Parisiensi
1244 2364 1463 2405 ordinatum,
1492 2363 1590 2409 quod
1620 2363 1759 2409 singuli
1788 2363 1953 2408 magistri
1979 2369 2015 2395 et
2041 2362 2202 2395 scolares
2230 2361 2348 2407 cujus-

472 2440 613 2473 cunque
632 2429 808 2462 facultatis
830 2441 1007 2475 expensas
1028 2430 1138 2463 unius
1159 2430 1374 2476 septimane,
1396 2430 1494 2475 quod
1513 2430 1715 2476 vulgariter
1735 2429 1846 2463 bursa
1863 2416 2107 2474 nuncupatur,
2125 2440 2190 2474 pro
2213 2427 2347 2462 debitis

474 2495 727 2528 Universitatis
757 2503 894 2538 nostre,
924 2509 988 2542 pro
1018 2497 1223 2542 privilegiis
1251 2497 1453 2542 impetratis
1475 2504 1510 2530 et
1529 2497 1610 2530 aliis
1631 2497 1798 2542 negociis
1827 2496 1922 2530 dicte
1943 2495 2201 2529 Universitatis
2221 2501 2346 2528 nostre

474 2560 595 2593 multis
623 2568 658 2594 et
676 2562 924 2607 multipliciter
952 2564 1155 2608 procuratis
1182 2563 1358 2597 hactenus
1388 2564 1598 2606 contractis,
1622 2570 1657 2597 et
1676 2575 1742 2609 pro
1767 2563 1958 2597 vocatione
1980 2574 2046 2596 seu
2071 2549 2256 2603 citatione,
2277 2562 2347 2607 q'na

475 2638 636 2660 summus
670 2628 830 2672 pontifex
857 2630 1136 2663 Universitatem
1171 2637 1332 2664 nostram
1366 2630 1410 2663 ad
1441 2630 1565 2663 sedem
1601 2630 1836 2676 apostolicam
1871 2629 1916 2662 ad
1950 2627 2163 2662 instanciam
2195 2627 2345 2660 fratrum

474 2692 742 2726 Prodicatorum
768 2696 940 2736 vocavst',
969 2696 1256 2738 contribuerent,
1286 2697 1523 2742 magistrique
1554 2697 1715 2730 omnium
1745 2695 1954 2729 facultatum
1975 2701 2012 2728 et
2037 2693 2198 2727 scolares
2228 2685 2346 2726 nostri

474 2758 602 2791 dictam
631 2760 935 2794 contributionem
963 2763 1219 2807 persolverint,
1247 2763 1373 2809 paucis
1403 2763 1597 2796 admodum
1626 2762 1801 2808 exceptis,
1832 2762 1895 2807 qui
1925 2761 2045 2794 animo
2075 2759 2280 2805 impudenti
2307 2765 2344 2792 et

473 2824 653 2858 obstinato
671 2832 738 2858 tam
760 2826 944 2861 maliciose
966 2841 1070 2873 quam
1092 2829 1254 2863 indebite
1276 2829 1384 2863 nobis
1406 2829 1564 2863 rebelles
1581 2829 1712 2862 dictam
1734 2827 2041 2862 contributionem
2059 2838 2141 2860 cum
2157 2825 2343 2872 magistris

473 2897 508 2923 et
536 2902 615 2924 cum
637 2892 827 2937 discipulis
857 2894 933 2927 suis
961 2895 1078 2928 facere
1108 2908 1182 2929 non
1212 2903 1352 2939 curant,
1383 2896 1522 2942 pluries
1552 2902 1591 2929 ut
1619 2895 1742 2929 decuit
1767 2894 1936 2940 requisiti
1955 2906 1962 2927 :
1981 2906 2027 2927 ne
2049 2906 2092 2927 ex
2112 2892 2254 2926 malicia
2276 2904 2343 2926 sua

471 2957 700 2990 commodum
741 2958 887 3003 aliquod
928 2968 1113 3006 reportare
1153 2962 1211 2996 vel
1252 2963 1438 3008 magistris
1480 2974 1545 2996 seu
1586 2961 1988 2996 conscolaribus'suis
2013 2959 2210 2993 liberiores
2248 2958 2342 2992 effici

594 3016 633 3039 33.
