2580 3528
237 401 334 443 1266]
576 412 624 434 AB
657 412 766 435 Auno
799 412 878 435 ucc
911 413 1045 442 usous
1080 413 1129 436 An
1163 414 1394 437 munerun
1428 415 1469 437 1v
1503 415 1592 438 use.
1629 417 1767 439 FRANC.
2043 410 2109 442 453

233 485 280 520 de
298 485 371 520 alto
391 492 428 519 et
445 485 570 527 basso,
589 497 716 520 verum
737 486 844 519 etiam
866 493 1034 532 tanquam
1055 487 1093 520 in
1112 487 1314 533 apostolice
1339 488 1440 521 sedis
1460 488 1620 534 legatum
1646 489 1789 535 plenam
1812 491 2107 535 jurisdictionem

233 559 270 586 et
296 558 511 598 potestatem
535 552 765 598 judiciariam
794 552 1019 587 obtinentem
1049 554 1094 588 de
1122 554 1308 588 universis
1335 555 1605 600 questionibus,
1637 556 1801 589 articulis
1829 558 2048 602 supradictis
2075 566 2110 592 et

231 619 314 653 aliis
340 618 632 665 quibuscumque
658 619 753 653 inter
777 632 842 654 eos
868 632 986 666 usque
1011 620 1048 654 in
1076 621 1171 654 diem
1198 620 1409 666 hujusmodi
1434 623 1690 668 compromissi
1719 623 1855 656 exortis
1881 625 2109 669 compromit-

232 692 309 720 tere
335 697 376 720 ac
401 686 611 720 consentire
638 686 709 720 fide
737 686 781 720 ab
808 687 1020 721 eorumdem
1048 688 1306 734 magistrorum
1333 688 1492 734 singulis
1519 689 1759 735 corporaliter
1786 690 1936 735 prestita
1962 702 2110 724 curave-

231 759 330 795 runt,
363 752 433 787 hoc
467 759 571 799 pacto
601 760 641 787 ut
670 753 756 787 illos
784 753 958 789 articulos
988 754 1033 788 de
1063 754 1198 800 quibus
1228 755 1401 801 expedire
1429 755 1654 797 videremus,
1684 756 1826 802 judicio
1856 757 2108 800 terminemus,

231 826 340 866 prout
367 820 406 853 in
434 820 516 866 ipso
542 820 809 866 compromisso
836 820 982 866 plenius
1008 822 1228 855 continetur.
1257 823 1302 856 Et
1326 822 1471 856 demum
1498 830 1755 868 procuratores
1783 823 1938 869 partium
1966 824 2110 869 predic-

230 892 347 921 tarum
381 886 444 921 lite
478 899 590 933 super
622 887 694 921 hiis
727 887 891 934 legitime
920 895 1120 922 contestata
1150 895 1185 922 et
1214 889 1368 934 prestito
1398 889 1603 935 calumpnie
1628 891 1836 935 juramento
1866 890 1910 923 ad
1942 891 2108 937 proprias

230 965 342 1000 super
371 953 468 998 [hoc]
494 954 718 988 intentiones
744 954 950 989 fundendas
976 955 1173 990 nonnullas
1198 955 1338 990 litteras
1365 963 1401 990 et
1420 956 1487 990 alia
1515 956 1746 998 documenta,
1775 957 1933 1002 quedam
1960 970 2107 1003 quoque

231 1027 362 1054 statuta
390 1027 427 1054 et
459 1021 682 1055 munimenta
707 1021 775 1055 alia
804 1034 925 1055 coram
955 1021 1064 1056 nobis
1092 1023 1129 1056 in
1154 1022 1296 1068 judicio
1326 1023 1543 1057 exhibentes
1572 1031 1608 1057 et
1641 1036 1816 1070 expresse
1850 1025 2108 1059 renunciantes

230 1086 414 1133 aliquibus
435 1087 714 1133 probationibus
734 1088 1028 1134 quibuscumque
1052 1096 1121 1123 tam
1147 1090 1224 1135 pari
1249 1102 1356 1135 quam
1381 1091 1555 1124 concordi
1581 1091 1759 1124 instancia
1784 1091 2037 1137 supplicarunt
2062 1104 2107 1126 ne

229 1154 386 1200 amplius
413 1154 575 1200 protrahi
604 1161 782 1189 tantarum
812 1155 930 1189 litium
961 1156 1173 1190 discrimina
1203 1163 1424 1203 pateremur.

318 1222 394 1255 Nos
414 1221 535 1267 itaque
555 1229 749 1268 perspecto
770 1229 859 1268 quot
878 1235 922 1256 ex
942 1222 1153 1268 hujusmodi
1173 1224 1437 1258 controversiis
1457 1224 1670 1258 oriebantur
1690 1225 1871 1268 scandala,
1901 1233 1990 1272 quot
2009 1226 2105 1268 odia,

229 1294 318 1334 quot
355 1299 545 1330 rancores,
583 1295 672 1334 quot
708 1289 1071 1335 inconparabilium¹²
1108 1290 1358 1336 inpedimenta
1395 1292 1623 1336 profectuum
1665 1299 1871 1338 quantaque
1914 1293 2106 1339 dispendia

228 1366 363 1397 rerum,
385 1355 584 1388 animarum
606 1355 713 1389 exitia
733 1362 770 1389 et
788 1355 950 1401 pericula
971 1368 1228 1402 personarum,
1247 1357 1422 1403 predictis
1443 1356 1590 1403 quisque
1610 1358 1773 1392 articulis
1793 1366 1829 1393 et
1849 1359 2106 1405 questionibus

227 1420 326 1454 omni
346 1421 545 1455 attentione
566 1422 728 1467 pensatis
753 1428 790 1456 et
812 1422 951 1456 eisdem
978 1422 1124 1465 litteris,
1151 1423 1394 1466 documentis,
1422 1425 1566 1458 statutis
1592 1431 1628 1458 et
1652 1426 1887 1459 munimentis
1908 1426 2107 1472 diligenter

226 1487 416 1534 inspectis,
440 1488 636 1534 multisque
657 1500 723 1535 per
748 1501 816 1523 nos
835 1488 880 1523 ab
901 1489 993 1535 ipsis
1014 1490 1366 1536 interrogationibus
1387 1491 1491 1524 factis
1512 1498 1548 1525 et
1567 1492 1875 1538 responsionibus
1896 1493 2105 1527 subsecutis

226 1554 271 1588 ad
291 1566 352 1589 eas
367 1554 589 1601 juribusque
616 1556 771 1602 partium
799 1557 993 1590 recensitis
1019 1563 1056 1591 et
1083 1569 1195 1603 super
1221 1557 1293 1591 hiis
1314 1557 1485 1591 omnibus
1511 1565 1547 1592 et
1571 1558 1652 1592 aliis
1678 1559 1866 1605 negotium
1893 1561 2105 1606 contingen-

225 1621 325 1656 tibus
335 1621 528 1657 nobiscum
549 1629 586 1657 et
603 1634 686 1657 cum
707 1623 896 1657 nonnullis
917 1624 1046 1670 peritis
1067 1624 1333 1658 deliberatione
1353 1624 1474 1659 habita
1495 1625 1683 1672 diligenfi3
1706 1627 1938 1661 considerato
1959 1639 2105 1673 quoque

226 1700 338 1735 super
358 1690 478 1723 omnia
498 1690 582 1736 quia
602 1689 857 1725 dissensiones
877 1697 914 1725 et
933 1691 1102 1725 scismata
1122 1703 1269 1738 semper
1294 1692 1331 1725 in
1359 1692 1507 1738 proprie
1529 1692 1769 1727 desolationis
1790 1694 1976 1728 interitum
1998 1694 2106 1728 adho-

225 1755 382 1798 lescunt,
411 1757 563 1791 veritate
591 1757 748 1799 dicente,
778 1757 876 1804 quod
904 1770 1011 1792 omne
1045 1770 1199 1805 regnum
1230 1759 1268 1792 in
1299 1771 1338 1793 se
1373 1759 1531 1794 divisum
1562 1760 1666 1794 facile
1702 1760 1907 1803 desolatum
1939 1762 2104 1807 inspecto

225 1822 331 1857 etiam
353 1823 452 1869 quod
472 1835 516 1858 ex
535 1824 671 1858 unione
692 1836 801 1870 parve
822 1837 882 1859 res
906 1832 1079 1860 crescunt
1103 1833 1139 1860 et
1163 1826 1346 1860 divisione
1366 1827 1520 1860 maxime
1545 1827 1789 1870 collabuntur,
1813 1835 1849 1861 et
1867 1835 2016 1875 propter
2036 1828 2104 1862 hoc

224 1889 330 1924 etiam
352 1889 538 1927 intellecto
559 1891 657 1936 quod
678 1897 760 1925 ante
780 1892 900 1926 omnia
922 1904 1015 1938 opus
1040 1899 1097 1926 est
1120 1893 1260 1927 divisos
1284 1893 1442 1939 parietes
1463 1894 1623 1940 jungere
1646 1906 1653 1927 :
1677 1901 1716 1928 ut
1737 1907 1780 1928 ex
1801 1896 1984 1940 presentis
2005 1896 2104 1929 ordi-

223 1956 383 1991 nationis
408 1963 591 1991 structura
616 1964 761 2004 optatus
787 1959 928 1993 fructus
954 1959 1070 1994 valeat
1096 1960 1306 2006 provenire,
1335 1961 1628 2006 pronuntiamus,
1657 1961 1875 1995 arbitramur
1902 1969 1938 1996 et
1962 1963 2103 1997 ordina-

224 2034 306 2057 mus
332 2035 340 2057 :
370 2025 411 2057 In
441 2024 568 2070 primis
593 2025 692 2071 quod
726 2026 888 2071 predicta
916 2026 1020 2060 nacio
1049 2026 1227 2073 gallicana
1262 2027 1379 2061 tribus
1408 2027 1490 2061 aliis
1519 2028 1737 2062 nacionibus
1767 2035 1803 2062 et
1831 2029 1910 2075 ipse
1941 2029 1993 2063 illi
2024 2030 2103 2063 sine

224 2089 512 2125 contradictione
535 2103 575 2125 ac
599 2091 810 2126 difficultate
835 2092 997 2139 qualibet
1023 2093 1179 2128 invicem
1208 2094 1392 2137 uniantur,
1421 2107 1461 2128 ac
1481 2095 1600 2141 ipsum
1625 2107 1760 2141 corpus
1785 2096 1898 2130 studii
1924 2097 2103 2130 facultatis

224 2156 388 2202 predicte
421 2157 687 2205 deintegratum
721 2166 828 2205 atque
863 2160 1021 2194 divisum
1035 2162 1056 2178 ¹³
1085 2161 1165 2194 sine
1200 2173 1301 2195 more
1341 2161 1536 2208 dispendio
1566 2162 1795 2208 reintegrent
1825 2170 1860 2196 et
1890 2164 2100 2206 reforment,

224 2222 331 2269 eique
351 2224 574 2259 constituant
597 2237 710 2260 unum
738 2233 857 2273 caput,
879 2239 918 2261 ac
938 2227 1144 2262 rectoribus
1172 2240 1266 2274 quos
1291 2227 1362 2261 sibi
1387 2235 1621 2262 monstruose
1648 2230 1877 2274 prefecerant
1902 2230 1982 2263 sine
2003 2230 2101 2263 omni

223 2289 398 2324 dilatione
431 2290 595 2326 dimissis
628 2292 747 2326 eidem
782 2293 924 2327 unicam
958 2306 1150 2340 personam
1177 2294 1356 2340 ydoneam
1385 2296 1487 2339 juxta
1521 2296 1671 2328 formam
1708 2308 1779 2341 que
1814 2296 1905 2329 infra
1934 2297 2101 2342 sequitur

223 2356 413 2403 preficiant
439 2357 476 2391 in
506 2365 684 2392 rectorem
712 2359 788 2405 pari
818 2372 900 2394 cum
928 2361 1006 2395 suis
1033 2361 1364 2407 predecessoribus
1391 2362 1623 2395 concorditer
1650 2362 1777 2396 electis
1806 2369 1984 2408 potestate
2012 2364 2100 2397 frui-

222 2429 357 2466 turum,
378 2424 431 2458 sic
455 2424 682 2460 voluntarios
707 2427 966 2473 restringendo
992 2434 1112 2461 motus
1138 2434 1174 2462 et
1197 2434 1299 2462 actus
1325 2428 1495 2474 proprios
1520 2428 1709 2462 limitando
1736 2430 1833 2475 quod
1859 2430 1903 2464 ad
1929 2430 2097 2476 injuriam

223 2490 332 2524 unius
352 2490 420 2525 alia
440 2491 499 2525 vel
518 2491 588 2526 alie
606 2504 680 2526 non
702 2493 912 2539 procedant,
938 2500 974 2528 et
998 2494 1081 2528 ideo
1107 2494 1205 2528 nulla
1230 2494 1288 2528 vel
1310 2494 1409 2528 nulle
1430 2495 1589 2540 ipsarum
1612 2497 1650 2528 in
1679 2496 1856 2530 faciendis
1877 2498 2021 2531 statutis
2040 2498 2097 2532 vel

220 2556 486 2593 interdicendis
515 2558 686 2593 domibus
715 2559 773 2594 vel
798 2560 910 2594 scolis
939 2572 1005 2595 seu
1032 2561 1113 2595 aliis
1140 2561 1396 2595 communibus
1424 2561 1519 2595 dicte
1546 2562 1726 2596 facultatis
1754 2564 1914 2610 negotiis
1941 2565 2098 2598 auctori-

220 2612 328 2658 tatem
349 2624 420 2659 sibi
440 2626 635 2660 vendicent
655 2626 865 2673 specialem,
887 2627 952 2662 sed
973 2627 1060 2662 fiant
1079 2628 1115 2662 in
1137 2628 1247 2662 licitis
1267 2627 1413 2662 casibus
1437 2628 1554 2675 ipsius
1575 2629 1757 2664 facultatis
1778 2637 1909 2665 statuta
1930 2638 1966 2665 et
1985 2631 2097 2666 inter-

220 2690 387 2726 dicantur
416 2692 547 2726 domus
576 2700 612 2727 et
640 2693 752 2736 scole,
784 2706 824 2728 ac
854 2695 1069 2741 impetretur
1098 2696 1179 2742 ejus
1207 2695 1354 2729 nomine
1381 2702 1618 2730 conservator
1645 2697 1828 2731 communi
1856 2704 1891 2731 et
1921 2710 2096 2744 expresso

219 2757 417 2804 cujuslibet
444 2759 602 2794 nationis
629 2760 896 2795 interveniente
923 2773 1130 2805 consensu3
1161 2762 1266 2796 aliter
1293 2769 1412 2796 autem
1442 2763 1532 2796 facta
1558 2769 1594 2796 et
1619 2763 1781 2798 facienda
1808 2764 1988 2799 facultatis
2014 2777 2096 2811 pre-

219 2822 316 2859 dicto
349 2831 479 2860 statuta
512 2826 570 2860 vel
603 2826 813 2873 hujusmodi
848 2829 928 2874 ejus
962 2828 1154 2863 interdicta
1189 2841 1262 2863 non
1296 2828 1437 2863 valeant
1467 2841 1534 2863 nec
1567 2837 1772 2864 serventur.
1808 2830 1914 2864 Nulla
1948 2843 2094 2877 quoquc

219 2891 405 2926 nationum
431 2892 591 2939 ipsarum
616 2893 653 2927 in
680 2894 904 2929 admittendo
928 2895 973 2929 ad
998 2907 1227 2930 communem
1253 2895 1396 2930 archam
1422 2895 1589 2930 nationes
1615 2896 1704 2931 alias
1731 2897 1789 2931 vel
1817 2897 1853 2931 in
1881 2898 2093 2943 recipiendo

218 2956 378 3004 ipsarum
404 2958 659 3003 bachellarios,
686 2973 768 2995 cum
789 2973 855 3008 per
875 2961 995 2996 scolas
1016 2963 1112 2996 sicut
1133 2963 1333 3009 predicitur
1353 2962 1598 3005 deducuntur,
1620 2975 1659 2997 se
1681 2963 1864 2997 difficilem
1887 2963 2053 2997 exhibent
2067 2964 2092 2982 ¹⁸
