2618 3640
689 420 735 441 AB
770 419 1013 441 ALEXANDuo
1049 419 1097 440 ΙΙΙ
1128 416 1265 448 'USQUE
1300 419 1348 441 AD
1383 419 1523 441 ANNUM
1559 420 1648 442 MCC.
2097 412 2118 445 5

225 494 379 528 fundere
399 494 592 528 videantur
613 493 897 527 ecclesiasticam
919 492 1161 534 honestatem,
1188 499 1286 526 tanto
1311 492 1577 526 vehementiori
1598 493 1732 539 dignos
1758 506 1822 527 eos
1844 507 1926 528 esse
1954 496 2114 529 animad-

224 561 396 596 versione
423 572 631 602 censemus,
667 560 730 606 qui
764 572 899 593 nomen
933 559 1098 606 magistri
1129 559 1310 592 scolarum
1341 566 1377 593 et
1406 560 1619 605 dignitatem
1654 568 1846 594 assumunt
1880 562 1916 594 in
1947 563 2116 596 ecclesiis

224 628 358 663 vestris
375 634 411 661 et
430 628 510 661 sine
531 634 631 661 certo
652 627 770 673 pretio
792 627 1054 660 ecclesiasticis
1073 627 1163 660 viris
1185 627 1342 660 docendi
1363 626 1455 660 alios
1476 627 1659 660 licentiam
1681 640 1755 660 non
1776 628 2003 673 impendunt.
2023 630 2112 664 Cum

224 702 343 729 autem
382 694 448 728 hec
483 707 591 740 prava
620 701 661 728 et
694 694 856 728 enormis
891 694 1120 727 consuetudo
1156 706 1174 727 a
1204 694 1414 739 cupiditatis
1445 694 1567 727 radice
1602 695 1838 740 processerit,
1875 703 1910 729 et
1944 696 2113 730 decorem

224 762 420 796 admodum
447 761 695 795 ecclesiastice
725 761 928 795 honestatis
955 761 1166 802 confundat,
1194 761 1461 806 providendum
1488 761 1594 795 vobis
1622 769 1678 795 est
1703 769 1739 795 et
1761 774 1994 809 summopere
2024 772 2115 798 sata—

223 829 399 875 gendum,
421 835 462 863 ut
482 829 711 862 consuetudo
728 829 806 874 ipsa
827 828 872 861 de
894 828 1062 861 ecclesiis
1082 828 1216 861 vestris
1238 829 1385 874 penitus
1406 829 1620 874 extirpetur,
1642 841 1723 862 cum
1749 829 1855 863 vobis
1881 832 2054 877 precipue
2081 840 2115 866 et

225 895 433 942 specialiter
457 895 673 938 ascribatur,
695 896 727 929 si
753 895 841 941 quid
867 895 905 928 in
932 895 1101 929 ecclesiis
1126 895 1266 929 eisdem
1291 895 1398 929 laude
1426 896 1578 942 dignum
1605 896 1812 930 inveniatur
1836 898 1894 931 vel
1921 899 2115 944 reprehen-

225 964 329 997 sione
349 963 560 997 notandum.
582 964 657 996 Nos
683 975 843 1008 quoque,
866 963 928 1008 qui
950 962 1036 996 licet
1055 963 1227 996 immeriti
1249 963 1485 1009 dispensante
1507 963 1699 998 clementia
1720 965 1923 998 conditoris
1944 978 2114 1012 suprema

225 1030 413 1076 fungimur
437 1036 629 1076 potestate,
655 1036 752 1063 tante
773 1030 983 1075 cupiditatis
1009 1037 1043 1063 et
1065 1030 1269 1075 rapacitatis
1294 1030 1421 1064 vitium
1444 1030 1613 1064 nolentes
1638 1031 1909 1065 inemendatum
1941 1033 2112 1080 relinqui,

225 1097 439 1131 fraternitati
463 1103 585 1131 vestre
606 1109 672 1142 per
691 1096 890 1142 apostolica
911 1097 1045 1142 scripta
1066 1097 1292 1139 mandamus,
1320 1098 1491 1142 quatinus
1517 1099 1785 1132 consuetudine
1809 1100 1886 1145 ipsa
1910 1100 1955 1134 ‹le
1979 1102 2114 1136 vestris

225 1164 394 1198 ecclesiis
421 1164 595 1209 extirpata
624 1163 694 1197 sub
721 1163 958 1197 anathematis
987 1164 1283 1197 interminatione
1311 1164 1380 1197 hoc
1410 1165 1577 1198 inhibere
1608 1166 1745 1199 curetis
1772 1179 1817 1199 ne
1847 1168 1909 1212 qui
1935 1168 2113 1214 dignitate

224 1231 300 1274 illa,
322 1231 353 1264 si
374 1231 533 1277 dignitas
554 1231 626 1264 dici
648 1237 780 1276 potest,
807 1232 1003 1277 fungentes
1025 1243 1090 1276 pro
1113 1232 1306 1276 prestanda
1332 1232 1478 1265 licentia
1504 1233 1661 1266 docendi
1687 1233 1778 1267 alios
1803 1234 1847 1267 ab
1868 1235 1990 1280 aliquo
2012 1237 2113 1282 quid-

225 1310 332 1344 quam
361 1298 491 1331 amodo
520 1298 669 1343 exigere
694 1298 852 1331 audeant
872 1297 929 1331 vol
959 1305 1195 1343 extorquere:
1228 1299 1293 1331 sed
1319 1299 1373 1332 eis
1401 1299 1565 1333 districte
1590 1301 1812 1346 precipiatis,
1838 1309 1875 1335 ut
1902 1303 2112 1350 quicunque

222 1365 292 1399 viri
308 1364 432 1398 idonei
449 1371 484 1398 et
499 1364 646 1398 litterati
667 1364 851 1398 voluerint
872 1377 1001 1410 regere
1022 1365 1141 1398 studia
1162 1365 1376 1408 litterarum,
1400 1367 1480 1399 sine
1501 1367 1667 1401 molestia
1689 1375 1724 1401 et
1743 1369 1929 1402 exactione
1951 1371 2113 1416 qualibet

224 1431 344 1465 scolas
373 1443 503 1477 regere
530 1431 724 1477 patiantur,
755 1443 801 1464 ne
831 1432 983 1465 seientia
1005 1432 1050 1465 de
1072 1439 1194 1465 cetero
1218 1433 1336 1478 pretio
1356 1433 1523 1467 videatur
1550 1435 1696 1480 exponi,
1724 1447 1794 1480 que
1815 1436 1974 1481 singulis
1997 1439 2111 1483 gratis

224 1497 334 1532 debet
357 1498 532 1544 impendi.
561 1498 597 1532 Si
618 1498 680 1543 qui
701 1510 788 1532 vero
810 1498 1022 1544 hujusmodi
1045 1499 1305 1545 prohibitionis
1325 1500 1383 1533 vel
1407 1501 1569 1546 precepti
1590 1502 1775 1535 extiterint
1800 1509 2110 1549 transgressores,

223 1577 288 1598 eos
322 1565 534 1599 auctoritate
568 1572 692 1599 nostra
726 1572 762 1599 et
795 1572 914 1599 vestra
950 1565 1081 1599 officiis
1116 1573 1152 1599 et
1186 1567 1427 1612 dignitatibus
1463 1567 1642 1613 spolietis.
1684 1570 1797 1602 Porro
1837 1570 1867 1602 si
1907 1570 1975 1604 hoc
2009 1573 2111 1617 juxta

222 1631 430 1665 mandatum
463 1639 630 1666 nostrum
664 1633 852 1678 corrigere
887 1632 1139 1678 neglexeritis,
1171 1633 1434 1679 negligentiam
1466 1642 1624 1668 vestram
1659 1648 1806 1681 gravem
1835 1637 2051 1672 habebimus
2077 1646 2110 1673 et

222 1699 412 1733 molestam
439 1706 475 1732 et
501 1699 545 1732 ad
571 1711 611 1733 ea
640 1700 859 1745 corrigenda
887 1712 1032 1733 manum
1060 1701 1257 1737 extendere
1288 1701 1564 1747 compellemur,
1598 1703 1645 1736 ita
1678 1704 1776 1748 quod
1807 1704 1837 1737 si
1864 1705 2049 1739 voluerint
2075 1707 2111 1740 in

221 1765 332 1812 hujus
358 1766 563 1812 rapacitatis
592 1767 781 1812 proposito
812 1767 1011 1812 persistere
1038 1780 1111 1800 non
1139 1768 1323 1802 valebunt.
1351 1770 1439 1802 Data
1467 1770 1664 1803 Tusculani
1690 1771 1750 1816 xiij
1783 1771 1852 1804 kal.
1880 1773 2109 1807 Novembris.

318 1860 568 1889 Martene-Durand,
588 1861 684 1892 Ampl.
701 1861 763 1886 coll.
784 1865 835 1885 vet.
849 1861 944 1892 script.
966 1862 999 1890 11,
1021 1863 1075 1885 853.
1098 1862 1213 1893 Compil.
1230 1862 1257 1891 I,
1275 1871 1296 1886 c.
1314 1863 1337 1891 3,
1358 1863 1390 1886 de
1412 1863 1549 1895 magistris
1575 1864 1607 1896 (5,
1624 1864 1656 1897 4).
1673 1865 1785 1888 Multum
1806 1866 1915 1890 abbrev.
1932 1866 1958 1889 in
1975 1867 1995 1890 X
2011 1876 2031 1891 s.
2049 1868 2074 1891 h.
2092 1871 2110 1892 t.

221 1917 254 1923 —-
272 1905 410 1929 Glossator
429 1905 581 1929 Vincentius
602 1905 736 1937 Hispanus
757 1905 822 1929 dicit
840 1906 867 1929 in
883 1914 931 1930 suo
950 1906 1021 1930 infru
1040 1915 1139 1930 annum
1159 1907 1220 1931 1210
1239 1911 1265 1931 et
1285 1908 1346 1931 1215
1365 1908 1513 1946 composito
1533 1911 1688 1940 Apparatu
1707 1910 1740 1933 nd
1756 1910 1976 1942 compilationem
1996 1912 2111 1943 primum

222 1949 273 1973 sub
291 1949 317 1973 h.
334 1953 353 1973 t.
370 1958 376 1973 ι
394 1958 406 1973 «
422 1950 476 1973 Boc
496 1953 577 1982 caput
596 1950 646 1974 ruit
665 1950 836 1982 impetratum
856 1954 947 1974 contra
967 1951 1155 1975 cancellarium
1175 1952 1362 1980 Parisiensem,
1379 1953 1424 1984 qui
1439 1961 1455 1976 a
1470 1954 1589 1985 quolibet
1604 1955 1712 1978 docente
1729 1964 1845 1979 marcam
1862 1965 1940 1980 unam
1956 1957 2111 1988 exigebat-u.

222 1994 285 2018 Cod.
301 1994 359 2018 Vnt.
376 1994 422 2018 lat.
440 1995 510 2018 1377.
526 1995 652 2019 Biblioth.
669 1995 779 2027 capituli
795 1995 975 2019 Cordubensis
991 2004 1015 2020 n.
1033 1997 1087 2020 440.

202 2214 205 2219 ¹
222 2171 268 2208 5.
290 2179 460 2207 Alexander
473 2181 521 2206 III
535 2182 620 2207 Petro
645 2180 748 2207 abbati
769 2183 796 2208 S.
818 2182 943 2217 Remigii
962 2185 988 2208 et
1012 2182 1130 2209 Falconi
1149 2182 1259 2209 decano
1279 2184 1413 2210 Remensi
1432 2185 1562 2220 mandat,
1585 2185 1656 2212 dure
1672 2187 1799 2222 puniant
1813 2188 1836 2213 J.
1856 2187 2055 2224 presbyterum
2076 2188 2111 2215 de

313 2229 400 2264 burgo
416 2231 444 2256 S.
461 2230 593 2265 Remigii,
611 2231 662 2266 qui
681 2239 742 2256 cum
764 2231 792 2256 in
812 2230 860 2257 die
879 2230 1024 2257 dominica
1041 2241 1137 2258 coram
1153 2232 1265 2259 clericis
1286 2237 1313 2259 et
1332 2233 1418 2260 laicis
1438 2234 1559 2260 choreas
1579 2235 1705 2270 duceret,
1724 2245 1742 2261 α
1762 2236 1924 2263 scolaribus
1945 2238 2111 2273 increpatus

312 2287 360 2304 eos
380 2278 456 2305 male
475 2280 642 2305 tractaverit
661 2283 689 2305 et
708 2279 737 2305 in
757 2280 836 2316 ipsos
856 2281 1160 2307 excommunicationis
1180 2283 1353 2308 sententiam
1369 2283 1604 2319 promulgaverit,
1627 2285 1678 2320 qui
1700 2289 1795 2311 tamen
1811 2294 1866 2322 per
1885 2285 1937 2312 Ιιοε
1954 2286 2110 2323 plurimum

312 2327 475 2354 libertatem
490 2336 574 2354 suam
593 2328 687 2362 faisse
706 2327 818 2355 laesam
830 2333 1004 2365 proponunt,
1023 2339 1085 2356 cum
1105 2330 1202 2356 nullus
1219 2331 1248 2357 in
1264 2340 1312 2357 eos
1329 2332 1468 2358 violentas
1487 2341 1590 2359 manus
1607 2334 1724 2369 injicere
1740 2338 1793 2360 aut
1807 2336 2111 2361 excommunicationis

312 2377 484 2403 sententiam
495 2377 592 2413 possit
603 2377 797 2414 promulgare,
815 2377 905 2405 donec
920 2387 1016 2405 coram
1033 2380 1171 2415 magistro
1187 2389 1239 2406 suo
1256 2380 1341 2407 velint
1350 2381 1488 2417 justitiae
1502 2385 1590 2408 stare.

1311 2485 1466 2515 11704172,
1481 2484 1627 2511 Novembris
1640 2485 1666 2515 8,
1687 2485 1822 2512 Tusculani.

314 2566 519 2601 Alexander
539 2567 736 2614 episcopus
757 2580 886 2603 servus
908 2581 1096 2603 servorum
1120 2570 1186 2603 Dei
1207 2572 1314 2604 Petro
1340 2571 1460 2605 abbati
1482 2573 1516 2605 S.
1542 2573 1716 2619 Remigii¹
1740 2580 1775 2607 et
1796 2574 1947 2608 Fulconi
1970 2575 2108 2609 decano

223 2633 394 2668 Remensi
424 2633 590 2668 salutem.
621 2635 840 2669 Audivimus
871 2648 915 2669 ex
945 2637 1158 2670 transmissa
1186 2639 1452 2683 conquestione
1477 2640 1717 2685 quorumdam
1748 2641 1956 2684 scolarium,
1984 2643 2045 2688 qui
2072 2644 2108 2676 in

221 2699 340 2746 burgo
362 2701 398 2735 S.
421 2701 577 2747 Remigii
597 2702 818 2744 consistunt,
846 2703 944 2748 quod
966 2716 1046 2737 cum
1071 2705 1102 2738 J.
1126 2704 1319 2751 presbyter
1339 2705 1383 2739 de
1404 2705 1523 2752 burgo
1546 2707 1580 2740 S.
1603 2708 1759 2754 Remigii
1780 2709 1817 2741 in
1843 2709 1902 2742 die
1924 2709 2107 2744 dominico

221 2778 343 2801 coram
372 2767 517 2802 clericis
547 2775 583 2802 et
611 2768 727 2811 laicis,
758 2770 960 2816 postposita
991 2770 1168 2805 modestia
1199 2771 1372 2815 clericali,
1404 2772 1557 2807 choreas
1588 2774 1750 2816 duceret,
1783 2775 1987 2810 scolaribus
2017 2777 2107 2823 ipsis

222 2834 379 2867 eundem
409 2834 663 2881 presbyterum
691 2836 821 2870 exinde
852 2837 1128 2883 increpantibus
1158 2845 1194 2872 et
1218 2839 1486 2882 deridentibus,
1516 2841 1612 2874 idem
1643 2842 1835 2888 presbyter
1867 2844 2104 2888 quorumdam

221 2900 344 2935 favore
373 2913 456 2935 cum
480 2902 604 2935 surore
631 2909 667 2936 et
691 2903 828 2949 impetu
858 2905 992 2938 ostium
1021 2912 1057 2939 et
1087 2906 1267 2940 fenestras
1298 2907 1479 2940 scolarum
1510 2920 1601 2942 ausu
1632 2910 1825 2942 temerario
1855 2910 1976 2955 fregit,
2005 2917 2037 2943 ct
2070 2911 2104 2943 in

222 2967 400 3013 quosdam
425 2980 469 3002 ex
488 2968 580 3014 ipsis
605 2969 809 3004 scolaribus
830 2971 1008 3006 violentas
1034 2985 1161 3007 manus
1186 2973 1322 3019 injecit,
1345 2981 1381 3007 et
1401 2973 1458 3008 his
1483 2975 1628 3020 injuriis
1649 2988 1722 3009 non
1743 2983 1950 3018 contentus,
1968 2976 2105 3022 absquo
