<?xml version="1.0" encoding="UTF-8"?>
<!DOCTYPE html PUBLIC "-//W3C//DTD XHTML 1.0 Transitional//EN"
    "http://www.w3.org/TR/xhtml1/DTD/xhtml1-transitional.dtd">
<html xmlns="http://www.w3.org/1999/xhtml" xml:lang="en" lang="en">
 <head>
  <title>
</title>
<meta http-equiv="Content-Type" content="text/html;charset=utf-8" />
  <meta name='ocr-system' content='tesseract 3.04.00' />
  <meta name='ocr-capabilities' content='ocr_page ocr_carea ocr_par ocr_line ocrx_word'/>
</head>
<body>
  <div class='ocr_page' id='page_1' title='image "./chartulariumuniv01univuoft_0633.png"; bbox 0 0 2580 3528; ppageno 0'>
   <div class='ocr_carea' id='block_1_1' title="bbox 0 0 151 3528">
    <p class='ocr_par' dir='ltr' id='par_1_1' title="bbox 0 0 151 3528">
     <span class='ocr_line' id='line_1_1' title="bbox 0 0 151 3528; baseline 0 0"><span class='ocrx_word' id='word_1_1' title='bbox 0 0 151 3528; x_wconf 95' lang='lat' dir='ltr'> </span> 
     </span>
    </p>
   </div>
   <div class='ocr_carea' id='block_1_2' title="bbox 232 401 2099 444">
    <p class='ocr_par' dir='ltr' id='par_1_2' title="bbox 232 401 2099 444">
     <span class='ocr_line' id='line_1_2' title="bbox 232 401 2099 444; baseline -0.003 -7"><span class='ocrx_word' id='word_1_2' title='bbox 232 403 327 444; x_wconf 81' lang='lat'>1281]</span> <span class='ocrx_word' id='word_1_3' title='bbox 566 411 613 434; x_wconf 70' lang='grc' dir='ltr'>ΑΒ</span> <span class='ocrx_word' id='word_1_4' title='bbox 645 410 754 433; x_wconf 59' lang='lat' dir='ltr'>auno</span> <span class='ocrx_word' id='word_1_5' title='bbox 788 409 867 432; x_wconf 74' lang='lat' dir='ltr'>ucc</span> <span class='ocrx_word' id='word_1_6' title='bbox 901 409 1035 438; x_wconf 72' lang='lat' dir='ltr'><strong>USQUE</strong></span> <span class='ocrx_word' id='word_1_7' title='bbox 1070 409 1119 431; x_wconf 78' lang='lat' dir='ltr'>tm</span> <span class='ocrx_word' id='word_1_8' title='bbox 1154 409 1384 431; x_wconf 63' lang='lat' dir='ltr'>munerun</span> <span class='ocrx_word' id='word_1_9' title='bbox 1419 409 1459 431; x_wconf 84' lang='grc' dir='ltr'>ιν</span> <span class='ocrx_word' id='word_1_10' title='bbox 1494 409 1584 431; x_wconf 68' lang='lat' dir='ltr'>asc.</span> <span class='ocrx_word' id='word_1_11' title='bbox 1621 409 1758 432; x_wconf 59' lang='grc' dir='ltr'>ΝΛΜ.</span> <span class='ocrx_word' id='word_1_12' title='bbox 2036 401 2099 436; x_wconf 86' lang='grc'>591</span> 
     </span>
    </p>
   </div>
   <div class='ocr_carea' id='block_1_3' title="bbox 227 528 2098 573">
    <p class='ocr_par' dir='ltr' id='par_1_3' title="bbox 227 528 2098 573">
     <span class='ocr_line' id='line_1_3' title="bbox 227 528 2098 573; baseline -0.003 -6"><span class='ocrx_word' id='word_1_13' title='bbox 227 528 340 568; x_wconf 79' lang='grc'><strong>506.</strong></span> <span class='ocrx_word' id='word_1_14' title='bbox 361 539 510 565; x_wconf 73' lang='lat' dir='ltr'>Decretum</span> <span class='ocrx_word' id='word_1_15' title='bbox 525 545 581 573; x_wconf 83' lang='lat' dir='ltr'>quo</span> <span class='ocrx_word' id='word_1_16' title='bbox 595 535 768 563; x_wconf 73' lang='lat' dir='ltr'><strong><em>deliberatio</em></strong></span> <span class='ocrx_word' id='word_1_17' title='bbox 779 536 814 562; x_wconf 78' lang='lat'>12</span> <span class='ocrx_word' id='word_1_18' title='bbox 823 534 895 562; x_wconf 68' lang='lat' dir='ltr'>Iulii</span> <span class='ocrx_word' id='word_1_19' title='bbox 906 535 1009 561; x_wconf 80' lang='lat' dir='ltr'>habita</span> <span class='ocrx_word' id='word_1_20' title='bbox 1025 535 1176 562; x_wconf 75' lang='lat' dir='ltr'>innovatur</span> <span class='ocrx_word' id='word_1_21' title='bbox 1185 538 1213 561; x_wconf 77' lang='lat' dir='ltr'>et</span> <span class='ocrx_word' id='word_1_22' title='bbox 1227 536 1422 569; x_wconf 74' lang='lat' dir='ltr'>confirmatur.</span> <span class='ocrx_word' id='word_1_23' title='bbox 1440 533 1615 570; x_wconf 80' lang='lat' dir='ltr'>Quicumque</span> <span class='ocrx_word' id='word_1_24' title='bbox 1626 533 1713 560; x_wconf 76' lang='lat' dir='ltr'>habet</span> <span class='ocrx_word' id='word_1_25' title='bbox 1724 534 1888 571; x_wconf 78' lang='lat' dir='ltr'>privilegia,</span> <span class='ocrx_word' id='word_1_26' title='bbox 1901 538 2022 568; x_wconf 78' lang='lat' dir='ltr'>statuta,</span> <span class='ocrx_word' id='word_1_27' title='bbox 2035 539 2098 569; x_wconf 59' lang='lat' dir='ltr'>etc„</span> 
     </span>
    </p>
   </div>
   <div class='ocr_carea' id='block_1_4' title="bbox 321 584 1813 662">
    <p class='ocr_par' dir='ltr' id='par_1_4' title="bbox 321 584 1813 662">
     <span class='ocr_line' id='line_1_4' title="bbox 321 584 816 622; baseline -0.006 -9"><span class='ocrx_word' id='word_1_28' title='bbox 321 586 528 621; x_wconf 63' lang='lat' dir='ltr'>Unimanum,</span> <span class='ocrx_word' id='word_1_29' title='bbox 545 594 582 613; x_wconf 81' lang='lat' dir='ltr'>ea</span> <span class='ocrx_word' id='word_1_30' title='bbox 597 585 656 622; x_wconf 68' lang='lat' dir='ltr'>ipsi</span> <span class='ocrx_word' id='word_1_31' title='bbox 669 584 816 611; x_wconf 75' lang='lat' dir='ltr'>restituat.</span> 
     </span>
     <span class='ocr_line' id='line_1_5' title="bbox 1477 632 1813 662; baseline 0 -4"><span class='ocrx_word' id='word_1_32' title='bbox 1477 633 1549 662; x_wconf 77' lang='lat'>1281,</span> <span class='ocrx_word' id='word_1_33' title='bbox 1564 632 1627 658; x_wconf 69' lang='lat' dir='ltr'>dulit·</span> <span class='ocrx_word' id='word_1_34' title='bbox 1637 633 1683 662; x_wconf 75' lang='lat'>23.</span> <span class='ocrx_word' id='word_1_35' title='bbox 1699 632 1813 659; x_wconf 75' lang='grc' dir='ltr'><em>ΡαΙ-Ῐείίο.</em></span> 
     </span>
    </p>
   </div>
   <div class='ocr_carea' id='block_1_5' title="bbox 223 706 2103 1888">
    <p class='ocr_par' dir='ltr' id='par_1_5' title="bbox 223 706 2103 1888">
     <span class='ocr_line' id='line_1_6' title="bbox 316 706 2099 756; baseline -0.003 -12"><span class='ocrx_word' id='word_1_36' title='bbox 316 709 507 745; x_wconf 80' lang='lat' dir='ltr'>Universis</span> <span class='ocrx_word' id='word_1_37' title='bbox 545 715 736 756; x_wconf 80' lang='lat' dir='ltr'>presentes</span> <span class='ocrx_word' id='word_1_38' title='bbox 773 708 912 742; x_wconf 89' lang='lat' dir='ltr'>litteras</span> <span class='ocrx_word' id='word_1_39' title='bbox 943 707 1165 754; x_wconf 89' lang='lat' dir='ltr'>inspecturis</span> <span class='ocrx_word' id='word_1_40' title='bbox 1196 706 1415 741; x_wconf 83' lang='lat' dir='ltr'>universitas</span> <span class='ocrx_word' id='word_1_41' title='bbox 1454 707 1711 752; x_wconf 87' lang='lat' dir='ltr'>magistrorum</span> <span class='ocrx_word' id='word_1_42' title='bbox 1753 706 1915 739; x_wconf 88' lang='lat' dir='ltr'>Parisius</span> <span class='ocrx_word' id='word_1_43' title='bbox 1952 706 2099 739; x_wconf 90' lang='lat' dir='ltr'>nomine</span> 
     </span>
     <span class='ocr_line' id='line_1_7' title="bbox 226 773 2098 820; baseline -0.004 -8"><span class='ocrx_word' id='word_1_44' title='bbox 226 789 293 812; x_wconf 88' lang='lat' dir='ltr'>suo</span> <span class='ocrx_word' id='word_1_45' title='bbox 323 783 359 811; x_wconf 92' lang='lat' dir='ltr'>et</span> <span class='ocrx_word' id='word_1_46' title='bbox 386 776 582 811; x_wconf 89' lang='lat' dir='ltr'>scolarium</span> <span class='ocrx_word' id='word_1_47' title='bbox 612 775 765 810; x_wconf 87' lang='lat' dir='ltr'>salutem</span> <span class='ocrx_word' id='word_1_48' title='bbox 795 775 832 809; x_wconf 92' lang='lat' dir='ltr'>in</span> <span class='ocrx_word' id='word_1_49' title='bbox 863 787 906 809; x_wconf 88' lang='lat' dir='ltr'>eo</span> <span class='ocrx_word' id='word_1_50' title='bbox 936 774 999 820; x_wconf 89' lang='lat' dir='ltr'>qui</span> <span class='ocrx_word' id='word_1_51' title='bbox 1029 773 1128 808; x_wconf 87' lang='lat' dir='ltr'>salus</span> <span class='ocrx_word' id='word_1_52' title='bbox 1158 781 1214 808; x_wconf 89' lang='lat' dir='ltr'>est</span> <span class='ocrx_word' id='word_1_53' title='bbox 1243 773 1455 807; x_wconf 90' lang='lat' dir='ltr'>animarum.</span> <span class='ocrx_word' id='word_1_54' title='bbox 1486 773 1670 807; x_wconf 87' lang='lat' dir='ltr'>Noveritis</span> <span class='ocrx_word' id='word_1_55' title='bbox 1700 773 1799 819; x_wconf 92' lang='lat' dir='ltr'>quod</span> <span class='ocrx_word' id='word_1_56' title='bbox 1828 784 1923 806; x_wconf 86' lang='lat' dir='ltr'>anno</span> <span class='ocrx_word' id='word_1_57' title='bbox 1953 773 2098 806; x_wconf 89' lang='lat' dir='ltr'>Domini</span> 
     </span>
     <span class='ocr_line' id='line_1_8' title="bbox 226 839 2099 890; baseline -0.004 -11"><span class='ocrx_word' id='word_1_58' title='bbox 226 844 365 879; x_wconf 86' lang='lat' dir='ltr'>M⁰CC⁰</span> <span class='ocrx_word' id='word_1_59' title='bbox 389 843 638 890; x_wconf 84' lang='lat' dir='ltr'>octuagesimo</span> <span class='ocrx_word' id='word_1_60' title='bbox 668 842 799 889; x_wconf 89' lang='lat' dir='ltr'>primo,</span> <span class='ocrx_word' id='word_1_61' title='bbox 827 842 886 876; x_wconf 89' lang='lat' dir='ltr'>die</span> <span class='ocrx_word' id='word_1_62' title='bbox 911 841 1083 875; x_wconf 86' lang='lat' dir='ltr'>mercurii</span> <span class='ocrx_word' id='word_1_63' title='bbox 1109 847 1192 887; x_wconf 90' lang='lat' dir='ltr'>post</span> <span class='ocrx_word' id='word_1_64' title='bbox 1216 841 1349 874; x_wconf 86' lang='lat' dir='ltr'>festum</span> <span class='ocrx_word' id='word_1_65' title='bbox 1374 840 1478 874; x_wconf 86' lang='lat' dir='ltr'>beate</span> <span class='ocrx_word' id='word_1_66' title='bbox 1500 840 1612 874; x_wconf 84' lang='lat' dir='ltr'>Marie</span> <span class='ocrx_word' id='word_1_67' title='bbox 1634 839 1849 886; x_wconf 89' lang='lat' dir='ltr'>Magdalene</span> <span class='ocrx_word' id='word_1_68' title='bbox 1878 851 1945 874; x_wconf 89' lang='lat' dir='ltr'>nos</span> <span class='ocrx_word' id='word_1_69' title='bbox 1971 839 2099 885; x_wconf 83' lang='lat' dir='ltr'>prefati</span> 
     </span>
     <span class='ocr_line' id='line_1_9' title="bbox 226 906 2100 957; baseline -0.003 -13"><span class='ocrx_word' id='word_1_70' title='bbox 226 910 391 957; x_wconf 80' lang='lat' dir='ltr'>magistri</span> <span class='ocrx_word' id='word_1_71' title='bbox 419 910 457 944; x_wconf 91' lang='lat' dir='ltr'>in</span> <span class='ocrx_word' id='word_1_72' title='bbox 481 909 636 943; x_wconf 87' lang='lat' dir='ltr'>ecclesia</span> <span class='ocrx_word' id='word_1_73' title='bbox 657 909 777 943; x_wconf 89' lang='lat' dir='ltr'>Sancti</span> <span class='ocrx_word' id='word_1_74' title='bbox 806 908 939 942; x_wconf 85' lang='lat' dir='ltr'>Juliani</span> <span class='ocrx_word' id='word_1_75' title='bbox 969 907 1143 953; x_wconf 87' lang='lat' dir='ltr'>Pauperis</span> <span class='ocrx_word' id='word_1_76' title='bbox 1171 907 1333 940; x_wconf 88' lang='lat' dir='ltr'>Parisius</span> <span class='ocrx_word' id='word_1_77' title='bbox 1354 907 1391 940; x_wconf 89' lang='lat' dir='ltr'>in</span> <span class='ocrx_word' id='word_1_78' title='bbox 1418 906 1636 940; x_wconf 43' lang='lat' dir='ltr'>hora‘tertia</span> <span class='ocrx_word' id='word_1_79' title='bbox 1662 907 1770 940; x_wconf 84' lang='lat' dir='ltr'>Beate</span> <span class='ocrx_word' id='word_1_80' title='bbox 1801 906 1914 940; x_wconf 88' lang='lat' dir='ltr'>Marie</span> <span class='ocrx_word' id='word_1_81' title='bbox 1943 918 2100 952; x_wconf 86' lang='lat' dir='ltr'>congre-</span> 
     </span>
     <span class='ocr_line' id='line_1_10' title="bbox 225 973 2097 1024; baseline -0.003 -12"><span class='ocrx_word' id='word_1_82' title='bbox 225 977 313 1024; x_wconf 83' lang='lat' dir='ltr'>gati,</span> <span class='ocrx_word' id='word_1_83' title='bbox 334 977 583 1011; x_wconf 82' lang='lat' dir='ltr'>ordinavimus</span> <span class='ocrx_word' id='word_1_84' title='bbox 603 988 669 1010; x_wconf 91' lang='lat' dir='ltr'>seu</span> <span class='ocrx_word' id='word_1_85' title='bbox 689 975 955 1010; x_wconf 85' lang='lat' dir='ltr'>ordinationem</span> <span class='ocrx_word' id='word_1_86' title='bbox 976 981 1079 1008; x_wconf 90' lang='lat' dir='ltr'>antea</span> <span class='ocrx_word' id='word_1_87' title='bbox 1100 974 1226 1008; x_wconf 84' lang='lat' dir='ltr'>factam</span> <span class='ocrx_word' id='word_1_88' title='bbox 1249 973 1515 1015; x_wconf 82' lang='lat' dir='ltr'>innovavimus,</span> <span class='ocrx_word' id='word_1_89' title='bbox 1532 973 1704 1007; x_wconf 86' lang='lat' dir='ltr'>videlicet</span> <span class='ocrx_word' id='word_1_90' title='bbox 1723 979 1762 1007; x_wconf 90' lang='lat' dir='ltr'>ut</span> <span class='ocrx_word' id='word_1_91' title='bbox 1781 973 1871 1007; x_wconf 83' lang='lat' dir='ltr'>facta</span> <span class='ocrx_word' id='word_1_92' title='bbox 1891 973 2097 1021; x_wconf 76' lang='lat' dir='ltr'>facultatum</span> 
     </span>
     <span class='ocr_line' id='line_1_11' title="bbox 226 1039 2101 1090; baseline -0.003 -12"><span class='ocrx_word' id='word_1_93' title='bbox 226 1056 292 1078; x_wconf 88' lang='lat' dir='ltr'>seu</span> <span class='ocrx_word' id='word_1_94' title='bbox 319 1044 472 1090; x_wconf 86' lang='lat' dir='ltr'>negocia</span> <span class='ocrx_word' id='word_1_95' title='bbox 497 1054 640 1077; x_wconf 89' lang='lat' dir='ltr'>necnon</span> <span class='ocrx_word' id='word_1_96' title='bbox 666 1054 919 1089; x_wconf 90' lang='lat' dir='ltr'>personarum,</span> <span class='ocrx_word' id='word_1_97' title='bbox 949 1042 986 1075; x_wconf 93' lang='lat' dir='ltr'>in</span> <span class='ocrx_word' id='word_1_98' title='bbox 1012 1047 1186 1087; x_wconf 88' lang='lat' dir='ltr'>quantum</span> <span class='ocrx_word' id='word_1_99' title='bbox 1213 1041 1432 1086; x_wconf 88' lang='lat' dir='ltr'>contingunt</span> <span class='ocrx_word' id='word_1_100' title='bbox 1458 1040 1649 1086; x_wconf 87' lang='lat' dir='ltr'>privilegia</span> <span class='ocrx_word' id='word_1_101' title='bbox 1676 1039 1946 1081; x_wconf 87' lang='lat' dir='ltr'>Universitatis,</span> <span class='ocrx_word' id='word_1_102' title='bbox 1975 1046 2101 1073; x_wconf 85' lang='lat' dir='ltr'>essent</span> 
     </span>
     <span class='ocr_line' id='line_1_12' title="bbox 225 1106 2100 1155; baseline -0.003 -11"><span class='ocrx_word' id='word_1_103' title='bbox 225 1122 292 1144; x_wconf 84' lang='lat' dir='ltr'>seu</span> <span class='ocrx_word' id='word_1_104' title='bbox 321 1110 607 1144; x_wconf 76' lang='lat' dir='ltr'>defenderentur</span> <span class='ocrx_word' id='word_1_105' title='bbox 635 1116 671 1143; x_wconf 90' lang='lat' dir='ltr'>et</span> <span class='ocrx_word' id='word_1_106' title='bbox 698 1115 896 1155; x_wconf 87' lang='lat' dir='ltr'>agerentur</span> <span class='ocrx_word' id='word_1_107' title='bbox 924 1108 1072 1142; x_wconf 90' lang='lat' dir='ltr'>nomine</span> <span class='ocrx_word' id='word_1_108' title='bbox 1102 1108 1213 1142; x_wconf 88' lang='lat' dir='ltr'>totius</span> <span class='ocrx_word' id='word_1_109' title='bbox 1243 1107 1512 1142; x_wconf 85' lang='lat' dir='ltr'>Universitatis.</span> <span class='ocrx_word' id='word_1_110' title='bbox 1544 1107 1705 1152; x_wconf 86' lang='lat' dir='ltr'>Ideoque</span> <span class='ocrx_word' id='word_1_111' title='bbox 1735 1107 1885 1152; x_wconf 88' lang='lat' dir='ltr'>provida</span> <span class='ocrx_word' id='word_1_112' title='bbox 1919 1106 2100 1140; x_wconf 87' lang='lat' dir='ltr'>delibera-</span> 
     </span>
     <span class='ocr_line' id='line_1_13' title="bbox 225 1173 2101 1224; baseline -0.003 -13"><span class='ocrx_word' id='word_1_113' title='bbox 225 1177 324 1212; x_wconf 87' lang='lat' dir='ltr'>tione</span> <span class='ocrx_word' id='word_1_114' title='bbox 353 1189 466 1224; x_wconf 90' lang='lat' dir='ltr'>super</span> <span class='ocrx_word' id='word_1_115' title='bbox 495 1176 564 1210; x_wconf 92' lang='lat' dir='ltr'>hoc</span> <span class='ocrx_word' id='word_1_116' title='bbox 597 1175 717 1210; x_wconf 81' lang='lat' dir='ltr'>habita</span> <span class='ocrx_word' id='word_1_117' title='bbox 746 1187 814 1210; x_wconf 92' lang='lat' dir='ltr'>nos</span> <span class='ocrx_word' id='word_1_118' title='bbox 844 1175 1009 1222; x_wconf 80' lang='lat' dir='ltr'>magistri</span> <span class='ocrx_word' id='word_1_119' title='bbox 1039 1174 1227 1208; x_wconf 86' lang='lat' dir='ltr'>memorati</span> <span class='ocrx_word' id='word_1_120' title='bbox 1256 1173 1520 1220; x_wconf 86' lang='lat' dir='ltr'>appellationes</span> <span class='ocrx_word' id='word_1_121' title='bbox 1554 1173 1790 1219; x_wconf 86' lang='lat' dir='ltr'>interpositas</span> <span class='ocrx_word' id='word_1_122' title='bbox 1824 1173 2031 1219; x_wconf 88' lang='lat' dir='ltr'>specialiter</span> <span class='ocrx_word' id='word_1_123' title='bbox 2065 1180 2101 1207; x_wconf 90' lang='lat' dir='ltr'>et</span> 
     </span>
     <span class='ocr_line' id='line_1_14' title="bbox 225 1240 2101 1278; baseline -0.003 0"><span class='ocrx_word' id='word_1_124' title='bbox 225 1243 436 1278; x_wconf 87' lang='lat' dir='ltr'>nominatim</span> <span class='ocrx_word' id='word_1_125' title='bbox 469 1243 616 1276; x_wconf 89' lang='lat' dir='ltr'>nomine</span> <span class='ocrx_word' id='word_1_126' title='bbox 646 1242 797 1276; x_wconf 87' lang='lat' dir='ltr'>duarum</span> <span class='ocrx_word' id='word_1_127' title='bbox 831 1241 1040 1275; x_wconf 83' lang='lat' dir='ltr'>facultatum</span> <span class='ocrx_word' id='word_1_128' title='bbox 1069 1241 1300 1274; x_wconf 89' lang='lat' dir='ltr'>decretorum</span> <span class='ocrx_word' id='word_1_129' title='bbox 1331 1247 1366 1274; x_wconf 86' lang='lat' dir='ltr'>et</span> <span class='ocrx_word' id='word_1_130' title='bbox 1394 1240 1524 1274; x_wconf 88' lang='lat' dir='ltr'>artium</span> <span class='ocrx_word' id='word_1_131' title='bbox 1558 1247 1683 1274; x_wconf 88' lang='lat' dir='ltr'>contra</span> <span class='ocrx_word' id='word_1_132' title='bbox 1713 1240 1967 1274; x_wconf 87' lang='lat' dir='ltr'>cancellarium</span> <span class='ocrx_word' id='word_1_133' title='bbox 2002 1240 2101 1273; x_wconf 82' lang='lat' dir='ltr'>Pari-</span> 
     </span>
     <span class='ocr_line' id='line_1_15' title="bbox 225 1307 2098 1355; baseline -0.002 -11"><span class='ocrx_word' id='word_1_134' title='bbox 225 1310 398 1352; x_wconf 86' lang='lat' dir='ltr'>siensem,</span> <span class='ocrx_word' id='word_1_135' title='bbox 414 1309 486 1343; x_wconf 85' lang='lat' dir='ltr'>hiis</span> <span class='ocrx_word' id='word_1_136' title='bbox 506 1309 653 1355; x_wconf 86' lang='lat' dir='ltr'>scriptis</span> <span class='ocrx_word' id='word_1_137' title='bbox 674 1309 889 1343; x_wconf 86' lang='lat' dir='ltr'>innovamus</span> <span class='ocrx_word' id='word_1_138' title='bbox 910 1308 1057 1341; x_wconf 90' lang='lat' dir='ltr'>nomine</span> <span class='ocrx_word' id='word_1_139' title='bbox 1079 1307 1190 1341; x_wconf 90' lang='lat' dir='ltr'>totius</span> <span class='ocrx_word' id='word_1_140' title='bbox 1207 1307 1463 1342; x_wconf 89' lang='lat' dir='ltr'>Universitatis</span> <span class='ocrx_word' id='word_1_141' title='bbox 1484 1307 1724 1353; x_wconf 56' lang='lat' dir='ltr'>infflresentia</span> <span class='ocrx_word' id='word_1_142' title='bbox 1745 1307 1905 1340; x_wconf 87' lang='lat' dir='ltr'>omnium</span> <span class='ocrx_word' id='word_1_143' title='bbox 1923 1314 2098 1348; x_wconf 88' lang='lat' dir='ltr'>vestrum,</span> 
     </span>
     <span class='ocr_line' id='line_1_16' title="bbox 224 1373 2096 1422; baseline -0.002 -12"><span class='ocrx_word' id='word_1_144' title='bbox 224 1376 269 1410; x_wconf 84' lang='lat' dir='ltr'>ad</span> <span class='ocrx_word' id='word_1_145' title='bbox 293 1382 504 1422; x_wconf 83' lang='lat' dir='ltr'>perpetuam</span> <span class='ocrx_word' id='word_1_146' title='bbox 532 1375 586 1409; x_wconf 89' lang='lat' dir='ltr'>rei</span> <span class='ocrx_word' id='word_1_147' title='bbox 613 1375 823 1408; x_wconf 86' lang='lat' dir='ltr'>memoriam</span> <span class='ocrx_word' id='word_1_148' title='bbox 853 1374 983 1408; x_wconf 89' lang='lat' dir='ltr'>dictam</span> <span class='ocrx_word' id='word_1_149' title='bbox 1005 1373 1281 1407; x_wconf 85' lang='lat' dir='ltr'>innovacionem</span> <span class='ocrx_word' id='word_1_150' title='bbox 1303 1385 1369 1419; x_wconf 91' lang='lat' dir='ltr'>per</span> <span class='ocrx_word' id='word_1_151' title='bbox 1388 1373 1539 1407; x_wconf 89' lang='lat' dir='ltr'>latorem</span> <span class='ocrx_word' id='word_1_152' title='bbox 1560 1373 1784 1419; x_wconf 89' lang='lat' dir='ltr'>presentium</span> <span class='ocrx_word' id='word_1_153' title='bbox 1806 1373 1880 1419; x_wconf 87' lang='lat' dir='ltr'>legi</span> <span class='ocrx_word' id='word_1_154' title='bbox 1909 1374 2096 1407; x_wconf 87' lang='lat' dir='ltr'>facientes.</span> 
     </span>
     <span class='ocr_line' id='line_1_17' title="bbox 225 1439 2098 1487; baseline -0.002 -11"><span class='ocrx_word' id='word_1_155' title='bbox 225 1443 314 1476; x_wconf 88' lang='lat' dir='ltr'>ltem</span> <span class='ocrx_word' id='word_1_156' title='bbox 347 1441 454 1477; x_wconf 87' lang='lat' dir='ltr'>vobis</span> <span class='ocrx_word' id='word_1_157' title='bbox 487 1441 658 1476; x_wconf 88' lang='lat' dir='ltr'>omnibus</span> <span class='ocrx_word' id='word_1_158' title='bbox 692 1448 728 1475; x_wconf 90' lang='lat' dir='ltr'>et</span> <span class='ocrx_word' id='word_1_159' title='bbox 754 1440 913 1487; x_wconf 84' lang='lat' dir='ltr'>singulis</span> <span class='ocrx_word' id='word_1_160' title='bbox 939 1440 1152 1474; x_wconf 87' lang='lat' dir='ltr'>auctoritate</span> <span class='ocrx_word' id='word_1_161' title='bbox 1184 1439 1280 1473; x_wconf 90' lang='lat' dir='ltr'>dicte</span> <span class='ocrx_word' id='word_1_162' title='bbox 1306 1440 1562 1474; x_wconf 84' lang='lat' dir='ltr'>Universitatis</span> <span class='ocrx_word' id='word_1_163' title='bbox 1589 1439 1816 1486; x_wconf 84' lang='lat' dir='ltr'>injungimus</span> <span class='ocrx_word' id='word_1_164' title='bbox 1844 1446 1880 1473; x_wconf 86' lang='lat' dir='ltr'>et</span> <span class='ocrx_word' id='word_1_165' title='bbox 1906 1439 1975 1473; x_wconf 91' lang='lat' dir='ltr'>sub</span> <span class='ocrx_word' id='word_1_166' title='bbox 2006 1451 2098 1485; x_wconf 90' lang='lat' dir='ltr'>pena</span> 
     </span>
     <span class='ocr_line' id='line_1_18' title="bbox 224 1505 2103 1556; baseline -0.003 -13"><span class='ocrx_word' id='word_1_167' title='bbox 224 1521 330 1556; x_wconf 82' lang='lat' dir='ltr'>quam</span> <span class='ocrx_word' id='word_1_168' title='bbox 355 1515 477 1555; x_wconf 88' lang='lat' dir='ltr'>potest</span> <span class='ocrx_word' id='word_1_169' title='bbox 501 1508 682 1554; x_wconf 86' lang='lat' dir='ltr'>infligere,</span> <span class='ocrx_word' id='word_1_170' title='bbox 705 1508 804 1554; x_wconf 91' lang='lat' dir='ltr'>quod</span> <span class='ocrx_word' id='word_1_171' title='bbox 834 1507 1054 1553; x_wconf 87' lang='lat' dir='ltr'>quicumque</span> <span class='ocrx_word' id='word_1_172' title='bbox 1079 1506 1188 1540; x_wconf 89' lang='lat' dir='ltr'>habet</span> <span class='ocrx_word' id='word_1_173' title='bbox 1212 1507 1278 1540; x_wconf 80' lang='lat' dir='ltr'>seu</span> <span class='ocrx_word' id='word_1_174' title='bbox 1299 1505 1457 1552; x_wconf 88' lang='lat' dir='ltr'>aliquem</span> <span class='ocrx_word' id='word_1_175' title='bbox 1477 1506 1547 1540; x_wconf 89' lang='lat' dir='ltr'>scit</span> <span class='ocrx_word' id='word_1_176' title='bbox 1566 1505 1700 1539; x_wconf 86' lang='lat' dir='ltr'>habere</span> <span class='ocrx_word' id='word_1_177' title='bbox 1722 1506 1927 1552; x_wconf 87' lang='lat' dir='ltr'>privilegia,</span> <span class='ocrx_word' id='word_1_178' title='bbox 1953 1510 2103 1548; x_wconf 84' lang='lat' dir='ltr'>statuta,</span> 
     </span>
     <span class='ocr_line' id='line_1_19' title="bbox 224 1573 2098 1621; baseline -0.003 -11"><span class='ocrx_word' id='word_1_179' title='bbox 224 1587 291 1611; x_wconf 90' lang='lat' dir='ltr'>seu</span> <span class='ocrx_word' id='word_1_180' title='bbox 310 1575 416 1610; x_wconf 87' lang='lat' dir='ltr'>etiam</span> <span class='ocrx_word' id='word_1_181' title='bbox 439 1575 613 1621; x_wconf 86' lang='lat' dir='ltr'>rescripta</span> <span class='ocrx_word' id='word_1_182' title='bbox 633 1574 678 1608; x_wconf 90' lang='lat' dir='ltr'>ad</span> <span class='ocrx_word' id='word_1_183' title='bbox 698 1575 861 1608; x_wconf 86' lang='lat' dir='ltr'>eamdem</span> <span class='ocrx_word' id='word_1_184' title='bbox 877 1573 1160 1608; x_wconf 87' lang='lat' dir='ltr'>Universitatem</span> <span class='ocrx_word' id='word_1_185' title='bbox 1181 1573 1411 1619; x_wconf 85' lang='lat' dir='ltr'>pertinentia,</span> <span class='ocrx_word' id='word_1_186' title='bbox 1429 1573 1467 1606; x_wconf 95' lang='lat' dir='ltr'>in</span> <span class='ocrx_word' id='word_1_187' title='bbox 1487 1573 1602 1618; x_wconf 84' lang='lat' dir='ltr'>prima</span> <span class='ocrx_word' id='word_1_188' title='bbox 1622 1573 1915 1619; x_wconf 84' lang='lat' dir='ltr'>congregacione</span> <span class='ocrx_word' id='word_1_189' title='bbox 1935 1573 2098 1619; x_wconf 86' lang='lat' dir='ltr'>generali</span> 
     </span>
     <span class='ocr_line' id='line_1_20' title="bbox 223 1639 2098 1686; baseline -0.002 -9"><span class='ocrx_word' id='word_1_190' title='bbox 223 1642 352 1678; x_wconf 87' lang='lat' dir='ltr'>reddat</span> <span class='ocrx_word' id='word_1_191' title='bbox 379 1649 415 1676; x_wconf 89' lang='lat' dir='ltr'>et</span> <span class='ocrx_word' id='word_1_192' title='bbox 442 1642 620 1684; x_wconf 88' lang='lat' dir='ltr'>restituat,</span> <span class='ocrx_word' id='word_1_193' title='bbox 649 1641 847 1675; x_wconf 86' lang='lat' dir='ltr'>denunciet</span> <span class='ocrx_word' id='word_1_194' title='bbox 872 1647 908 1675; x_wconf 88' lang='lat' dir='ltr'>et</span> <span class='ocrx_word' id='word_1_195' title='bbox 934 1641 1096 1682; x_wconf 81' lang='lat' dir='ltr'>incuset3</span> <span class='ocrx_word' id='word_1_196' title='bbox 1125 1640 1302 1686; x_wconf 88' lang='lat' dir='ltr'>alioquin,</span> <span class='ocrx_word' id='word_1_197' title='bbox 1330 1640 1361 1673; x_wconf 89' lang='lat' dir='ltr'>si</span> <span class='ocrx_word' id='word_1_198' title='bbox 1387 1646 1444 1673; x_wconf 89' lang='lat' dir='ltr'>est</span> <span class='ocrx_word' id='word_1_199' title='bbox 1472 1639 1517 1674; x_wconf 91' lang='lat' dir='ltr'>de</span> <span class='ocrx_word' id='word_1_200' title='bbox 1541 1640 1674 1685; x_wconf 85' lang='lat' dir='ltr'>juratis</span> <span class='ocrx_word' id='word_1_201' title='bbox 1704 1639 1799 1673; x_wconf 90' lang='lat' dir='ltr'>dicte</span> <span class='ocrx_word' id='word_1_202' title='bbox 1828 1639 2098 1681; x_wconf 88' lang='lat' dir='ltr'>Universitatis,</span> 
     </span>
     <span class='ocr_line' id='line_1_21' title="bbox 224 1705 2098 1756; baseline -0.003 -13"><span class='ocrx_word' id='word_1_203' title='bbox 224 1720 351 1756; x_wconf 87' lang='lat' dir='ltr'>penam</span> <span class='ocrx_word' id='word_1_204' title='bbox 378 1708 530 1755; x_wconf 88' lang='lat' dir='ltr'>perjurii</span> <span class='ocrx_word' id='word_1_205' title='bbox 556 1708 690 1754; x_wconf 88' lang='lat' dir='ltr'>poterit</span> <span class='ocrx_word' id='word_1_206' title='bbox 712 1707 907 1741; x_wconf 88' lang='lat' dir='ltr'>formidare</span> <span class='ocrx_word' id='word_1_207' title='bbox 933 1714 969 1740; x_wconf 89' lang='lat' dir='ltr'>et</span> <span class='ocrx_word' id='word_1_208' title='bbox 994 1706 1287 1752; x_wconf 88' lang='lat' dir='ltr'>divulgacionem</span> <span class='ocrx_word' id='word_1_209' title='bbox 1313 1706 1350 1739; x_wconf 90' lang='lat' dir='ltr'>in</span> <span class='ocrx_word' id='word_1_210' title='bbox 1375 1705 1609 1739; x_wconf 87' lang='lat' dir='ltr'>sermonibus</span> <span class='ocrx_word' id='word_1_211' title='bbox 1636 1712 1672 1739; x_wconf 88' lang='lat' dir='ltr'>et</span> <span class='ocrx_word' id='word_1_212' title='bbox 1697 1706 1734 1738; x_wconf 92' lang='lat' dir='ltr'>in</span> <span class='ocrx_word' id='word_1_213' title='bbox 1762 1705 1892 1747; x_wconf 85' lang='lat' dir='ltr'>scolis;</span> <span class='ocrx_word' id='word_1_214' title='bbox 1922 1706 1953 1739; x_wconf 88' lang='lat' dir='ltr'>si</span> <span class='ocrx_word' id='word_1_215' title='bbox 1980 1712 2098 1739; x_wconf 90' lang='lat' dir='ltr'>autem</span> 
     </span>
     <span class='ocr_line' id='line_1_22' title="bbox 224 1771 2098 1820; baseline -0.003 -10"><span class='ocrx_word' id='word_1_216' title='bbox 224 1781 281 1810; x_wconf 84' lang='lat' dir='ltr'>est</span> <span class='ocrx_word' id='word_1_217' title='bbox 308 1775 354 1809; x_wconf 88' lang='lat' dir='ltr'>de</span> <span class='ocrx_word' id='word_1_218' title='bbox 382 1786 456 1809; x_wconf 92' lang='lat' dir='ltr'>non</span> <span class='ocrx_word' id='word_1_219' title='bbox 478 1774 625 1820; x_wconf 87' lang='lat' dir='ltr'>juratis,</span> <span class='ocrx_word' id='word_1_220' title='bbox 654 1774 847 1808; x_wconf 88' lang='lat' dir='ltr'>consorcio</span> <span class='ocrx_word' id='word_1_221' title='bbox 878 1773 973 1807; x_wconf 88' lang='lat' dir='ltr'>dicte</span> <span class='ocrx_word' id='word_1_222' title='bbox 1004 1773 1260 1807; x_wconf 80' lang='lat' dir='ltr'>Universitatis</span> <span class='ocrx_word' id='word_1_223' title='bbox 1289 1771 1504 1818; x_wconf 86' lang='lat' dir='ltr'>privabitur,</span> <span class='ocrx_word' id='word_1_224' title='bbox 1532 1779 1568 1806; x_wconf 88' lang='lat' dir='ltr'>et</span> <span class='ocrx_word' id='word_1_225' title='bbox 1597 1772 1802 1818; x_wconf 87' lang='lat' dir='ltr'>privilegiis</span> <span class='ocrx_word' id='word_1_226' title='bbox 1830 1772 1994 1817; x_wconf 88' lang='lat' dir='ltr'>ejusdem</span> <span class='ocrx_word' id='word_1_227' title='bbox 2026 1784 2098 1806; x_wconf 92' lang='lat' dir='ltr'>non</span> 
     </span>
     <span class='ocr_line' id='line_1_23' title="bbox 223 1839 2099 1888; baseline -0.002 -12"><span class='ocrx_word' id='word_1_228' title='bbox 223 1841 410 1888; x_wconf 80' lang='lat' dir='ltr'>gaudebit.</span> <span class='ocrx_word' id='word_1_229' title='bbox 432 1842 473 1875; x_wconf 90' lang='lat' dir='ltr'>ln</span> <span class='ocrx_word' id='word_1_230' title='bbox 498 1853 652 1887; x_wconf 90' lang='lat' dir='ltr'>quorum</span> <span class='ocrx_word' id='word_1_231' title='bbox 674 1841 923 1875; x_wconf 86' lang='lat' dir='ltr'>testimonium</span> <span class='ocrx_word' id='word_1_232' title='bbox 944 1839 1179 1887; x_wconf 90' lang='lat' dir='ltr'>presentibus</span> <span class='ocrx_word' id='word_1_233' title='bbox 1198 1839 1361 1885; x_wconf 87' lang='lat' dir='ltr'>sigillum</span> <span class='ocrx_word' id='word_1_234' title='bbox 1383 1839 1478 1872; x_wconf 90' lang='lat' dir='ltr'>dicte</span> <span class='ocrx_word' id='word_1_235' title='bbox 1501 1839 1757 1873; x_wconf 87' lang='lat' dir='ltr'>Universitatis</span> <span class='ocrx_word' id='word_1_236' title='bbox 1778 1839 1960 1884; x_wconf 85' lang='lat' dir='ltr'>jussimus</span> <span class='ocrx_word' id='word_1_237' title='bbox 1987 1851 2099 1885; x_wconf 90' lang='lat' dir='ltr'>appo-</span> 
     </span>
    </p>
   </div>
   <div class='ocr_carea' id='block_1_6' title="bbox 224 1906 1130 1953">
    <p class='ocr_par' dir='ltr' id='par_1_6' title="bbox 224 1906 1130 1953">
     <span class='ocr_line' id='line_1_24' title="bbox 224 1906 1130 1953; baseline -0.003 -10"><span class='ocrx_word' id='word_1_238' title='bbox 224 1908 397 1944; x_wconf 83' lang='lat' dir='ltr'>nendum.</span> <span class='ocrx_word' id='word_1_239' title='bbox 419 1909 548 1943; x_wconf 85' lang='lat' dir='ltr'>Datum</span> <span class='ocrx_word' id='word_1_240' title='bbox 569 1920 677 1948; x_wconf 90' lang='lat' dir='ltr'>anno,</span> <span class='ocrx_word' id='word_1_241' title='bbox 699 1908 758 1941; x_wconf 90' lang='lat' dir='ltr'>die</span> <span class='ocrx_word' id='word_1_242' title='bbox 779 1914 815 1941; x_wconf 90' lang='lat' dir='ltr'>et</span> <span class='ocrx_word' id='word_1_243' title='bbox 834 1907 922 1941; x_wconf 90' lang='lat' dir='ltr'>hora</span> <span class='ocrx_word' id='word_1_244' title='bbox 943 1906 1130 1953; x_wconf 77' lang='lat' dir='ltr'>predictis.</span> 
     </span>
    </p>
   </div>
   <div class='ocr_carea' id='block_1_7' title="bbox 316 2003 2035 2039">
    <p class='ocr_par' dir='ltr' id='par_1_7' title="bbox 316 2003 2035 2039">
     <span class='ocr_line' id='line_1_25' title="bbox 316 2003 2035 2039; baseline -0.002 -8"><span class='ocrx_word' id='word_1_245' title='bbox 316 2005 454 2039; x_wconf 56' lang='lat' dir='ltr'>oasin-le</span> <span class='ocrx_word' id='word_1_246' title='bbox 468 2006 495 2030; x_wconf 87' lang='lat' dir='ltr'>in</span> <span class='ocrx_word' id='word_1_247' title='bbox 510 2006 587 2030; x_wconf 78' lang='lat' dir='ltr'>Arcb.</span> <span class='ocrx_word' id='word_1_248' title='bbox 604 2006 726 2031; x_wconf 74' lang='lat' dir='ltr'>Univern.</span> <span class='ocrx_word' id='word_1_249' title='bbox 743 2005 828 2030; x_wconf 69' lang='lat' dir='ltr'>Pari..</span> <span class='ocrx_word' id='word_1_250' title='bbox 843 2005 919 2029; x_wconf 73' lang='lat' dir='ltr'>theca</span> <span class='ocrx_word' id='word_1_251' title='bbox 931 2005 987 2030; x_wconf 86' lang='lat' dir='ltr'>vn.</span> <span class='ocrx_word' id='word_1_252' title='bbox 1003 2005 1035 2029; x_wconf 86' lang='lat' dir='ltr'>D.</span> <span class='ocrx_word' id='word_1_253' title='bbox 1050 2005 1088 2030; x_wconf 80' lang='lat'>1³.</span> <span class='ocrx_word' id='word_1_254' title='bbox 1104 2004 1130 2028; x_wconf 75' lang='lat' dir='ltr'>b.</span> <span class='ocrx_word' id='word_1_255' title='bbox 1147 2005 1256 2029; x_wconf 71' lang='lat' dir='ltr'>Restant</span> <span class='ocrx_word' id='word_1_256' title='bbox 1271 2005 1420 2036; x_wconf 72' lang='lat' dir='ltr'>fragmenta</span> <span class='ocrx_word' id='word_1_257' title='bbox 1434 2004 1547 2028; x_wconf 80' lang='lat' dir='ltr'>duorum</span> <span class='ocrx_word' id='word_1_258' title='bbox 1562 2004 1721 2036; x_wconf 78' lang='lat' dir='ltr'>sigillorum.</span> <span class='ocrx_word' id='word_1_259' title='bbox 1739 2017 1767 2022; x_wconf 92' lang='lat'>—</span> <span class='ocrx_word' id='word_1_260' title='bbox 1782 2003 1920 2032; x_wconf 78' lang='lat' dir='ltr'>Jourdain,</span> <span class='ocrx_word' id='word_1_261' title='bbox 1937 2008 1966 2027; x_wconf 80' lang='lat' dir='ltr'>n⁰</span> <span class='ocrx_word' id='word_1_262' title='bbox 1981 2005 2035 2028; x_wconf 72' lang='lat'>269.</span> 
     </span>
    </p>
   </div>
   <div class='ocr_carea' id='block_1_8' title="bbox 225 2167 2097 2215">
    <p class='ocr_par' dir='ltr' id='par_1_8' title="bbox 225 2167 2097 2215">
     <span class='ocr_line' id='line_1_26' title="bbox 225 2167 2097 2215; baseline -0.002 -10"><span class='ocrx_word' id='word_1_263' title='bbox 225 2167 338 2206; x_wconf 79' lang='grc'>507.</span> <span class='ocrx_word' id='word_1_264' title='bbox 360 2177 504 2204; x_wconf 67' lang='lat' dir='ltr'>Martinus</span> <span class='ocrx_word' id='word_1_265' title='bbox 520 2177 708 2215; x_wconf 70' lang='lat' dir='ltr'>WPhilippo</span> <span class='ocrx_word' id='word_1_266' title='bbox 725 2178 776 2212; x_wconf 88' lang='lat'>111,</span> <span class='ocrx_word' id='word_1_267' title='bbox 799 2178 861 2213; x_wconf 69' lang='lat' dir='ltr'>regi</span> <span class='ocrx_word' id='word_1_268' title='bbox 880 2178 1064 2212; x_wconf 79' lang='lat' dir='ltr'>Francorum,</span> <span class='ocrx_word' id='word_1_269' title='bbox 1085 2176 1240 2214; x_wconf 74' lang='lat' dir='ltr'>privilegia</span> <span class='ocrx_word' id='word_1_270' title='bbox 1264 2176 1394 2203; x_wconf 75' lang='lat' dir='ltr'>concedit</span> <span class='ocrx_word' id='word_1_271' title='bbox 1413 2177 1443 2202; x_wconf 81' lang='lat' dir='ltr'>in</span> <span class='ocrx_word' id='word_1_272' title='bbox 1461 2175 1590 2212; x_wconf 74' lang='lat' dir='ltr'>gratiam</span> <span class='ocrx_word' id='word_1_273' title='bbox 1610 2175 1786 2211; x_wconf 81' lang='lat' dir='ltr'>clericorum,</span> <span class='ocrx_word' id='word_1_274' title='bbox 1805 2176 1854 2212; x_wconf 81' lang='lat' dir='ltr'>qui</span> <span class='ocrx_word' id='word_1_275' title='bbox 1874 2177 1936 2212; x_wconf 76' lang='lat' dir='ltr'>ejus</span> <span class='ocrx_word' id='word_1_276' title='bbox 1951 2176 2097 2212; x_wconf 79' lang='lat' dir='ltr'>obsequiis</span> 
     </span>
    </p>
   </div>
   <div class='ocr_carea' id='block_1_9' title="bbox 314 2225 1812 2308">
    <p class='ocr_par' dir='ltr' id='par_1_9' title="bbox 314 2225 1812 2308">
     <span class='ocr_line' id='line_1_27' title="bbox 314 2225 770 2254; baseline 0.002 -2"><span class='ocrx_word' id='word_1_277' title='bbox 314 2226 452 2253; x_wconf 68' lang='lat' dir='ltr'>inuictum</span> <span class='ocrx_word' id='word_1_278' title='bbox 465 2230 494 2253; x_wconf 78' lang='lat' dir='ltr'>et</span> <span class='ocrx_word' id='word_1_279' title='bbox 505 2226 631 2252; x_wconf 71' lang='lat' dir='ltr'>Parisiis</span> <span class='ocrx_word' id='word_1_280' title='bbox 647 2225 770 2254; x_wconf 69' lang='lat' dir='ltr'>student.</span> 
     </span>
     <span class='ocr_line' id='line_1_28' title="bbox 1227 2274 1812 2308; baseline -0.002 -7"><span class='ocrx_word' id='word_1_281' title='bbox 1227 2275 1301 2305; x_wconf 74' lang='grc'><strong><em>1281,</em></strong></span> <span class='ocrx_word' id='word_1_282' title='bbox 1317 2274 1435 2301; x_wconf 68' lang='lat' dir='ltr'>Octobr-le</span> <span class='ocrx_word' id='word_1_283' title='bbox 1451 2275 1488 2305; x_wconf 86' lang='grc'>10,</span> <span class='ocrx_word' id='word_1_284' title='bbox 1504 2275 1574 2308; x_wconf 71' lang='lat' dir='ltr'>apud</span> <span class='ocrx_word' id='word_1_285' title='bbox 1584 2274 1673 2301; x_wconf 68' lang='lat' dir='ltr'>Mum</span> <span class='ocrx_word' id='word_1_286' title='bbox 1689 2275 1812 2301; x_wconf 69' lang='lat' dir='ltr'>Veterem.</span> 
     </span>
    </p>
   </div>
   <div class='ocr_carea' id='block_1_10' title="bbox 224 2347 2097 2996">
    <p class='ocr_par' dir='ltr' id='par_1_10' title="bbox 224 2347 2097 2996">
     <span class='ocr_line' id='line_1_29' title="bbox 316 2347 2095 2396; baseline -0.001 -13"><span class='ocrx_word' id='word_1_287' title='bbox 316 2349 493 2384; x_wconf 82' lang='lat' dir='ltr'>Martinus</span> <span class='ocrx_word' id='word_1_288' title='bbox 529 2349 724 2396; x_wconf 90' lang='lat' dir='ltr'>episcopus</span> <span class='ocrx_word' id='word_1_289' title='bbox 754 2360 884 2383; x_wconf 90' lang='lat' dir='ltr'>servus</span> <span class='ocrx_word' id='word_1_290' title='bbox 914 2361 1102 2383; x_wconf 88' lang='lat' dir='ltr'>servorum</span> <span class='ocrx_word' id='word_1_291' title='bbox 1134 2349 1200 2383; x_wconf 85' lang='lat' dir='ltr'>Dei</span> <span class='ocrx_word' id='word_1_292' title='bbox 1230 2349 1419 2383; x_wconf 86' lang='lat' dir='ltr'>carissimo</span> <span class='ocrx_word' id='word_1_293' title='bbox 1447 2349 1484 2382; x_wconf 92' lang='lat' dir='ltr'>in</span> <span class='ocrx_word' id='word_1_294' title='bbox 1518 2348 1665 2383; x_wconf 87' lang='lat' dir='ltr'>Christo</span> <span class='ocrx_word' id='word_1_295' title='bbox 1701 2348 1776 2381; x_wconf 84' lang='lat' dir='ltr'>filio</span> <span class='ocrx_word' id='word_1_296' title='bbox 1813 2347 1980 2394; x_wconf 84' lang='lat' dir='ltr'>Philippo</span> <span class='ocrx_word' id='word_1_297' title='bbox 2017 2348 2095 2394; x_wconf 87' lang='lat' dir='ltr'>regi</span> 
     </span>
     <span class='ocr_line' id='line_1_30' title="bbox 227 2414 2094 2462; baseline -0.001 -12"><span class='ocrx_word' id='word_1_298' title='bbox 227 2416 376 2450; x_wconf 83' lang='lat' dir='ltr'>Francie</span> <span class='ocrx_word' id='word_1_299' title='bbox 395 2415 530 2450; x_wconf 86' lang='lat' dir='ltr'>illustri</span> <span class='ocrx_word' id='word_1_300' title='bbox 550 2415 703 2450; x_wconf 83' lang='lat' dir='ltr'>salutem</span> <span class='ocrx_word' id='word_1_301' title='bbox 724 2422 760 2450; x_wconf 87' lang='lat' dir='ltr'>et</span> <span class='ocrx_word' id='word_1_302' title='bbox 778 2415 1013 2462; x_wconf 87' lang='lat' dir='ltr'>apostolicam</span> <span class='ocrx_word' id='word_1_303' title='bbox 1034 2415 1340 2449; x_wconf 87' lang='lat' dir='ltr'>benedictionem.</span> <span class='ocrx_word' id='word_1_304' title='bbox 1365 2416 1478 2461; x_wconf 85' lang='lat' dir='ltr'>Regie</span> <span class='ocrx_word' id='word_1_305' title='bbox 1499 2414 1706 2449; x_wconf 88' lang='lat' dir='ltr'>serenitatis</span> <span class='ocrx_word' id='word_1_306' title='bbox 1726 2414 1897 2461; x_wconf 87' lang='lat' dir='ltr'>precibus</span> <span class='ocrx_word' id='word_1_307' title='bbox 1918 2414 2094 2457; x_wconf 83' lang='lat' dir='ltr'>inclinati,</span> 
     </span>
     <span class='ocr_line' id='line_1_31' title="bbox 225 2480 2096 2529; baseline -0.002 -12"><span class='ocrx_word' id='word_1_308' title='bbox 225 2483 437 2517; x_wconf 83' lang='lat' dir='ltr'>auctoritate</span> <span class='ocrx_word' id='word_1_309' title='bbox 458 2482 523 2516; x_wconf 88' lang='lat' dir='ltr'>tibi</span> <span class='ocrx_word' id='word_1_310' title='bbox 544 2482 768 2528; x_wconf 86' lang='lat' dir='ltr'>presentium</span> <span class='ocrx_word' id='word_1_311' title='bbox 789 2482 1024 2529; x_wconf 86' lang='lat' dir='ltr'>indulgemus</span> <span class='ocrx_word' id='word_1_312' title='bbox 1046 2489 1085 2516; x_wconf 92' lang='lat' dir='ltr'>ut</span> <span class='ocrx_word' id='word_1_313' title='bbox 1104 2482 1135 2515; x_wconf 87' lang='lat' dir='ltr'>si</span> <span class='ocrx_word' id='word_1_314' title='bbox 1156 2482 1267 2527; x_wconf 86' lang='lat' dir='ltr'>aliqui</span> <span class='ocrx_word' id='word_1_315' title='bbox 1288 2494 1331 2515; x_wconf 85' lang='lat' dir='ltr'>ex</span> <span class='ocrx_word' id='word_1_316' title='bbox 1351 2481 1495 2515; x_wconf 89' lang='lat' dir='ltr'>clericis</span> <span class='ocrx_word' id='word_1_317' title='bbox 1516 2482 1602 2522; x_wconf 86' lang='lat' dir='ltr'>tuis,</span> <span class='ocrx_word' id='word_1_318' title='bbox 1623 2482 1685 2527; x_wconf 93' lang='lat' dir='ltr'>qui</span> <span class='ocrx_word' id='word_1_319' title='bbox 1707 2481 1778 2515; x_wconf 88' lang='lat' dir='ltr'>tuis</span> <span class='ocrx_word' id='word_1_320' title='bbox 1799 2481 1973 2515; x_wconf 85' lang='lat' dir='ltr'>insistunt</span> <span class='ocrx_word' id='word_1_321' title='bbox 1992 2480 2096 2515; x_wconf 88' lang='lat' dir='ltr'>obse-</span> 
     </span>
     <span class='ocr_line' id='line_1_32' title="bbox 225 2547 2096 2596; baseline -0.002 -12"><span class='ocrx_word' id='word_1_322' title='bbox 225 2549 322 2596; x_wconf 86' lang='lat' dir='ltr'>quiis</span> <span class='ocrx_word' id='word_1_323' title='bbox 350 2549 409 2584; x_wconf 86' lang='lat' dir='ltr'>vel</span> <span class='ocrx_word' id='word_1_324' title='bbox 429 2549 600 2583; x_wconf 84' lang='lat' dir='ltr'>insistent</span> <span class='ocrx_word' id='word_1_325' title='bbox 624 2549 877 2595; x_wconf 86' lang='lat' dir='ltr'>imposterum,</span> <span class='ocrx_word' id='word_1_326' title='bbox 897 2549 942 2582; x_wconf 93' lang='lat' dir='ltr'>de</span> <span class='ocrx_word' id='word_1_327' title='bbox 968 2548 1112 2583; x_wconf 87' lang='lat' dir='ltr'>licentia</span> <span class='ocrx_word' id='word_1_328' title='bbox 1139 2548 1238 2594; x_wconf 87' lang='lat' dir='ltr'>regia</span> <span class='ocrx_word' id='word_1_329' title='bbox 1266 2560 1306 2582; x_wconf 86' lang='lat' dir='ltr'>se</span> <span class='ocrx_word' id='word_1_330' title='bbox 1334 2549 1509 2590; x_wconf 87' lang='lat' dir='ltr'>Parisius,</span> <span class='ocrx_word' id='word_1_331' title='bbox 1530 2547 1592 2581; x_wconf 85' lang='lat' dir='ltr'>ubi</span> <span class='ocrx_word' id='word_1_332' title='bbox 1617 2548 1842 2582; x_wconf 80' lang='lat' dir='ltr'>consuevisti</span> <span class='ocrx_word' id='word_1_333' title='bbox 1866 2548 2096 2594; x_wconf 87' lang='lat' dir='ltr'>frequentius</span> 
     </span>
     <span class='ocr_line' id='line_1_33' title="bbox 225 2614 2097 2662; baseline -0.001 -12"><span class='ocrx_word' id='word_1_334' title='bbox 225 2616 422 2659; x_wconf 86' lang='lat' dir='ltr'>immorari,</span> <span class='ocrx_word' id='word_1_335' title='bbox 450 2615 650 2650; x_wconf 84' lang='lat' dir='ltr'>litterarum</span> <span class='ocrx_word' id='word_1_336' title='bbox 678 2615 800 2650; x_wconf 91' lang='lat' dir='ltr'>studio</span> <span class='ocrx_word' id='word_1_337' title='bbox 827 2615 997 2649; x_wconf 88' lang='lat' dir='ltr'>duxerint</span> <span class='ocrx_word' id='word_1_338' title='bbox 1024 2614 1266 2662; x_wconf 87' lang='lat' dir='ltr'>deputandos,</span> <span class='ocrx_word' id='word_1_339' title='bbox 1298 2615 1441 2661; x_wconf 85' lang='lat' dir='ltr'>possint</span> <span class='ocrx_word' id='word_1_340' title='bbox 1471 2614 1635 2649; x_wconf 89' lang='lat' dir='ltr'>redditus</span> <span class='ocrx_word' id='word_1_341' title='bbox 1665 2621 1700 2648; x_wconf 89' lang='lat' dir='ltr'>et</span> <span class='ocrx_word' id='word_1_342' title='bbox 1730 2621 1929 2660; x_wconf 90' lang='lat' dir='ltr'>proventus</span> <span class='ocrx_word' id='word_1_343' title='bbox 1958 2614 2097 2648; x_wconf 81' lang='lat' dir='ltr'>beneti-</span> 
     </span>
     <span class='ocr_line' id='line_1_34' title="bbox 224 2681 2097 2728; baseline -0.001 -11"><span class='ocrx_word' id='word_1_344' title='bbox 224 2683 363 2718; x_wconf 88' lang='lat' dir='ltr'>ciorum</span> <span class='ocrx_word' id='word_1_345' title='bbox 391 2695 541 2718; x_wconf 89' lang='lat' dir='ltr'>suorum</span> <span class='ocrx_word' id='word_1_346' title='bbox 569 2683 675 2717; x_wconf 87' lang='lat' dir='ltr'>etiam</span> <span class='ocrx_word' id='word_1_347' title='bbox 700 2682 732 2717; x_wconf 87' lang='lat' dir='ltr'>si</span> <span class='ocrx_word' id='word_1_348' title='bbox 757 2682 831 2716; x_wconf 88' lang='lat' dir='ltr'>sint</span> <span class='ocrx_word' id='word_1_349' title='bbox 855 2682 1052 2728; x_wconf 82' lang='lat' dir='ltr'>dignitates</span> <span class='ocrx_word' id='word_1_350' title='bbox 1076 2681 1133 2716; x_wconf 82' lang='lat' dir='ltr'>vet</span> <span class='ocrx_word' id='word_1_351' title='bbox 1159 2689 1377 2728; x_wconf 87' lang='lat' dir='ltr'>personatus</span> <span class='ocrx_word' id='word_1_352' title='bbox 1401 2688 1437 2716; x_wconf 91' lang='lat' dir='ltr'>et</span> <span class='ocrx_word' id='word_1_353' title='bbox 1461 2693 1582 2715; x_wconf 85' lang='lat' dir='ltr'>curam</span> <span class='ocrx_word' id='word_1_354' title='bbox 1607 2681 1763 2715; x_wconf 82' lang='lat' dir='ltr'>habeant</span> <span class='ocrx_word' id='word_1_355' title='bbox 1782 2682 1981 2716; x_wconf 85' lang='lat' dir='ltr'>animarum</span> <span class='ocrx_word' id='word_1_356' title='bbox 2006 2682 2097 2715; x_wconf 85' lang='lat' dir='ltr'>coti-</span> 
     </span>
     <span class='ocr_line' id='line_1_35' title="bbox 225 2748 2093 2795; baseline -0.001 -11"><span class='ocrx_word' id='word_1_357' title='bbox 225 2749 344 2784; x_wconf 78' lang='lat' dir='ltr'>dianis</span> <span class='ocrx_word' id='word_1_358' title='bbox 368 2748 691 2784; x_wconf 86' lang='lat' dir='ltr'>distributionibus</span> <span class='ocrx_word' id='word_1_359' title='bbox 713 2749 895 2783; x_wconf 87' lang='lat' dir='ltr'>dumtaxat</span> <span class='ocrx_word' id='word_1_360' title='bbox 917 2748 1091 2795; x_wconf 87' lang='lat' dir='ltr'>exceptis,</span> <span class='ocrx_word' id='word_1_361' title='bbox 1118 2760 1198 2782; x_wconf 91' lang='lat' dir='ltr'>cum</span> <span class='ocrx_word' id='word_1_362' title='bbox 1225 2760 1265 2782; x_wconf 86' lang='lat' dir='ltr'>ea</span> <span class='ocrx_word' id='word_1_363' title='bbox 1291 2748 1499 2795; x_wconf 86' lang='lat' dir='ltr'>integritate</span> <span class='ocrx_word' id='word_1_364' title='bbox 1524 2748 1713 2794; x_wconf 88' lang='lat' dir='ltr'>percipere</span> <span class='ocrx_word' id='word_1_365' title='bbox 1738 2748 1892 2790; x_wconf 87' lang='lat' dir='ltr'>valeant,</span> <span class='ocrx_word' id='word_1_366' title='bbox 1919 2760 1999 2782; x_wconf 86' lang='lat' dir='ltr'>cum</span> <span class='ocrx_word' id='word_1_367' title='bbox 2026 2761 2093 2794; x_wconf 84' lang='lat' dir='ltr'>qua</span> 
     </span>
     <span class='ocr_line' id='line_1_36' title="bbox 226 2814 2094 2863; baseline -0.002 -12"><span class='ocrx_word' id='word_1_368' title='bbox 226 2814 310 2850; x_wconf 83' lang='lat' dir='ltr'>illos</span> <span class='ocrx_word' id='word_1_369' title='bbox 331 2816 574 2863; x_wconf 87' lang='lat' dir='ltr'>perciperent,</span> <span class='ocrx_word' id='word_1_370' title='bbox 596 2816 626 2850; x_wconf 91' lang='lat' dir='ltr'>si</span> <span class='ocrx_word' id='word_1_371' title='bbox 649 2816 685 2850; x_wconf 92' lang='lat' dir='ltr'>in</span> <span class='ocrx_word' id='word_1_372' title='bbox 710 2816 878 2850; x_wconf 86' lang='lat' dir='ltr'>ecclesiis</span> <span class='ocrx_word' id='word_1_373' title='bbox 903 2815 940 2849; x_wconf 90' lang='lat' dir='ltr'>in</span> <span class='ocrx_word' id='word_1_374' title='bbox 965 2815 1099 2861; x_wconf 89' lang='lat' dir='ltr'>quibus</span> <span class='ocrx_word' id='word_1_375' title='bbox 1120 2814 1297 2849; x_wconf 81' lang='lat' dir='ltr'>beneficia</span> <span class='ocrx_word' id='word_1_376' title='bbox 1323 2815 1400 2862; x_wconf 88' lang='lat' dir='ltr'>ipsa</span> <span class='ocrx_word' id='word_1_377' title='bbox 1425 2814 1592 2849; x_wconf 86' lang='lat' dir='ltr'>obtinent</span> <span class='ocrx_word' id='word_1_378' title='bbox 1611 2814 1853 2861; x_wconf 88' lang='lat' dir='ltr'>personaliter</span> <span class='ocrx_word' id='word_1_379' title='bbox 1879 2815 2094 2849; x_wconf 84' lang='lat' dir='ltr'>rcsiderent.</span> 
     </span>
     <span class='ocr_line' id='line_1_37' title="bbox 226 2881 2095 2928; baseline -0.001 -12"><span class='ocrx_word' id='word_1_380' title='bbox 226 2883 306 2917; x_wconf 86' lang='lat' dir='ltr'>Non</span> <span class='ocrx_word' id='word_1_381' title='bbox 330 2882 560 2918; x_wconf 80' lang='lat' dir='ltr'>obstantibus</span> <span class='ocrx_word' id='word_1_382' title='bbox 584 2883 777 2917; x_wconf 81' lang='lat' dir='ltr'>contrariis</span> <span class='ocrx_word' id='word_1_383' title='bbox 802 2882 1038 2917; x_wconf 89' lang='lat' dir='ltr'>ecclesiarum</span> <span class='ocrx_word' id='word_1_384' title='bbox 1065 2882 1223 2928; x_wconf 88' lang='lat' dir='ltr'>ipsarum</span> <span class='ocrx_word' id='word_1_385' title='bbox 1251 2881 1581 2916; x_wconf 84' lang='lat' dir='ltr'>consuetudinibus</span> <span class='ocrx_word' id='word_1_386' title='bbox 1608 2881 1665 2916; x_wconf 88' lang='lat' dir='ltr'>vel</span> <span class='ocrx_word' id='word_1_387' title='bbox 1694 2882 1851 2923; x_wconf 86' lang='lat' dir='ltr'>statutis,</span> <span class='ocrx_word' id='word_1_388' title='bbox 1874 2882 2095 2927; x_wconf 85' lang='lat' dir='ltr'>juramento,</span> 
     </span>
     <span class='ocr_line' id='line_1_38' title="bbox 226 2947 2097 2996; baseline -0.002 -12"><span class='ocrx_word' id='word_1_389' title='bbox 226 2948 500 2984; x_wconf 77' lang='lat' dir='ltr'>confirmatione</span> <span class='ocrx_word' id='word_1_390' title='bbox 528 2949 726 2996; x_wconf 83' lang='lat' dir='ltr'>apostolica</span> <span class='ocrx_word' id='word_1_391' title='bbox 752 2949 809 2984; x_wconf 90' lang='lat' dir='ltr'>vel</span> <span class='ocrx_word' id='word_1_392' title='bbox 839 2949 906 2984; x_wconf 86' lang='lat' dir='ltr'>alia</span> <span class='ocrx_word' id='word_1_393' title='bbox 936 2949 1063 2996; x_wconf 86' lang='lat' dir='ltr'>quavis</span> <span class='ocrx_word' id='word_1_394' title='bbox 1093 2949 1260 2983; x_wconf 84' lang='lat' dir='ltr'>firmitate</span> <span class='ocrx_word' id='word_1_395' title='bbox 1294 2948 1447 2991; x_wconf 86' lang='lat' dir='ltr'>vallatis,</span> <span class='ocrx_word' id='word_1_396' title='bbox 1475 2961 1539 2983; x_wconf 87' lang='lat' dir='ltr'>seu</span> <span class='ocrx_word' id='word_1_397' title='bbox 1570 2948 1601 2982; x_wconf 84' lang='lat' dir='ltr'>si</span> <span class='ocrx_word' id='word_1_398' title='bbox 1632 2949 1668 2982; x_wconf 93' lang='lat' dir='ltr'>in</span> <span class='ocrx_word' id='word_1_399' title='bbox 1698 2948 1866 2982; x_wconf 78' lang='lat' dir='ltr'>ecclesiis</span> <span class='ocrx_word' id='word_1_400' title='bbox 1896 2948 1930 2981; x_wconf 88' lang='lat' dir='ltr'>in</span> <span class='ocrx_word' id='word_1_401' title='bbox 1964 2947 2097 2993; x_wconf 87' lang='lat' dir='ltr'>quibus</span> 
     </span>
    </p>
   </div>
  </div>
 </body>
</html>
