2618 3640
491 418 534 451 66
1069 428 1392 450 cuAn‘rULAalUM
1427 429 1617 450 uuivsns.
1654 428 1783 451 rmus.
2273 418 2371 459 [1207

490 502 626 535 faceret
646 502 906 547 juramentum,
938 509 973 535 et
1001 502 1045 535 ad
1072 502 1325 535 necessitatem
1356 502 1555 535 residentie
1586 502 1749 535 faciende
1780 514 1819 535 se
1849 502 2079 548 astringeret.
2115 502 2186 545 Qui
2215 501 2373 534 libenter

492 575 527 602 et
556 568 715 614 benigne
746 580 851 602 suum
882 568 926 601 ad
959 568 1028 601 hoc
1062 568 1250 602 inclinavit
1282 580 1491 608 assensum,
1523 575 1558 601 et
1591 569 1731 614 primus
1760 569 1897 613 juravit
1920 569 1958 602 in
1983 569 2098 602 forma
2132 568 2307 614 predicta,
2335 568 2373 601 in

492 648 560 680 qua
586 647 822 669 successores
847 636 903 669 sui
931 635 1137 668 cancellarii
1165 635 1210 668 de
1237 642 1358 668 cetero
1382 636 1506 680 jurare
1532 635 1701 668 similiter
1727 635 1961 668 tenebuntur.
1994 635 2101 679 Quod
2129 641 2169 668 ut
2196 641 2311 668 ratum
2338 641 2373 668 et

488 702 633 749 ,firmum
669 708 889 747 permaneat,
916 708 1123 747 presentem
1150 708 1280 734 cartam
1308 701 1513 746 sigillorum
1540 708 1748 735 nostrorum
1775 702 1927 735 fecimus
1955 701 2199 747 impressione
2225 701 2370 734 muniri.

491 769 620 802 Actum
642 781 736 802 anno
758 768 903 801 Domini
924 770 976 801 Μο
998 769 1073 802 CC⁰
1093 768 1261 813 septimo.

585 853 720 885 Originnle
735 853 761 876 in
778 853 855 877 Arch.
870 856 924 876 nat.
940 853 1024 876 Paris.
1046 853 1079 876 M.
1097 854 1160 881 2570,
1181 857 1210 875 n⁰
1230 854 1252 877 2.
1269 853 1369 876 Desunt
1384 854 1435 876 duo
1451 853 1549 884 sigilla,
1571 861 1638 884 quae
1657 853 1720 876 olim
1736 853 1884 877 exstabant.
1899 867 1930 871 —
1944 854 2074 878 Parvum
2088 853 2238 878 Pastorale
2252 853 2279 876 in
2294 853 2372 877 Areh.

491 901 545 921 nat.
562 898 645 921 Paris.
662 898 710 921 LL.
727 898 780 926 176,
797 906 824 929 p.
840 899 894 921 203,
909 898 1050 928 Magnum
1065 898 1221 925 Pastor-ale,
1244 897 1310 920 ibid.
1327 898 1375 921 LL.
1393 898 1446 926 175,
1462 906 1490 929 p.
1506 899 1561 922 600.
1582 898 1666 922 Livre
1682 897 1757 925 noir,
1774 897 1839 921 ibid.
1856 898 1905 922 LL.
1922 898 1975 926 177,
1996 906 2024 929 p.
2044 899 2099 922 276.
2119 898 2243 926 Bulaeus,
2268 898 2312 926 111,
2333 898 2372 921 36.

586 969 608 992 1.
632 969 758 999 Magister
777 968 975 999 Praepositinus
998 977 1044 991 seu
1064 968 1262 999 Praepositivus
1283 968 1381 991 clectus
1401 971 1441 991 est
1460 968 1633 991 cancellarius
1654 968 1812 992 Parisicnsis
1833 968 1903 991 circa
1926 976 2024 991 annum
2045 969 2115 997 1206,
2136 971 2278 1000 postquam
2298 971 2373 992 ante-

491 1021 580 1036 cessor
597 1013 653 1044 ejus
668 1013 818 1036 Bel-nardus
834 1013 948 1036 Chabert
968 1012 1036 1044 (vide
1056 1021 1138 1043 supra
1153 1012 1187 1035 ad
1202 1016 1231 1035 n0
1246 1012 1268 1044 1)
1283 1013 1316 1035 ad
1332 1013 1420 1035 sedem
1440 1012 1618 1044 episcopalem
1634 1013 1831 1036 Gebennensem
1851 1016 1956 1036 evectus
1971 1016 2038 1037 erat.
2053 1013 2105 1036 Iste
2120 1013 2229 1036 ultimus
2244 1016 2285 1036 est
2302 1013 2373 1036 idem

491 1058 557 1089 ipse,
573 1058 605 1080 de
620 1066 671 1089 quo
692 1058 805 1080 liabetur
826 1058 897 1088 apud
920 1056 1054 1080 Albricum
1077 1057 1167 1080 Trium
1190 1057 1311 1080 Fontium
1335 1058 1423 1086 (Mon.
1441 1057 1535 1081 Germ.
1556 1057 1647 1084 XXIII,
1664 1057 1736 1088 887):
1751 1065 1762 1079 a
1778 1057 1950 1085 Bertrannus,
1967 1057 2012 1088 qui
2032 1060 2089 1080 erat
2103 1057 2277 1080 cancellarius
2297 1057 2373 1081 Pari-

492 1102 585 1126 siensis
601 1105 662 1133 post
676 1101 850 1129 pictavinum,
867 1102 951 1124 factus
967 1105 1007 1124 cst
1021 1101 1237 1132 archiepiscopus
1253 1101 1449 1124 Ebu-edunensis
1466 1109 1488 1129 n,
1505 1110 1566 1124 nam
1581 1102 1613 1124 de
1629 1102 1689 1124 sede
1704 1101 1870 1126 Gebennensi
1889 1101 1960 1125 circa
1979 1109 2078 1125 annum
2093 1102 2154 1125 1212
2168 1102 2314 1125 translatus
2333 1105 2374 1126 est

491 1147 524 1170 ad
546 1147 634 1170 sedem
657 1146 879 1170 Ebredunensem.
895 1146 960 1169 Vide
983 1146 1077 1170 Gallia
1097 1146 1194 1170 christ.
1218 1146 1282 1174 XVI,
1304 1146 1359 1169 405.
1380 1146 1409 1168 In
1429 1146 1568 1169 Obituario
1589 1146 1615 1169 S.
1636 1146 1748 1169 Victoris
1768 1145 1867 1177 leg-itur
1887 1146 1919 1169 ad
1939 1146 2026 1177 pridie
2045 1146 2098 1170 kal.
2114 1146 2236 1171 Decemb.
2252 1154 2258 1170 z
2272 1155 2284 1170 t(
2300 1146 2374 1170 Obiit

491 1191 560 1214 dom.
584 1191 734 1214 Bernardus
759 1190 966 1214 Gembennensis
990 1191 1047 1220 (sic)
1071 1190 1221 1221 opiscopus,
1247 1190 1381 1221 quondam
1403 1190 1578 1214 cancellarius
1601 1190 1686 1214 Paris.
1707 1199 1729 1214 ».
1746 1190 1815 1214 Bibl.
1836 1193 1890 1214 nat.
1905 1190 1990 1214 Paris.
2011 1199 2060 1216 ms.
2080 1191 2126 1214 lat.
2148 1191 2234 1220 14673,
2255 1191 2300 1215 fol.
2316 1191 2372 1215 258.

492 1236 520 1258 In
535 1235 645 1258 ecclesia
661 1234 803 1258 Parisiensi
823 1234 879 1266 ejus
895 1234 1106 1258 anniversarium
1126 1234 1311 1258 celebrabatur
1330 1235 1344 1257 2
1363 1243 1425 1258 non.
1440 1235 1511 1258 Maii.
1527 1235 1592 1258 Vide
1607 1235 1736 1263 Gudrard,
1754 1235 1831 1260 Cart.
1844 1236 1878 1260 de
1892 1236 2086 1260 Notre-Dame
2103 1237 2136 1260 de
2158 1236 2252 1264 Paris,
2273 1235 2315 1264 IV,
2331 1236 2372 1260 62-

490 1294 520 1297 —
531 1279 729 1310 Praepositinus
744 1279 927 1303 Cremonensis
943 1280 982 1311 (ut
995 1279 1093 1311 legitur
1108 1279 1135 1302 in
1150 1287 1214 1303 mss.
1231 1279 1356 1307 Oxoniae,
1373 1279 1438 1303 Coll.
1455 1279 1582 1308 univers„
1598 1284 1628 1303 n⁰
1649 1280 1688 1308 61,
1706 1280 1751 1304 sol.
1768 1280 1826 1308 201;
1843 1280 1912 1304 Bibl.
1933 1280 2065 1311 imperial.
2081 1280 2238 1309 Vindobon„
2258 1284 2288 1303 11⁰
2302 1280 2373 1312 1501)

490 1327 546 1348 erat
561 1324 671 1347 celebris
688 1324 836 1355 theologus,
853 1323 928 1356 cujus
944 1324 1067 1348 Summa
1083 1332 1142 1346 cum
1159 1323 1234 1346 initio
1251 1331 1257 1346 ι
1276 1332 1288 1346 (ι
1304 1323 1354 1351 Qui
1370 1324 1494 1355 producit
1508 1327 1600 1347 ventos
1617 1332 1628 1347 »
1645 1324 1671 1347 in
1687 1324 1777 1348 multis
1794 1333 1858 1348 mss.
1874 1327 2055 1348 conservatur.

491 1506 535 1542 7.
562 1515 783 1540 constitutiones
801 1514 911 1540 Gualae
926 1514 1052 1540 Bichieri
1069 1516 1095 1540 S.
1114 1515 1228 1540 Mariae
1245 1515 1273 1540 in
1288 1515 1405 1540 Portica
1421 1514 1539 1540 diaconi
1553 1513 1715 1540 cardinalis
1731 1517 1759 1540 et
1774 1513 1896 1550 apostol.
1914 1513 1994 1540 sedis
2009 1513 2100 1548 legati
2118 1514 2196 1539 circa
2218 1514 2372 1548 magistr-0³

579 1567 607 1589 et
621 1562 768 1589 scholares
783 1563 975 1589 parisienses.

1835 1613 1912 1643 1208,
1928 1612 2083 1647 [Parisiis]

579 1673 755 1707 Volentes
789 1680 921 1715 autem,
953 1681 1125 1719 quantum
1161 1687 1240 1707 cum
1270 1675 1347 1707 Deo
1380 1681 1415 1707 et
1444 1674 1597 1708 honeste
1632 1686 1844 1720 possumus,
1880 1674 2064 1719 magistris
2099 1680 2135 1706 et
2167 1673 2372 1707 scolaribus

490 1741 647 1782 deferre,
676 1747 826 1774 eatenus
857 1753 943 1786 erga
973 1741 1074 1786 ipsos
1104 1741 1282 1786 rigorem,
1315 1741 1345 1774 si
1376 1741 1458 1786 quis
1489 1748 1557 1783 est,
1579 1748 1704 1775 nostre
1731 1741 2004 1774 constitutionis
2035 1741 2205 1774 duximus
2234 1747 2372 1786 tempe-

489 1808 654 1850 randum,
677 1814 729 1850 ut,
751 1814 942 1853 antequam
963 1808 1165 1853 periculum
1187 1799 1573 1842 excommunicationis
1598 1808 1817 1850 incurratur,
1840 1808 2039 1841 admonitio
2064 1807 2286 1853 generaliter
2310 1806 2372 1840 fiat

490 1887 554 1920 per
581 1875 776 1920 magistros
806 1881 842 1908 et
870 1875 1101 1908 comminatio
1128 1875 1514 1908 excommunicationis
1541 1875 1579 1908 in
1604 1882 1911 1921 transgressores.
1939 1874 2082 1918 Quibus
2107 1874 2310 1920 premissis,
2338 1874 2370 1908 si

491 1942 552 1987 qui
581 1942 673 1975 forte
703 1948 936 1975 contumaces
965 1948 1001 1975 et
1030 1941 1188 1975 rebelles
1218 1942 1424 1984 extiterent,
1455 1942 1587 1975 iterum
1617 1948 1653 1975 ct
1684 1942 1896 1975 nominatim
1925 1941 1994 1975 sub
2022 1941 2147 1974 eadem
2173 1941 2372 1974 commina-

493 2009 589 2042 tione
615 2015 651 2041 et
675 2009 711 2041 in
737 2008 848 2042 scolis
874 2015 1101 2050 moneantur,
1129 2008 1267 2042 indulta
1295 2008 1535 2042 nihilominus
1557 2009 1601 2042 ad
1622 2009 1917 2042 satisfaciendum
1940 2008 2113 2041 dilatione
2135 2007 2369 2053 competenti.

491 2075 598 2118 Quod
623 2075 654 2108 si
677 2063 780 2108 sorte·
795 2087 861 2108 nec
887 2075 1005 2108 taliter
1030 2075 1248 2120 resipiscere
1268 2075 1463 2116 voluerint,
1487 2088 1530 2108 ex
1551 2082 1635 2108 tunc
1657 2087 1721 2120 per
1742 2075 2009 2115 cancellarium,
2033 2075 2095 2119 qui
2116 2086 2181 2120 pro
2207 2080 2371 2120 tempore

491 2142 613 2183 fuerit,
636 2142 936 2175 excommunicati
962 2142 1242 2183 denuncientur,
1270 2149 1306 2174 et
1332 2142 1467 2175 tamdiu
1495 2142 1539 2174 ab
1566 2141 1736 2175 omnibus
1763 2142 1956 2183 evitentur,
1985 2141 2101 2174 donec
2127 2141 2372 2174 satisfecerint

492 2215 754 2254 competenter,
781 2215 817 2242 ct
841 2208 884 2242 ab
910 2209 1096 2254 episcopo,
1124 2208 1155 2242 si
1179 2208 1289 2241 fuerit
1313 2220 1480 2254 presens,
1506 2208 1564 2242 vel
1589 2221 1632 2241 eo
1658 2208 1807 2242 absente
1833 2207 1877 2250 ab
1899 2208 2027 2241 abbate
2050 2208 2085 2241 S.
2107 2207 2268 2242 Victoris
2288 2219 2370 2240 cum

491 2276 605 2309 forma
633 2275 788 2308 ecclesie
818 2275 954 2308 suerint
981 2275 1151 2308 absoluti.
1181 2275 1407 2320 Precipimus
1434 2282 1552 2308 autem
1580 2275 1763 2321 magistris
1790 2275 1828 2308 in
1854 2275 1987 2308 virtute
2009 2275 2166 2320 Spiritus
2192 2274 2312 2307 Sancti
2333 2280 2373 2307 ut

494 2342 655 2388 predicta
675 2342 808 2384 omnia,
830 2348 981 2387 excepto
1007 2348 1125 2375 tamen
1151 2342 1381 2375 necessitatis
1402 2341 1622 2375 excusabilis
1643 2341 1807 2383 articulo,
1831 2341 2046 2387 diligentius
2067 2347 2304 2386 exequantur,
2326 2351 2372 2373 ne

494 2421 559 2454 per
579 2409 841 2454 negligentiam
861 2408 919 2442 vel
940 2408 1110 2442 malitiam
1132 2408 1335 2454 aliquorum
1358 2415 1482 2442 nostre
1504 2408 1776 2442 constitutionis
1796 2409 1990 2442 auctoritas
2011 2414 2275 2441 contemnatur.

588 2498 681 2526 Mansi,
703 2499 795 2529 Ampl.
813 2498 913 2523 concil.
930 2498 993 2523 coll.
1010 2498 1086 2526 XXII,
1104 2499 1157 2526 763,
1174 2502 1212 2521 110⁸
1227 2499 1297 2522 8-10.
1312 2512 1343 2516 —
1358 2499 1481 2527 Bulaeus,
1498 2499 1544 2526 111,
1560 2499 1600 2522 44.
1617 2498 1822 2522 Constitutiones
1839 2501 1941 2530 septem
1960 2498 2063 2530 priores
2082 2500 2213 2521 tractant:
2232 2497 2254 2520 1.
2266 2504 2298 2520 ne
2313 2503 2373 2520 cum

495 2543 597 2566 clericis
613 2546 638 2566 ct
653 2543 834 2566 sacerdotibus
850 2543 972 2566 mulieres
988 2546 1195 2571 commorentum
1217 2544 1241 2567 2.
1256 2552 1288 2566 ne
1302 2551 1351 2574 pro
1372 2543 1455 2566 sacris
1475 2543 1576 2575 aliquid
1592 2543 1725 2574 exigatur;
1747 2544 1770 2567 3.
1787 2543 1818 2566 de
1833 2543 1951 2566 vestibus
1968 2543 2148 2571 sacerdotum;
2168 2543 2192 2566 4.
2208 2542 2240 2565 de
2255 2540 2374 2565 vestibus

496 2587 794 2618 archipresbyterorum,
811 2582 1066 2616 archidiaconorum,
1082 2588 1292 2619 prepositorum
1309 2590 1332 2612 5.
1349 2588 1380 2611 de
1395 2588 1514 2611 vestibus
1534 2588 1737 2616 monachorum;
1753 2589 1777 2611 6.
1795 2595 1826 2611 ne
1841 2587 1930 2611 clerici
1950 2590 1976 2610 et
1994 2587 2116 2610 monachi
2136 2587 2227 2610 foenus
2247 2588 2273 2609 et
2291 2593 2375 2616 nego-

496 2631 631 2655 tiationem
651 2631 816 2655 inhonestam
836 2635 984 2660 exerceant;
1007 2633 1030 2656 7.
1047 2635 1075 2655 ut
1095 2632 1192 2663 prelati
1214 2632 1367 2664 supradicta
1389 2632 1530 2656 observent
1552 2635 1577 2656 et
1597 2632 1696 2656 saciant
1716 2632 1862 2661 observari,
1880 2632 1950 2664 quod
1965 2631 2111 2663 capitulum
2127 2629 2259 2662 sequentis
2274 2629 2373 2653 tenoris

498 2679 553 2699 est:
567 2684 578 2698 (ι
594 2676 629 2699 Ut
643 2679 730 2699 autem
750 2676 783 2698 ab
803 2676 924 2699 omnibus
946 2676 971 2699 in
990 2679 1100 2699 tonsura
1119 2680 1145 2699 et
1163 2676 1256 2700 habitu
1275 2680 1300 2700 et
1315 2677 1513 2700 conversatione
1533 2677 1657 2700 honestas
1677 2676 1856 2700 ecclesiastica
1875 2678 2053 2703 conservetur,
2074 2675 2192 2698 districte
2211 2673 2374 2705 precipimus

498 2720 607 2752 prelatis
623 2720 754 2743 universis
770 2720 819 2743 sub
835 2720 1001 2744 attestatione
1016 2720 1098 2743 divini
1110 2720 1204 2752 judicii
1219 2721 1330 2744 firmiter
1345 2721 1512 2752 injungentes
1528 2724 1557 2744 ut
1571 2721 1659 2744 omnia
1675 2720 1830 2752 supradicta
1846 2720 1987 2743 observent
2002 2723 2028 2743 et
2047 2722 2175 2751 quantum
2194 2718 2221 2742 in
2242 2718 2309 2750 ipsis
2324 2717 2375 2741 erit

500 2764 597 2788 faciunt
611 2772 626 2787 a
641 2764 754 2787 subditis
775 2764 917 2787 monitione
936 2764 1067 2795 premissa
1081 2773 1129 2795 per
1143 2773 1282 2788 censuram
1297 2765 1502 2788 ecclesiasticam
1522 2765 1711 2788 inviolabiliter
1730 2764 1867 2788 observari
1883 2772 1906 2787 ».
1922 2763 2020 2787 Deinde
2035 2763 2154 2795 sequitur
2176 2764 2190 2786 8
2209 2762 2355 2794 capitulum
2368 2770 2373 2786 z

500 2809 534 2832 Ut
549 2817 608 2831 cum
623 2808 759 2840 magistris
774 2812 800 2832 et
815 2809 961 2831 scolaribus
977 2811 1072 2840 agatur
1087 2809 1276 2840 indulgentius,
1293 2812 1322 2832 ut
1337 2817 1427 2840 supra.
1445 2810 1473 2832 In
1489 2809 1558 2833 Bibl.
1572 2809 1705 2832 Arsenalis
1716 2808 1801 2832 Paris.
1818 2817 1867 2832 ms.
1885 2809 1930 2832 769
1941 2808 2018 2839 (saec.
2034 2808 2093 2831 XIII
2106 2807 2216 2838 ineunt.)
2230 2815 2302 2835 vero,
2317 2806 2373 2835 uhi,

501 2853 546 2877 sol.
560 2853 626 2882 ssah,
642 2853 794 2876 constitutio
810 2853 908 2877 Gualae
931 2861 990 2876 cum
1014 2853 1063 2876 hac
1082 2853 1306 2884 superscriptione
1322 2861 1327 2876 ι
1347 2862 1358 2876 (1
1374 2853 1470 2884 Incipit
1488 2853 1640 2876 constitutio
1656 2854 1720 2877 Gale
1736 2862 1759 2882 »,
1775 2853 1898 2880 occurrit.
1915 2856 1941 2876 et
1959 2852 1986 2876 in
2001 2852 2070 2876 Bibl.
2086 2855 2140 2876 nat.
2155 2852 2240 2875 Paris.
2262 2859 2312 2874 ms.
2326 2851 2373 2874 lat.

499 2899 570 2926 4653,
584 2898 628 2922 sol.
641 2898 686 2921 120
695 2901 773 2929 (saec.
785 2898 917 2929 le-XV),
930 2897 1024 2920 desunt
1039 2897 1155 2928 capitula
1170 2905 1252 2928 supra
1267 2897 1337 2920 edita
1351 2898 1384 2920 ad
1400 2897 1543 2928 magistros
1559 2900 1584 2921 et
1599 2897 1732 2921 scholares
1749 2897 1911 2921 Parisienses
1927 2897 2086 2928 spectantia;
2102 2899 2164 2928 post
2173 2897 2257 2919 relata
2271 2895 2298 2919 in
2313 2898 2375 2919 notu

502 2942 604 2966 verba«
621 2941 809 2965 inviolabiliter
823 2941 960 2965 observari
975 2950 987 2964 »
1003 2941 1101 2972 legitur
1115 2941 1142 2964 in
1157 2942 1266 2965 Arsam:
1284 2950 1295 2965 «
1311 2941 1458 2973 Explicit».
1474 2942 1502 2965 In
1518 2941 1587 2965 Bibl.
1603 2941 1770 2965 Luudunensi
1788 2950 1837 2965 ms.
1850 2941 1904 2970 157,
1921 2942 1967 2965 sol.
1987 2942 2017 2964 44
2044 2941 2123 2972 (saec.
2139 2940 2227 2971 xum.
2243 2939 2376 2964 invenitur

503 2987 683 3010 tantummodo
698 2986 858 3018 principium
874 2985 1068 3010 constitutionis
1084 2994 1099 3009 a
1116 2994 1127 3009 ι(
1143 2986 1209 3010 Gala
1225 2994 1236 3009 υ
1253 2986 1346 3009 editae.

626 3033 650 3056 9.
