<?xml version="1.0" encoding="UTF-8"?>
<!DOCTYPE html PUBLIC "-//W3C//DTD XHTML 1.0 Transitional//EN"
    "http://www.w3.org/TR/xhtml1/DTD/xhtml1-transitional.dtd">
<html xmlns="http://www.w3.org/1999/xhtml" xml:lang="en" lang="en">
 <head>
  <title>
</title>
<meta http-equiv="Content-Type" content="text/html;charset=utf-8" />
  <meta name='ocr-system' content='tesseract 3.04.00' />
  <meta name='ocr-capabilities' content='ocr_page ocr_carea ocr_par ocr_line ocrx_word'/>
</head>
<body>
  <div class='ocr_page' id='page_1' title='image "./chartulariumuniv01univuoft_0159.png"; bbox 0 0 2580 3528; ppageno 0'>
   <div class='ocr_carea' id='block_1_1' title="bbox 0 0 119 3528">
    <p class='ocr_par' dir='ltr' id='par_1_1' title="bbox 0 0 119 3528">
     <span class='ocr_line' id='line_1_1' title="bbox 0 0 119 3528; baseline 0 0"><span class='ocrx_word' id='word_1_1' title='bbox 0 0 119 3528; x_wconf 95' lang='lat' dir='ltr'> </span> 
     </span>
    </p>
   </div>
   <div class='ocr_carea' id='block_1_2' title="bbox 291 428 2170 469">
    <p class='ocr_par' dir='ltr' id='par_1_2' title="bbox 291 428 2170 469">
     <span class='ocr_line' id='line_1_2' title="bbox 291 428 2170 469; baseline 0.001 -8"><span class='ocrx_word' id='word_1_2' title='bbox 291 428 389 469; x_wconf 84' lang='lat'><strong>1228]</strong></span> <span class='ocrx_word' id='word_1_3' title='bbox 634 437 681 459; x_wconf 69' lang='grc' dir='ltr'>ΑΒ</span> <span class='ocrx_word' id='word_1_4' title='bbox 714 437 823 459; x_wconf 67' lang='lat' dir='ltr'>Anno</span> <span class='ocrx_word' id='word_1_5' title='bbox 856 436 935 459; x_wconf 74' lang='lat' dir='ltr'>nec</span> <span class='ocrx_word' id='word_1_6' title='bbox 969 436 1103 465; x_wconf 71' lang='lat' dir='ltr'>usone</span> <span class='ocrx_word' id='word_1_7' title='bbox 1138 436 1187 458; x_wconf 68' lang='lat' dir='ltr'>AD</span> <span class='ocrx_word' id='word_1_8' title='bbox 1222 437 1454 459; x_wconf 74' lang='grc' dir='ltr'>ΡιιιιιΡΡυΜ</span> <span class='ocrx_word' id='word_1_9' title='bbox 1489 437 1529 459; x_wconf 85' lang='grc' dir='ltr'>ιν</span> <span class='ocrx_word' id='word_1_10' title='bbox 1564 438 1653 459; x_wconf 72' lang='lat' dir='ltr'>nnc.</span> <span class='ocrx_word' id='word_1_11' title='bbox 1692 438 1829 460; x_wconf 60' lang='lat' dir='ltr'>fluxe.</span> <span class='ocrx_word' id='word_1_12' title='bbox 2113 430 2170 463; x_wconf 86' lang='grc'>117</span> 
     </span>
    </p>
   </div>
   <div class='ocr_carea' id='block_1_3' title="bbox 289 509 2171 557">
    <p class='ocr_par' dir='ltr' id='par_1_3' title="bbox 289 509 2171 557">
     <span class='ocr_line' id='line_1_3' title="bbox 289 509 2171 557; baseline 0.001 -13"><span class='ocrx_word' id='word_1_13' title='bbox 289 511 436 557; x_wconf 86' lang='lat' dir='ltr'>expedit</span> <span class='ocrx_word' id='word_1_14' title='bbox 455 510 691 556; x_wconf 78' lang='lat' dir='ltr'>presentibus</span> <span class='ocrx_word' id='word_1_15' title='bbox 712 510 890 552; x_wconf 89' lang='lat' dir='ltr'>inserere,</span> <span class='ocrx_word' id='word_1_16' title='bbox 912 509 1036 543; x_wconf 75' lang='lat' dir='ltr'>habito</span> <span class='ocrx_word' id='word_1_17' title='bbox 1057 509 1238 543; x_wconf 88' lang='lat' dir='ltr'>bonorum</span> <span class='ocrx_word' id='word_1_18' title='bbox 1258 510 1420 543; x_wconf 90' lang='lat' dir='ltr'>virorum</span> <span class='ocrx_word' id='word_1_19' title='bbox 1442 510 1613 552; x_wconf 84' lang='lat' dir='ltr'>consilio,</span> <span class='ocrx_word' id='word_1_20' title='bbox 1631 511 1801 544; x_wconf 90' lang='lat' dir='ltr'>duximus</span> <span class='ocrx_word' id='word_1_21' title='bbox 1823 512 2024 544; x_wconf 84' lang='lat' dir='ltr'>statuenda.</span> <span class='ocrx_word' id='word_1_22' title='bbox 2043 513 2171 545; x_wconf 73' lang='lat' dir='ltr'>Actum</span> 
     </span>
    </p>
   </div>
   <div class='ocr_carea' id='block_1_4' title="bbox 287 577 1264 618">
    <p class='ocr_par' dir='ltr' id='par_1_4' title="bbox 287 577 1264 618">
     <span class='ocr_line' id='line_1_4' title="bbox 287 577 1264 618; baseline -0.001 -7"><span class='ocrx_word' id='word_1_23' title='bbox 287 590 383 612; x_wconf 88' lang='lat' dir='ltr'>anno</span> <span class='ocrx_word' id='word_1_24' title='bbox 403 577 550 611; x_wconf 85' lang='lat' dir='ltr'>Domini</span> <span class='ocrx_word' id='word_1_25' title='bbox 571 577 669 611; x_wconf 90' lang='lat' dir='ltr'>MCC</span> <span class='ocrx_word' id='word_1_26' title='bbox 690 577 865 611; x_wconf 87' lang='lat' dir='ltr'>vicesimo</span> <span class='ocrx_word' id='word_1_27' title='bbox 885 578 986 618; x_wconf 89' lang='lat' dir='ltr'>Vlll,</span> <span class='ocrx_word' id='word_1_28' title='bbox 1007 589 1134 610; x_wconf 89' lang='lat' dir='ltr'>mense</span> <span class='ocrx_word' id='word_1_29' title='bbox 1154 577 1264 610; x_wconf 89' lang='lat' dir='ltr'>Julio.</span> 
     </span>
    </p>
   </div>
   <div class='ocr_carea' id='block_1_5' title="bbox 285 675 2170 748">
    <p class='ocr_par' dir='ltr' id='par_1_5' title="bbox 285 675 2170 748">
     <span class='ocr_line' id='line_1_5' title="bbox 379 675 2170 707; baseline 0 -7"><span class='ocrx_word' id='word_1_30' title='bbox 379 676 463 700; x_wconf 71' lang='lat' dir='ltr'>Livre</span> <span class='ocrx_word' id='word_1_31' title='bbox 479 675 545 700; x_wconf 78' lang='lat' dir='ltr'>noir</span> <span class='ocrx_word' id='word_1_32' title='bbox 559 675 586 699; x_wconf 88' lang='lat' dir='ltr'>in</span> <span class='ocrx_word' id='word_1_33' title='bbox 601 675 678 699; x_wconf 77' lang='lat' dir='ltr'>Arch.</span> <span class='ocrx_word' id='word_1_34' title='bbox 694 678 747 698; x_wconf 83' lang='lat' dir='ltr'>nat.</span> <span class='ocrx_word' id='word_1_35' title='bbox 764 675 848 699; x_wconf 77' lang='lat' dir='ltr'>Paris.</span> <span class='ocrx_word' id='word_1_36' title='bbox 866 675 915 699; x_wconf 82' lang='lat' dir='ltr'>LI..</span> <span class='ocrx_word' id='word_1_37' title='bbox 932 675 986 703; x_wconf 91' lang='grc'>177,</span> <span class='ocrx_word' id='word_1_38' title='bbox 1002 683 1028 706; x_wconf 86' lang='lat' dir='ltr'>p.</span> <span class='ocrx_word' id='word_1_39' title='bbox 1046 676 1100 698; x_wconf 73' lang='lat'><strong>323.</strong></span> <span class='ocrx_word' id='word_1_40' title='bbox 1117 675 1146 698; x_wconf 88' lang='lat' dir='ltr'>ln</span> <span class='ocrx_word' id='word_1_41' title='bbox 1162 675 1257 699; x_wconf 79' lang='lat' dir='ltr'>Parvo</span> <span class='ocrx_word' id='word_1_42' title='bbox 1271 675 1427 703; x_wconf 77' lang='lat' dir='ltr'>Pastorali,</span> <span class='ocrx_word' id='word_1_43' title='bbox 1445 675 1493 699; x_wconf 82' lang='lat' dir='ltr'>LL.</span> <span class='ocrx_word' id='word_1_44' title='bbox 1511 675 1566 704; x_wconf 81' lang='lat'>176,</span> <span class='ocrx_word' id='word_1_45' title='bbox 1582 684 1608 707; x_wconf 90' lang='lat' dir='ltr'>p.</span> <span class='ocrx_word' id='word_1_46' title='bbox 1626 676 1680 704; x_wconf 72' lang='lat'>211,</span> <span class='ocrx_word' id='word_1_47' title='bbox 1697 676 1879 699; x_wconf 78' lang='lat' dir='ltr'>tantummodo</span> <span class='ocrx_word' id='word_1_48' title='bbox 1900 676 2015 699; x_wconf 71' lang='lat' dir='ltr'>breviter</span> <span class='ocrx_word' id='word_1_49' title='bbox 2031 676 2170 701; x_wconf 81' lang='lat' dir='ltr'>indicatur.</span> 
     </span>
     <span class='ocr_line' id='line_1_6' title="bbox 285 719 1072 748; baseline -0.003 -4"><span class='ocrx_word' id='word_1_50' title='bbox 285 733 316 738; x_wconf 93' lang='lat'>——</span> <span class='ocrx_word' id='word_1_51' title='bbox 331 719 460 748; x_wconf 70' lang='lat' dir='ltr'>Guerard,</span> <span class='ocrx_word' id='word_1_52' title='bbox 478 721 554 745; x_wconf 82' lang='lat' dir='ltr'>Cart.</span> <span class='ocrx_word' id='word_1_53' title='bbox 567 720 600 744; x_wconf 81' lang='lat' dir='ltr'>de</span> <span class='ocrx_word' id='word_1_54' title='bbox 615 720 806 745; x_wconf 71' lang='lat' dir='ltr'>Nota-e-Dame</span> <span class='ocrx_word' id='word_1_55' title='bbox 819 721 853 744; x_wconf 85' lang='lat' dir='ltr'>de</span> <span class='ocrx_word' id='word_1_56' title='bbox 869 720 964 747; x_wconf 80' lang='lat' dir='ltr'>Paris,</span> <span class='ocrx_word' id='word_1_57' title='bbox 982 720 1001 747; x_wconf 88' lang='lat'>1,</span> <span class='ocrx_word' id='word_1_58' title='bbox 1018 720 1072 743; x_wconf 80' lang='lat'>350.</span> 
     </span>
    </p>
   </div>
   <div class='ocr_carea' id='block_1_6' title="bbox 285 803 2172 925">
    <p class='ocr_par' dir='ltr' id='par_1_6' title="bbox 285 803 2172 925">
     <span class='ocr_line' id='line_1_7' title="bbox 381 803 2172 835; baseline 0 -7"><span class='ocrx_word' id='word_1_59' title='bbox 381 804 403 828; x_wconf 86' lang='lat'>1.</span> <span class='ocrx_word' id='word_1_60' title='bbox 419 804 622 828; x_wconf 62' lang='lat' dir='ltr'>Bau-tholomaeo</span> <span class='ocrx_word' id='word_1_61' title='bbox 638 804 668 828; x_wconf 85' lang='lat'>19</span> <span class='ocrx_word' id='word_1_62' title='bbox 686 803 743 828; x_wconf 72' lang='lat' dir='ltr'>oct.</span> <span class='ocrx_word' id='word_1_63' title='bbox 765 804 826 827; x_wconf 80' lang='lat'>1227</span> <span class='ocrx_word' id='word_1_64' title='bbox 846 806 950 827; x_wconf 84' lang='lat' dir='ltr'>mortuo</span> <span class='ocrx_word' id='word_1_65' title='bbox 972 803 1117 835; x_wconf 79' lang='lat' dir='ltr'>Gregorius</span> <span class='ocrx_word' id='word_1_66' title='bbox 1139 804 1172 827; x_wconf 88' lang='lat' dir='ltr'>lx</span> <span class='ocrx_word' id='word_1_67' title='bbox 1195 803 1324 827; x_wconf 75' lang='lat' dir='ltr'>celebrem</span> <span class='ocrx_word' id='word_1_68' title='bbox 1348 803 1507 835; x_wconf 75' lang='lat' dir='ltr'>magistrum</span> <span class='ocrx_word' id='word_1_69' title='bbox 1529 804 1700 828; x_wconf 82' lang='lat' dir='ltr'>Guillelmnm</span> <span class='ocrx_word' id='word_1_70' title='bbox 1718 805 1873 832; x_wconf 78' lang='lat' dir='ltr'>Arvernum,</span> <span class='ocrx_word' id='word_1_71' title='bbox 1892 814 1903 827; x_wconf 86' lang='lat'>«</span> <span class='ocrx_word' id='word_1_72' title='bbox 1925 805 2011 828; x_wconf 86' lang='lat' dir='ltr'>virum</span> <span class='ocrx_word' id='word_1_73' title='bbox 2032 805 2172 828; x_wconf 81' lang='lat' dir='ltr'>eminentis</span> 
     </span>
     <span class='ocr_line' id='line_1_8' title="bbox 285 847 2170 881; baseline 0.001 -9"><span class='ocrx_word' id='word_1_74' title='bbox 285 848 403 878; x_wconf 78' lang='lat' dir='ltr'>scientie,</span> <span class='ocrx_word' id='word_1_75' title='bbox 422 848 476 872; x_wconf 80' lang='lat' dir='ltr'>vite</span> <span class='ocrx_word' id='word_1_76' title='bbox 494 857 524 872; x_wconf 82' lang='lat' dir='ltr'>ac</span> <span class='ocrx_word' id='word_1_77' title='bbox 546 848 755 872; x_wconf 76' lang='lat' dir='ltr'>conversationis</span> <span class='ocrx_word' id='word_1_78' title='bbox 776 848 885 872; x_wconf 77' lang='lat' dir='ltr'>honeste</span> <span class='ocrx_word' id='word_1_79' title='bbox 904 856 935 871; x_wconf 84' lang='lat' dir='ltr'>ac</span> <span class='ocrx_word' id='word_1_80' title='bbox 954 847 1087 880; x_wconf 77' lang='lat' dir='ltr'>opinionis</span> <span class='ocrx_word' id='word_1_81' title='bbox 1107 848 1227 879; x_wconf 75' lang='lat' dir='ltr'>preclare</span> <span class='ocrx_word' id='word_1_82' title='bbox 1247 856 1269 876; x_wconf 80' lang='grc'>1),</span> <span class='ocrx_word' id='word_1_83' title='bbox 1287 848 1316 871; x_wconf 89' lang='grc'>10</span> <span class='ocrx_word' id='word_1_84' title='bbox 1334 848 1417 879; x_wconf 77' lang='lat' dir='ltr'>April.</span> <span class='ocrx_word' id='word_1_85' title='bbox 1440 849 1510 876; x_wconf 77' lang='lat'>1228,</span> <span class='ocrx_word' id='word_1_86' title='bbox 1526 849 1652 872; x_wconf 79' lang='lat' dir='ltr'>ecclesiae</span> <span class='ocrx_word' id='word_1_87' title='bbox 1672 849 1816 872; x_wconf 81' lang='lat' dir='ltr'>Purisiensi</span> <span class='ocrx_word' id='word_1_88' title='bbox 1836 849 1863 872; x_wconf 90' lang='lat' dir='ltr'>in</span> <span class='ocrx_word' id='word_1_89' title='bbox 1884 849 2029 872; x_wconf 75' lang='lat' dir='ltr'>antistitem</span> <span class='ocrx_word' id='word_1_90' title='bbox 2045 850 2170 881; x_wconf 76' lang='lat' dir='ltr'>providit,</span> 
     </span>
     <span class='ocr_line' id='line_1_9' title="bbox 285 892 2172 925; baseline 0.001 -8"><span class='ocrx_word' id='word_1_91' title='bbox 285 897 312 917; x_wconf 75' lang='lat' dir='ltr'>et</span> <span class='ocrx_word' id='word_1_92' title='bbox 334 893 361 917; x_wconf 87' lang='lat' dir='ltr'>in</span> <span class='ocrx_word' id='word_1_93' title='bbox 386 893 549 917; x_wconf 69' lang='lat' dir='ltr'>sacerdotem</span> <span class='ocrx_word' id='word_1_94' title='bbox 572 893 723 917; x_wconf 79' lang='lat' dir='ltr'>ordinatum</span> <span class='ocrx_word' id='word_1_95' title='bbox 746 896 826 924; x_wconf 79' lang='lat' dir='ltr'>atque</span> <span class='ocrx_word' id='word_1_96' title='bbox 840 893 867 916; x_wconf 88' lang='lat' dir='ltr'>in</span> <span class='ocrx_word' id='word_1_97' title='bbox 889 893 1045 925; x_wconf 84' lang='lat' dir='ltr'>episcopum</span> <span class='ocrx_word' id='word_1_98' title='bbox 1069 896 1253 916; x_wconf 80' lang='lat' dir='ltr'>consecratum</span> <span class='ocrx_word' id='word_1_99' title='bbox 1273 892 1390 916; x_wconf 77' lang='lat' dir='ltr'>Parisios</span> <span class='ocrx_word' id='word_1_100' title='bbox 1415 893 1496 917; x_wconf 85' lang='lat' dir='ltr'>misit.</span> <span class='ocrx_word' id='word_1_101' title='bbox 1520 894 1582 925; x_wconf 78' lang='lat' dir='ltr'>Reg.</span> <span class='ocrx_word' id='word_1_102' title='bbox 1602 894 1658 917; x_wconf 86' lang='lat' dir='ltr'>Vnt.</span> <span class='ocrx_word' id='word_1_103' title='bbox 1672 894 1751 925; x_wconf 82' lang='lat' dir='ltr'>Greg.</span> <span class='ocrx_word' id='word_1_104' title='bbox 1769 894 1802 917; x_wconf 82' lang='lat' dir='ltr'>lx</span> <span class='ocrx_word' id='word_1_105' title='bbox 1817 902 1860 917; x_wconf 85' lang='lat' dir='ltr'>nn.</span> <span class='ocrx_word' id='word_1_106' title='bbox 1878 895 1900 922; x_wconf 78' lang='lat'>2,</span> <span class='ocrx_word' id='word_1_107' title='bbox 1921 902 1962 925; x_wconf 84' lang='lat' dir='ltr'>ep.</span> <span class='ocrx_word' id='word_1_108' title='bbox 1980 895 2002 918; x_wconf 86' lang='lat'>8.</span> <span class='ocrx_word' id='word_1_109' title='bbox 2020 894 2128 919; x_wconf 75' lang='lat' dir='ltr'>Notices</span> <span class='ocrx_word' id='word_1_110' title='bbox 2147 899 2172 918; x_wconf 76' lang='lat' dir='ltr'>et</span> 
     </span>
    </p>
   </div>
   <div class='ocr_carea' id='block_1_7' title="bbox 284 938 786 970">
    <p class='ocr_par' dir='ltr' id='par_1_7' title="bbox 284 938 786 970">
     <span class='ocr_line' id='line_1_10' title="bbox 284 938 786 970; baseline -0.004 -7"><span class='ocrx_word' id='word_1_111' title='bbox 284 939 404 963; x_wconf 75' lang='lat' dir='ltr'>eoetraits</span> <span class='ocrx_word' id='word_1_112' title='bbox 419 939 465 963; x_wconf 78' lang='lat' dir='ltr'>des</span> <span class='ocrx_word' id='word_1_113' title='bbox 474 945 549 967; x_wconf 65' lang='lat' dir='ltr'>mss„</span> <span class='ocrx_word' id='word_1_114' title='bbox 566 938 631 966; x_wconf 81' lang='lat' dir='ltr'>xxt,</span> <span class='ocrx_word' id='word_1_115' title='bbox 648 939 671 966; x_wconf 83' lang='lat'>2,</span> <span class='ocrx_word' id='word_1_116' title='bbox 687 947 713 970; x_wconf 90' lang='lat' dir='ltr'>p.</span> <span class='ocrx_word' id='word_1_117' title='bbox 731 939 786 962; x_wconf 75' lang='lat'>206.</span> 
     </span>
    </p>
   </div>
   <div class='ocr_carea' id='block_1_8' title="bbox 285 1112 2171 1257">
    <p class='ocr_par' dir='ltr' id='par_1_8' title="bbox 285 1112 2171 1257">
     <span class='ocr_line' id='line_1_11' title="bbox 285 1112 2171 1158; baseline -0.001 -8"><span class='ocrx_word' id='word_1_118' title='bbox 285 1112 365 1150; x_wconf 80' lang='grc'>61.</span> <span class='ocrx_word' id='word_1_119' title='bbox 388 1121 531 1148; x_wconf 68' lang='grc' dir='ltr'><em>Ηειινίειιε</em></span> <span class='ocrx_word' id='word_1_120' title='bbox 545 1121 782 1158; x_wconf 73' lang='lat' dir='ltr'>archiepiscopus</span> <span class='ocrx_word' id='word_1_121' title='bbox 797 1121 954 1154; x_wconf 79' lang='lat' dir='ltr'>Remensis,</span> <span class='ocrx_word' id='word_1_122' title='bbox 972 1120 1068 1147; x_wconf 84' lang='lat' dir='ltr'>Adam</span> <span class='ocrx_word' id='word_1_123' title='bbox 1087 1121 1240 1157; x_wconf 76' lang='lat' dir='ltr'>episcopus</span> <span class='ocrx_word' id='word_1_124' title='bbox 1262 1120 1493 1156; x_wconf 80' lang='lat' dir='ltr'>Silvanectensis,</span> <span class='ocrx_word' id='word_1_125' title='bbox 1511 1122 1651 1156; x_wconf 76' lang='lat' dir='ltr'>magister</span> <span class='ocrx_word' id='word_1_126' title='bbox 1671 1121 1816 1148; x_wconf 83' lang='lat' dir='ltr'>Iohannes</span> <span class='ocrx_word' id='word_1_127' title='bbox 1837 1122 1966 1148; x_wconf 78' lang='lat' dir='ltr'>decanus</span> <span class='ocrx_word' id='word_1_128' title='bbox 1987 1124 2014 1148; x_wconf 88' lang='lat' dir='ltr'>S.</span> <span class='ocrx_word' id='word_1_129' title='bbox 2041 1123 2171 1156; x_wconf 81' lang='lat' dir='ltr'>Quintini</span> 
     </span>
     <span class='ocr_line' id='line_1_12' title="bbox 374 1169 2169 1206; baseline 0.001 -10"><span class='ocrx_word' id='word_1_130' title='bbox 374 1171 574 1197; x_wconf 80' lang='lat' dir='ltr'>transmittunt</span> <span class='ocrx_word' id='word_1_131' title='bbox 601 1170 750 1206; x_wconf 75' lang='lat' dir='ltr'>magistris</span> <span class='ocrx_word' id='word_1_132' title='bbox 773 1170 916 1205; x_wconf 72' lang='lat' dir='ltr'>Aniengo,</span> <span class='ocrx_word' id='word_1_133' title='bbox 940 1170 1047 1196; x_wconf 75' lang='lat' dir='ltr'>Iacobo</span> <span class='ocrx_word' id='word_1_134' title='bbox 1069 1169 1106 1196; x_wconf 84' lang='lat' dir='ltr'>de</span> <span class='ocrx_word' id='word_1_135' title='bbox 1128 1170 1247 1205; x_wconf 79' lang='lat' dir='ltr'>Dinant,</span> <span class='ocrx_word' id='word_1_136' title='bbox 1273 1169 1399 1196; x_wconf 77' lang='lat' dir='ltr'>Iohanni</span> <span class='ocrx_word' id='word_1_137' title='bbox 1426 1170 1462 1196; x_wconf 86' lang='lat' dir='ltr'>de</span> <span class='ocrx_word' id='word_1_138' title='bbox 1489 1169 1615 1196; x_wconf 85' lang='lat' dir='ltr'>Cadumo</span> <span class='ocrx_word' id='word_1_139' title='bbox 1634 1170 1761 1196; x_wconf 82' lang='lat' dir='ltr'>Parisiis</span> <span class='ocrx_word' id='word_1_140' title='bbox 1785 1171 2028 1198; x_wconf 75' lang='lat' dir='ltr'>commorantibus</span> <span class='ocrx_word' id='word_1_141' title='bbox 2053 1171 2169 1198; x_wconf 77' lang='lat' dir='ltr'>litteras</span> 
     </span>
     <span class='ocr_line' id='line_1_13' title="bbox 375 1219 2170 1257; baseline 0.001 -11"><span class='ocrx_word' id='word_1_142' title='bbox 375 1220 504 1255; x_wconf 75' lang='lat' dir='ltr'>Gregorii</span> <span class='ocrx_word' id='word_1_143' title='bbox 532 1221 577 1246; x_wconf 86' lang='lat' dir='ltr'>IX</span> <span class='ocrx_word' id='word_1_144' title='bbox 600 1223 760 1246; x_wconf 74' lang='lat' dir='ltr'>tractantes</span> <span class='ocrx_word' id='word_1_145' title='bbox 789 1219 1021 1256; x_wconf 74' lang='lat' dir='ltr'>compositionem</span> <span class='ocrx_word' id='word_1_146' title='bbox 1050 1219 1125 1245; x_wconf 83' lang='lat' dir='ltr'>inter</span> <span class='ocrx_word' id='word_1_147' title='bbox 1153 1219 1308 1254; x_wconf 78' lang='lat' dir='ltr'>magistros</span> <span class='ocrx_word' id='word_1_148' title='bbox 1336 1223 1364 1246; x_wconf 86' lang='lat' dir='ltr'>et</span> <span class='ocrx_word' id='word_1_149' title='bbox 1392 1219 1558 1256; x_wconf 79' lang='lat' dir='ltr'>episcopum</span> <span class='ocrx_word' id='word_1_150' title='bbox 1586 1228 1622 1245; x_wconf 87' lang='lat' dir='ltr'>ac</span> <span class='ocrx_word' id='word_1_151' title='bbox 1650 1219 1857 1246; x_wconf 78' lang='lat' dir='ltr'>cancellarium</span> <span class='ocrx_word' id='word_1_152' title='bbox 1885 1223 2006 1255; x_wconf 79' lang='lat' dir='ltr'>factam,</span> <span class='ocrx_word' id='word_1_153' title='bbox 2033 1221 2170 1257; x_wconf 80' lang='lat' dir='ltr'>ipsosque</span> 
     </span>
    </p>
   </div>
   <div class='ocr_carea' id='block_1_9' title="bbox 373 1269 1880 1360">
    <p class='ocr_par' dir='ltr' id='par_1_9' title="bbox 373 1269 1880 1360">
     <span class='ocr_line' id='line_1_14' title="bbox 373 1269 756 1295; baseline -0.003 0"><span class='ocrx_word' id='word_1_154' title='bbox 373 1272 556 1295; x_wconf 77' lang='lat' dir='ltr'>exsecutores</span> <span class='ocrx_word' id='word_1_155' title='bbox 570 1269 756 1295; x_wconf 76' lang='lat' dir='ltr'>constituunt.</span> 
     </span>
     <span class='ocr_line' id='line_1_15' title="bbox 1404 1326 1880 1360; baseline 0.004 -8"><span class='ocrx_word' id='word_1_156' title='bbox 1404 1327 1484 1356; x_wconf 82' lang='grc'><strong>1228,</strong></span> <span class='ocrx_word' id='word_1_157' title='bbox 1499 1326 1610 1360; x_wconf 65' lang='lat' dir='ltr'>Augusti</span> <span class='ocrx_word' id='word_1_158' title='bbox 1620 1328 1646 1357; x_wconf 82' lang='lat'>3,</span> <span class='ocrx_word' id='word_1_159' title='bbox 1664 1327 1755 1353; x_wconf 77' lang='lat' dir='ltr'>Sancti</span> <span class='ocrx_word' id='word_1_160' title='bbox 1766 1328 1880 1356; x_wconf 69' lang='lat' dir='ltr'>Quintius.</span> 
     </span>
    </p>
   </div>
   <div class='ocr_carea' id='block_1_10' title="bbox 276 1409 2169 2458">
    <p class='ocr_par' dir='ltr' id='par_1_10' title="bbox 276 1409 2169 2458">
     <span class='ocr_line' id='line_1_16' title="bbox 373 1409 2169 1456; baseline 0.001 -12"><span class='ocrx_word' id='word_1_161' title='bbox 373 1410 553 1444; x_wconf 90' lang='lat' dir='ltr'>Henricus</span> <span class='ocrx_word' id='word_1_162' title='bbox 583 1410 649 1443; x_wconf 94' lang='lat' dir='ltr'>Dei</span> <span class='ocrx_word' id='word_1_163' title='bbox 679 1410 793 1456; x_wconf 86' lang='lat' dir='ltr'>gratia</span> <span class='ocrx_word' id='word_1_164' title='bbox 824 1409 1017 1443; x_wconf 85' lang='lat' dir='ltr'>Remensis</span> <span class='ocrx_word' id='word_1_165' title='bbox 1046 1409 1347 1455; x_wconf 76' lang='lat' dir='ltr'>archiepiscopus</span> <span class='ocrx_word' id='word_1_166' title='bbox 1377 1416 1414 1443; x_wconf 86' lang='lat' dir='ltr'>et</span> <span class='ocrx_word' id='word_1_167' title='bbox 1442 1410 1484 1442; x_wconf 92' lang='lat' dir='ltr'>A.</span> <span class='ocrx_word' id='word_1_168' title='bbox 1516 1410 1680 1455; x_wconf 87' lang='lat' dir='ltr'>ejusdem</span> <span class='ocrx_word' id='word_1_169' title='bbox 1713 1411 1956 1456; x_wconf 84' lang='lat' dir='ltr'>permissione</span> <span class='ocrx_word' id='word_1_170' title='bbox 1985 1411 2169 1446; x_wconf 81' lang='lat' dir='ltr'>Silvanec-</span> 
     </span>
     <span class='ocr_line' id='line_1_17' title="bbox 282 1476 2168 1523; baseline 0.001 -12"><span class='ocrx_word' id='word_1_171' title='bbox 282 1477 398 1511; x_wconf 89' lang='lat' dir='ltr'>tensis</span> <span class='ocrx_word' id='word_1_172' title='bbox 432 1477 630 1523; x_wconf 89' lang='lat' dir='ltr'>episcopus</span> <span class='ocrx_word' id='word_1_173' title='bbox 663 1483 700 1510; x_wconf 88' lang='lat' dir='ltr'>et</span> <span class='ocrx_word' id='word_1_174' title='bbox 732 1476 907 1522; x_wconf 85' lang='lat' dir='ltr'>magister</span> <span class='ocrx_word' id='word_1_175' title='bbox 941 1478 972 1510; x_wconf 86' lang='lat' dir='ltr'>J.</span> <span class='ocrx_word' id='word_1_176' title='bbox 1009 1476 1170 1510; x_wconf 90' lang='lat' dir='ltr'>decanus</span> <span class='ocrx_word' id='word_1_177' title='bbox 1208 1476 1328 1510; x_wconf 84' lang='lat' dir='ltr'>Sancti</span> <span class='ocrx_word' id='word_1_178' title='bbox 1369 1476 1535 1519; x_wconf 88' lang='lat' dir='ltr'>Quintini</span> <span class='ocrx_word' id='word_1_179' title='bbox 1574 1477 1832 1510; x_wconf 88' lang='lat' dir='ltr'>Noviomensis</span> <span class='ocrx_word' id='word_1_180' title='bbox 1871 1478 2040 1523; x_wconf 78' lang='lat' dir='ltr'>dyocesis</span> <span class='ocrx_word' id='word_1_181' title='bbox 2078 1479 2168 1512; x_wconf 90' lang='lat' dir='ltr'>viris</span> 
     </span>
     <span class='ocr_line' id='line_1_18' title="bbox 280 1542 2166 1588; baseline 0.001 -10"><span class='ocrx_word' id='word_1_182' title='bbox 280 1544 451 1578; x_wconf 87' lang='lat' dir='ltr'>discretis</span> <span class='ocrx_word' id='word_1_183' title='bbox 485 1550 522 1578; x_wconf 82' lang='lat' dir='ltr'>et</span> <span class='ocrx_word' id='word_1_184' title='bbox 554 1544 591 1577; x_wconf 93' lang='lat' dir='ltr'>in</span> <span class='ocrx_word' id='word_1_185' title='bbox 626 1543 774 1578; x_wconf 90' lang='lat' dir='ltr'>Christo</span> <span class='ocrx_word' id='word_1_186' title='bbox 809 1543 1013 1576; x_wconf 83' lang='lat' dir='ltr'>karissimis</span> <span class='ocrx_word' id='word_1_187' title='bbox 1047 1542 1234 1588; x_wconf 81' lang='lat' dir='ltr'>magistris</span> <span class='ocrx_word' id='word_1_188' title='bbox 1275 1543 1448 1576; x_wconf 87' lang='lat' dir='ltr'>Ardenc.⁴</span> <span class='ocrx_word' id='word_1_189' title='bbox 1489 1543 1678 1588; x_wconf 85' lang='lat' dir='ltr'>Legiensi,</span> <span class='ocrx_word' id='word_1_190' title='bbox 1715 1550 1751 1577; x_wconf 87' lang='lat' dir='ltr'>et</span> <span class='ocrx_word' id='word_1_191' title='bbox 1783 1544 1918 1578; x_wconf 89' lang='lat' dir='ltr'>Jacobo</span> <span class='ocrx_word' id='word_1_192' title='bbox 1955 1545 2000 1578; x_wconf 88' lang='lat' dir='ltr'>de</span> <span class='ocrx_word' id='word_1_193' title='bbox 2035 1546 2166 1579; x_wconf 90' lang='lat' dir='ltr'>Dinant</span> 
     </span>
     <span class='ocr_line' id='line_1_19' title="bbox 281 1609 2164 1645; baseline 0.001 -1"><span class='ocrx_word' id='word_1_194' title='bbox 281 1611 532 1645; x_wconf 84' lang='lat' dir='ltr'>Laudunensi&#39;</span> <span class='ocrx_word' id='word_1_195' title='bbox 554 1617 591 1644; x_wconf 87' lang='lat' dir='ltr'>et</span> <span class='ocrx_word' id='word_1_196' title='bbox 613 1610 769 1644; x_wconf 84' lang='lat' dir='ltr'>Johanni</span> <span class='ocrx_word' id='word_1_197' title='bbox 795 1610 840 1644; x_wconf 93' lang='lat' dir='ltr'>de</span> <span class='ocrx_word' id='word_1_198' title='bbox 860 1609 1024 1644; x_wconf 85' lang='lat' dir='ltr'>Cadumo</span> <span class='ocrx_word' id='word_1_199' title='bbox 1045 1609 1261 1643; x_wconf 87' lang='lat' dir='ltr'>Belvacensi</span> <span class='ocrx_word' id='word_1_200' title='bbox 1286 1610 1474 1643; x_wconf 89' lang='lat' dir='ltr'>canonicis</span> <span class='ocrx_word' id='word_1_201' title='bbox 1494 1610 1656 1644; x_wconf 87' lang='lat' dir='ltr'>Parisius</span> <span class='ocrx_word' id='word_1_202' title='bbox 1681 1611 1992 1644; x_wconf 86' lang='lat' dir='ltr'>commorantibus</span> <span class='ocrx_word' id='word_1_203' title='bbox 2013 1611 2164 1645; x_wconf 87' lang='lat' dir='ltr'>salutem</span> 
     </span>
     <span class='ocr_line' id='line_1_20' title="bbox 280 1676 2167 1725; baseline 0.001 -14"><span class='ocrx_word' id='word_1_204' title='bbox 280 1684 317 1712; x_wconf 84' lang='lat' dir='ltr'>et</span> <span class='ocrx_word' id='word_1_205' title='bbox 336 1677 480 1712; x_wconf 88' lang='lat' dir='ltr'>sincere</span> <span class='ocrx_word' id='word_1_206' title='bbox 510 1677 720 1711; x_wconf 80' lang='lat' dir='ltr'>dilectionis</span> <span class='ocrx_word' id='word_1_207' title='bbox 747 1677 928 1711; x_wconf 85' lang='lat' dir='ltr'>affectum.</span> <span class='ocrx_word' id='word_1_208' title='bbox 956 1676 1164 1710; x_wconf 85' lang='lat' dir='ltr'>Mandatum</span> <span class='ocrx_word' id='word_1_209' title='bbox 1190 1676 1329 1710; x_wconf 90' lang='lat' dir='ltr'>domini</span> <span class='ocrx_word' id='word_1_210' title='bbox 1355 1688 1447 1722; x_wconf 90' lang='lat' dir='ltr'>pape</span> <span class='ocrx_word' id='word_1_211' title='bbox 1473 1677 1680 1722; x_wconf 88' lang='lat' dir='ltr'>recepimus</span> <span class='ocrx_word' id='word_1_212' title='bbox 1702 1677 1771 1710; x_wconf 91' lang='lat' dir='ltr'>sub</span> <span class='ocrx_word' id='word_1_213' title='bbox 1792 1677 1857 1711; x_wconf 87' lang='lat' dir='ltr'>hac</span> <span class='ocrx_word' id='word_1_214' title='bbox 1878 1678 2167 1725; x_wconf 86' lang='lat' dir='ltr'>sorma:Grego·</span> 
     </span>
     <span class='ocr_line' id='line_1_21' title="bbox 280 1743 2164 1791; baseline 0.001 -13"><span class='ocrx_word' id='word_1_215' title='bbox 280 1745 358 1779; x_wconf 88' lang='lat' dir='ltr'>rius</span> <span class='ocrx_word' id='word_1_216' title='bbox 385 1745 583 1791; x_wconf 88' lang='lat' dir='ltr'>episcopus</span> <span class='ocrx_word' id='word_1_217' title='bbox 617 1756 748 1778; x_wconf 87' lang='lat' dir='ltr'>servus</span> <span class='ocrx_word' id='word_1_218' title='bbox 783 1756 973 1778; x_wconf 86' lang='lat' dir='ltr'>servorum</span> <span class='ocrx_word' id='word_1_219' title='bbox 1011 1744 1078 1777; x_wconf 89' lang='lat' dir='ltr'>Dei</span> <span class='ocrx_word' id='word_1_220' title='bbox 1107 1743 1382 1777; x_wconf 85' lang='lat' dir='ltr'>venerabilibus</span> <span class='ocrx_word' id='word_1_221' title='bbox 1409 1743 1584 1777; x_wconf 85' lang='lat' dir='ltr'>fratribus</span> <span class='ocrx_word' id='word_1_222' title='bbox 1613 1744 1890 1791; x_wconf 83' lang='lat' dir='ltr'>archiepiscopo</span> <span class='ocrx_word' id='word_1_223' title='bbox 1927 1746 2096 1779; x_wconf 85' lang='lat' dir='ltr'>Remensi</span> <span class='ocrx_word' id='word_1_224' title='bbox 2132 1753 2164 1780; x_wconf 85' lang='lat' dir='ltr'>et</span> 
     </span>
     <span class='ocr_line' id='line_1_22' title="bbox 279 1810 2163 1858; baseline 0.001 -13"><span class='ocrx_word' id='word_1_225' title='bbox 279 1812 454 1858; x_wconf 88' lang='lat' dir='ltr'>episcopo</span> <span class='ocrx_word' id='word_1_226' title='bbox 474 1811 738 1846; x_wconf 88' lang='lat' dir='ltr'>Silvanectensi</span> <span class='ocrx_word' id='word_1_227' title='bbox 755 1818 792 1845; x_wconf 87' lang='lat' dir='ltr'>et</span> <span class='ocrx_word' id='word_1_228' title='bbox 806 1811 941 1845; x_wconf 87' lang='lat' dir='ltr'>dilecto</span> <span class='ocrx_word' id='word_1_229' title='bbox 961 1810 1037 1844; x_wconf 88' lang='lat' dir='ltr'>filio</span> <span class='ocrx_word' id='word_1_230' title='bbox 1059 1811 1197 1844; x_wconf 88' lang='lat' dir='ltr'>decano</span> <span class='ocrx_word' id='word_1_231' title='bbox 1219 1811 1340 1844; x_wconf 83' lang='lat' dir='ltr'>Sancti</span> <span class='ocrx_word' id='word_1_232' title='bbox 1356 1811 1523 1854; x_wconf 85' lang='lat' dir='ltr'>Quintini</span> <span class='ocrx_word' id='word_1_233' title='bbox 1543 1811 1802 1845; x_wconf 87' lang='lat' dir='ltr'>Noviomensis</span> <span class='ocrx_word' id='word_1_234' title='bbox 1823 1812 1992 1858; x_wconf 79' lang='lat' dir='ltr'>dyocesis</span> <span class='ocrx_word' id='word_1_235' title='bbox 2012 1813 2163 1847; x_wconf 89' lang='lat' dir='ltr'>salutem</span> 
     </span>
     <span class='ocr_line' id='line_1_23' title="bbox 279 1877 2163 1925; baseline 0.002 -13"><span class='ocrx_word' id='word_1_236' title='bbox 279 1885 316 1913; x_wconf 86' lang='lat' dir='ltr'>et</span> <span class='ocrx_word' id='word_1_237' title='bbox 336 1878 572 1925; x_wconf 87' lang='lat' dir='ltr'>apostolicam</span> <span class='ocrx_word' id='word_1_238' title='bbox 597 1878 906 1912; x_wconf 82' lang='lat' dir='ltr'>benedictionem.</span> <span class='ocrx_word' id='word_1_239' title='bbox 935 1877 1068 1912; x_wconf 91' lang='lat' dir='ltr'>Dilecti</span> <span class='ocrx_word' id='word_1_240' title='bbox 1092 1877 1157 1911; x_wconf 85' lang='lat' dir='ltr'>filii</span> <span class='ocrx_word' id='word_1_241' title='bbox 1189 1884 1225 1911; x_wconf 88' lang='lat' dir='ltr'>et</span> <span class='ocrx_word' id='word_1_242' title='bbox 1249 1878 1472 1912; x_wconf 86' lang='lat' dir='ltr'>universitas</span> <span class='ocrx_word' id='word_1_243' title='bbox 1498 1878 1679 1912; x_wconf 86' lang='lat' dir='ltr'>scolarum</span> <span class='ocrx_word' id='word_1_244' title='bbox 1702 1879 1776 1923; x_wconf 83' lang='lat' dir='ltr'>(sic)</span> <span class='ocrx_word' id='word_1_245' title='bbox 1802 1880 2077 1922; x_wconf 72' lang='lat' dir='ltr'>parisiensium,</span> <span class='ocrx_word' id='word_1_246' title='bbox 2099 1886 2163 1915; x_wconf 84' lang='lat' dir='ltr'>etc.</span> 
     </span>
     <span class='ocr_line' id='line_1_24' title="bbox 276 1944 2166 1993; baseline 0.001 -13"><span class='ocrx_word' id='word_1_247' title='bbox 276 1945 371 1980; x_wconf 80' lang='lat' dir='ltr'>sicut</span> <span class='ocrx_word' id='word_1_248' title='bbox 389 1957 501 1992; x_wconf 81' lang='lat' dir='ltr'>supra</span> <span class='ocrx_word' id='word_1_249' title='bbox 526 1950 565 1979; x_wconf 82' lang='lat' dir='ltr'>n⁰</span> <span class='ocrx_word' id='word_1_250' title='bbox 587 1946 642 1980; x_wconf 88' lang='lat'>58.</span> <span class='ocrx_word' id='word_1_251' title='bbox 670 1946 748 1979; x_wconf 87' lang='lat' dir='ltr'>Dat.</span> <span class='ocrx_word' id='word_1_252' title='bbox 771 1945 886 1979; x_wconf 87' lang='lat' dir='ltr'>Asisii</span> <span class='ocrx_word' id='word_1_253' title='bbox 907 1945 944 1990; x_wconf 89' lang='lat' dir='ltr'>iij</span> <span class='ocrx_word' id='word_1_254' title='bbox 972 1957 1058 1978; x_wconf 90' lang='lat' dir='ltr'>non.</span> <span class='ocrx_word' id='word_1_255' title='bbox 1080 1945 1179 1979; x_wconf 87' lang='lat' dir='ltr'>Junii</span> <span class='ocrx_word' id='word_1_256' title='bbox 1200 1944 1434 1991; x_wconf 83' lang='lat' dir='ltr'>pontificatus</span> <span class='ocrx_word' id='word_1_257' title='bbox 1460 1945 1577 1978; x_wconf 89' lang='lat' dir='ltr'>nostri</span> <span class='ocrx_word' id='word_1_258' title='bbox 1598 1957 1693 1978; x_wconf 88' lang='lat' dir='ltr'>anno</span> <span class='ocrx_word' id='word_1_259' title='bbox 1715 1946 1892 1979; x_wconf 87' lang='lat' dir='ltr'>secundo.</span> <span class='ocrx_word' id='word_1_260' title='bbox 1916 1948 2032 1991; x_wconf 88' lang='lat' dir='ltr'>Hujus</span> <span class='ocrx_word' id='word_1_261' title='bbox 2052 1947 2166 1993; x_wconf 86' lang='lat' dir='ltr'>igitur</span> 
     </span>
     <span class='ocr_line' id='line_1_25' title="bbox 277 2011 2162 2060; baseline 0.001 -14"><span class='ocrx_word' id='word_1_262' title='bbox 277 2013 490 2046; x_wconf 85' lang='lat' dir='ltr'>auctoritate</span> <span class='ocrx_word' id='word_1_263' title='bbox 525 2011 683 2046; x_wconf 82' lang='lat' dir='ltr'>mandati</span> <span class='ocrx_word' id='word_1_264' title='bbox 712 2011 820 2047; x_wconf 89' lang='lat' dir='ltr'>vobis</span> <span class='ocrx_word' id='word_1_265' title='bbox 851 2011 1077 2054; x_wconf 76' lang='lat' dir='ltr'>mandamus,</span> <span class='ocrx_word' id='word_1_266' title='bbox 1110 2011 1281 2057; x_wconf 86' lang='lat' dir='ltr'>quatinus</span> <span class='ocrx_word' id='word_1_267' title='bbox 1314 2012 1345 2044; x_wconf 90' lang='lat' dir='ltr'>si</span> <span class='ocrx_word' id='word_1_268' title='bbox 1378 2023 1491 2057; x_wconf 90' lang='lat' dir='ltr'>super</span> <span class='ocrx_word' id='word_1_269' title='bbox 1517 2011 1702 2058; x_wconf 84' lang='lat' dir='ltr'>aliquibus</span> <span class='ocrx_word' id='word_1_270' title='bbox 1735 2013 1898 2046; x_wconf 80' lang='lat' dir='ltr'>articulis</span> <span class='ocrx_word' id='word_1_271' title='bbox 1933 2013 1969 2046; x_wconf 92' lang='lat' dir='ltr'>in</span> <span class='ocrx_word' id='word_1_272' title='bbox 2003 2014 2162 2060; x_wconf 88' lang='lat' dir='ltr'>predicta</span> 
     </span>
     <span class='ocr_line' id='line_1_26' title="bbox 277 2078 2164 2126; baseline 0.001 -13"><span class='ocrx_word' id='word_1_273' title='bbox 277 2079 544 2126; x_wconf 88' lang='lat' dir='ltr'>compositione</span> <span class='ocrx_word' id='word_1_274' title='bbox 574 2079 761 2126; x_wconf 84' lang='lat' dir='ltr'>expressis</span> <span class='ocrx_word' id='word_1_275' title='bbox 791 2079 850 2113; x_wconf 89' lang='lat' dir='ltr'>vel</span> <span class='ocrx_word' id='word_1_276' title='bbox 883 2079 991 2113; x_wconf 88' lang='lat' dir='ltr'>etiam</span> <span class='ocrx_word' id='word_1_277' title='bbox 1024 2078 1273 2125; x_wconf 88' lang='lat' dir='ltr'>exprimendis</span> <span class='ocrx_word' id='word_1_278' title='bbox 1311 2078 1450 2124; x_wconf 83' lang='lat' dir='ltr'>aliquid</span> <span class='ocrx_word' id='word_1_279' title='bbox 1485 2078 1707 2112; x_wconf 86' lang='lat' dir='ltr'>difficultatis</span> <span class='ocrx_word' id='word_1_280' title='bbox 1742 2079 1799 2113; x_wconf 93' lang='lat' dir='ltr'>vel</span> <span class='ocrx_word' id='word_1_281' title='bbox 1829 2081 2035 2125; x_wconf 81' lang='lat' dir='ltr'>questionis</span> <span class='ocrx_word' id='word_1_282' title='bbox 2070 2081 2164 2115; x_wconf 87' lang='lat' dir='ltr'>inter</span> 
     </span>
     <span class='ocr_line' id='line_1_27' title="bbox 278 2145 2164 2194; baseline 0.001 -14"><span class='ocrx_word' id='word_1_283' title='bbox 278 2153 400 2192; x_wconf 87' lang='lat' dir='ltr'>partes</span> <span class='ocrx_word' id='word_1_284' title='bbox 420 2147 625 2189; x_wconf 82' lang='lat' dir='ltr'>emerserit,</span> <span class='ocrx_word' id='word_1_285' title='bbox 646 2147 726 2181; x_wconf 84' lang='lat' dir='ltr'>vice</span> <span class='ocrx_word' id='word_1_286' title='bbox 746 2153 871 2180; x_wconf 86' lang='lat' dir='ltr'>nostra</span> <span class='ocrx_word' id='word_1_287' title='bbox 890 2146 1078 2180; x_wconf 88' lang='lat' dir='ltr'>veritatem</span> <span class='ocrx_word' id='word_1_288' title='bbox 1105 2157 1217 2192; x_wconf 88' lang='lat' dir='ltr'>super</span> <span class='ocrx_word' id='word_1_289' title='bbox 1241 2145 1313 2179; x_wconf 90' lang='lat' dir='ltr'>hiis</span> <span class='ocrx_word' id='word_1_290' title='bbox 1334 2146 1541 2191; x_wconf 84' lang='lat' dir='ltr'>inquiratis,</span> <span class='ocrx_word' id='word_1_291' title='bbox 1568 2145 1750 2192; x_wconf 86' lang='lat' dir='ltr'>nobisque</span> <span class='ocrx_word' id='word_1_292' title='bbox 1776 2147 2029 2180; x_wconf 86' lang='lat' dir='ltr'>diffinitionem</span> <span class='ocrx_word' id='word_1_293' title='bbox 2052 2160 2164 2194; x_wconf 87' lang='lat' dir='ltr'>super</span> 
     </span>
     <span class='ocr_line' id='line_1_28' title="bbox 278 2212 2160 2259; baseline 0.001 -12"><span class='ocrx_word' id='word_1_294' title='bbox 278 2212 351 2248; x_wconf 89' lang='lat' dir='ltr'>hiis</span> <span class='ocrx_word' id='word_1_295' title='bbox 384 2219 630 2254; x_wconf 82' lang='lat' dir='ltr'>reservantes,</span> <span class='ocrx_word' id='word_1_296' title='bbox 651 2224 771 2259; x_wconf 84' lang='lat' dir='ltr'>¹quam</span> <span class='ocrx_word' id='word_1_297' title='bbox 805 2219 842 2247; x_wconf 87' lang='lat' dir='ltr'>et</span> <span class='ocrx_word' id='word_1_298' title='bbox 874 2213 983 2247; x_wconf 90' lang='lat' dir='ltr'>nobis</span> <span class='ocrx_word' id='word_1_299' title='bbox 1017 2213 1188 2246; x_wconf 90' lang='lat' dir='ltr'>duximus</span> <span class='ocrx_word' id='word_1_300' title='bbox 1222 2212 1468 2254; x_wconf 83' lang='lat' dir='ltr'>retinendam,</span> <span class='ocrx_word' id='word_1_301' title='bbox 1504 2212 1781 2258; x_wconf 83' lang='lat' dir='ltr'>inquisitionem</span> <span class='ocrx_word' id='word_1_302' title='bbox 1817 2214 1931 2259; x_wconf 87' lang='lat' dir='ltr'>ipsam</span> <span class='ocrx_word' id='word_1_303' title='bbox 1967 2227 2047 2248; x_wconf 86' lang='lat' dir='ltr'>cum</span> <span class='ocrx_word' id='word_1_304' title='bbox 2084 2227 2160 2249; x_wconf 86' lang='lat' dir='ltr'>eam</span> 
     </span>
     <span class='ocr_line' id='line_1_29' title="bbox 277 2278 2159 2325; baseline 0 -11"><span class='ocrx_word' id='word_1_305' title='bbox 277 2280 440 2314; x_wconf 82' lang='lat' dir='ltr'>feceritis</span> <span class='ocrx_word' id='word_1_306' title='bbox 460 2279 569 2314; x_wconf 78' lang='lat' dir='ltr'>nobis</span> <span class='ocrx_word' id='word_1_307' title='bbox 589 2279 748 2314; x_wconf 87' lang='lat' dir='ltr'>fideliter</span> <span class='ocrx_word' id='word_1_308' title='bbox 768 2280 947 2322; x_wconf 83' lang='lat' dir='ltr'>reseratis,</span> <span class='ocrx_word' id='word_1_309' title='bbox 964 2279 1269 2325; x_wconf 87' lang='lat' dir='ltr'>compositionem</span> <span class='ocrx_word' id='word_1_310' title='bbox 1290 2278 1388 2313; x_wconf 90' lang='lat' dir='ltr'>illam</span> <span class='ocrx_word' id='word_1_311' title='bbox 1410 2286 1583 2324; x_wconf 89' lang='lat' dir='ltr'>quantum</span> <span class='ocrx_word' id='word_1_312' title='bbox 1605 2279 1649 2312; x_wconf 89' lang='lat' dir='ltr'>ad</span> <span class='ocrx_word' id='word_1_313' title='bbox 1670 2279 1761 2313; x_wconf 88' lang='lat' dir='ltr'>alios</span> <span class='ocrx_word' id='word_1_314' title='bbox 1783 2280 1957 2313; x_wconf 85' lang='lat' dir='ltr'>articulos</span> <span class='ocrx_word' id='word_1_315' title='bbox 1978 2281 2014 2314; x_wconf 92' lang='lat' dir='ltr'>in</span> <span class='ocrx_word' id='word_1_316' title='bbox 2034 2281 2159 2314; x_wconf 88' lang='lat' dir='ltr'>eadem</span> 
     </span>
     <span class='ocr_line' id='line_1_30' title="bbox 277 2346 2158 2392; baseline 0.001 -12"><span class='ocrx_word' id='word_1_317' title='bbox 277 2353 484 2389; x_wconf 87' lang='lat' dir='ltr'>contentos,</span> <span class='ocrx_word' id='word_1_318' title='bbox 508 2346 553 2380; x_wconf 90' lang='lat' dir='ltr'>de</span> <span class='ocrx_word' id='word_1_319' title='bbox 575 2346 710 2392; x_wconf 87' lang='lat' dir='ltr'>quibus</span> <span class='ocrx_word' id='word_1_320' title='bbox 735 2346 834 2380; x_wconf 88' lang='lat' dir='ltr'>nulla</span> <span class='ocrx_word' id='word_1_321' title='bbox 854 2346 965 2380; x_wconf 85' lang='lat' dir='ltr'>suerit</span> <span class='ocrx_word' id='word_1_322' title='bbox 988 2346 1133 2392; x_wconf 89' lang='lat' dir='ltr'>questio</span> <span class='ocrx_word' id='word_1_323' title='bbox 1158 2346 1254 2379; x_wconf 86' lang='lat' dir='ltr'>inter</span> <span class='ocrx_word' id='word_1_324' title='bbox 1279 2352 1415 2391; x_wconf 87' lang='lat' dir='ltr'>partes,</span> <span class='ocrx_word' id='word_1_325' title='bbox 1436 2346 1612 2379; x_wconf 84' lang='lat' dir='ltr'>facientes</span> <span class='ocrx_word' id='word_1_326' title='bbox 1632 2346 1711 2379; x_wconf 86' lang='lat' dir='ltr'>vice</span> <span class='ocrx_word' id='word_1_327' title='bbox 1733 2353 1856 2380; x_wconf 88' lang='lat' dir='ltr'>nostra</span> <span class='ocrx_word' id='word_1_328' title='bbox 1883 2359 1948 2392; x_wconf 88' lang='lat' dir='ltr'>per</span> <span class='ocrx_word' id='word_1_329' title='bbox 1967 2359 2158 2381; x_wconf 87' lang='lat' dir='ltr'>censuram</span> 
     </span>
     <span class='ocr_line' id='line_1_31' title="bbox 277 2411 2159 2458; baseline 0.001 -11"><span class='ocrx_word' id='word_1_330' title='bbox 277 2413 563 2447; x_wconf 86' lang='lat' dir='ltr'>ecclesiasticam</span> <span class='ocrx_word' id='word_1_331' title='bbox 586 2413 739 2447; x_wconf 85' lang='lat' dir='ltr'>firmiter</span> <span class='ocrx_word' id='word_1_332' title='bbox 759 2413 960 2447; x_wconf 83' lang='lat' dir='ltr'>observari.</span> <span class='ocrx_word' id='word_1_333' title='bbox 983 2412 1089 2457; x_wconf 90' lang='lat' dir='ltr'>Quod</span> <span class='ocrx_word' id='word_1_334' title='bbox 1111 2412 1142 2446; x_wconf 91' lang='lat' dir='ltr'>si</span> <span class='ocrx_word' id='word_1_335' title='bbox 1163 2424 1236 2446; x_wconf 91' lang='lat' dir='ltr'>non</span> <span class='ocrx_word' id='word_1_336' title='bbox 1260 2424 1389 2446; x_wconf 84' lang='lat' dir='ltr'>omnes</span> <span class='ocrx_word' id='word_1_337' title='bbox 1406 2411 1478 2446; x_wconf 87' lang='lat' dir='ltr'>hiis</span> <span class='ocrx_word' id='word_1_338' title='bbox 1498 2412 1725 2457; x_wconf 87' lang='lat' dir='ltr'>exequendis</span> <span class='ocrx_word' id='word_1_339' title='bbox 1748 2413 1942 2458; x_wconf 86' lang='lat' dir='ltr'>potueritis</span> <span class='ocrx_word' id='word_1_340' title='bbox 1964 2414 2159 2457; x_wconf 85' lang='lat' dir='ltr'>interesse,</span> 
     </span>
    </p>
   </div>
   <div class='ocr_carea' id='block_1_11' title="bbox 277 2479 2158 2525">
    <p class='ocr_par' dir='ltr' id='par_1_11' title="bbox 277 2479 2158 2525">
     <span class='ocr_line' id='line_1_32' title="bbox 277 2479 2158 2525; baseline 0.001 -11"><span class='ocrx_word' id='word_1_341' title='bbox 277 2480 350 2514; x_wconf 93' lang='lat' dir='ltr'>duo</span> <span class='ocrx_word' id='word_1_342' title='bbox 376 2487 539 2515; x_wconf 88' lang='lat' dir='ltr'>vestrum</span> <span class='ocrx_word' id='word_1_343' title='bbox 562 2479 823 2514; x_wconf 88' lang='lat' dir='ltr'>nichilominus</span> <span class='ocrx_word' id='word_1_344' title='bbox 842 2485 1079 2525; x_wconf 88' lang='lat' dir='ltr'>exequantur.</span> <span class='ocrx_word' id='word_1_345' title='bbox 1092 2480 1220 2513; x_wconf 89' lang='lat' dir='ltr'>Datum</span> <span class='ocrx_word' id='word_1_346' title='bbox 1236 2479 1367 2513; x_wconf 88' lang='lat' dir='ltr'>Sancto</span> <span class='ocrx_word' id='word_1_347' title='bbox 1381 2479 1558 2522; x_wconf 87' lang='lat' dir='ltr'>Quintino</span> <span class='ocrx_word' id='word_1_348' title='bbox 1573 2491 1668 2512; x_wconf 89' lang='lat' dir='ltr'>anno</span> <span class='ocrx_word' id='word_1_349' title='bbox 1683 2479 1828 2512; x_wconf 86' lang='lat' dir='ltr'>Domini</span> <span class='ocrx_word' id='word_1_350' title='bbox 1846 2481 1896 2513; x_wconf 85' lang='lat' dir='ltr'>M⁰</span> <span class='ocrx_word' id='word_1_351' title='bbox 1905 2481 1981 2515; x_wconf 85' lang='lat' dir='ltr'>CC⁰</span> <span class='ocrx_word' id='word_1_352' title='bbox 1989 2482 2158 2524; x_wconf 80' lang='lat' dir='ltr'>XXVIII,</span> 
     </span>
    </p>
   </div>
   <div class='ocr_carea' id='block_1_12' title="bbox 277 2545 1126 2594">
    <p class='ocr_par' dir='ltr' id='par_1_12' title="bbox 277 2545 1126 2594">
     <span class='ocr_line' id='line_1_33' title="bbox 277 2545 1126 2594; baseline -0.002 -13"><span class='ocrx_word' id='word_1_353' title='bbox 277 2559 403 2582; x_wconf 86' lang='lat' dir='ltr'>mense</span> <span class='ocrx_word' id='word_1_354' title='bbox 424 2548 607 2594; x_wconf 82' lang='lat' dir='ltr'>Augusto,</span> <span class='ocrx_word' id='word_1_355' title='bbox 629 2547 667 2581; x_wconf 93' lang='lat' dir='ltr'>in</span> <span class='ocrx_word' id='word_1_356' title='bbox 688 2547 782 2581; x_wconf 85' lang='lat' dir='ltr'>sesto</span> <span class='ocrx_word' id='word_1_357' title='bbox 803 2547 918 2581; x_wconf 86' lang='lat' dir='ltr'>sancti</span> <span class='ocrx_word' id='word_1_358' title='bbox 941 2545 1126 2592; x_wconf 85' lang='lat' dir='ltr'>Stephani.</span> 
     </span>
    </p>
   </div>
   <div class='ocr_carea' id='block_1_13' title="bbox 341 2644 1147 2678">
    <p class='ocr_par' dir='ltr' id='par_1_13' title="bbox 341 2644 1147 2678">
     <span class='ocr_line' id='line_1_34' title="bbox 341 2644 1147 2678; baseline -0.002 -8"><span class='ocrx_word' id='word_1_359' title='bbox 341 2644 344 2646; x_wconf 82' lang='grc'><strong><em>’</em></strong></span> <span class='ocrx_word' id='word_1_360' title='bbox 369 2645 506 2678; x_wconf 72' lang='lat' dir='ltr'>Originale</span> <span class='ocrx_word' id='word_1_361' title='bbox 522 2645 548 2669; x_wconf 85' lang='lat' dir='ltr'>in</span> <span class='ocrx_word' id='word_1_362' title='bbox 562 2645 640 2669; x_wconf 80' lang='lat' dir='ltr'>Arch.</span> <span class='ocrx_word' id='word_1_363' title='bbox 658 2645 780 2670; x_wconf 85' lang='lat' dir='ltr'>Univers.</span> <span class='ocrx_word' id='word_1_364' title='bbox 797 2644 882 2670; x_wconf 82' lang='lat' dir='ltr'>Paris.</span> <span class='ocrx_word' id='word_1_365' title='bbox 898 2644 974 2669; x_wconf 79' lang='lat' dir='ltr'>theca</span> <span class='ocrx_word' id='word_1_366' title='bbox 990 2644 1019 2673; x_wconf 88' lang='lat' dir='ltr'>V,</span> <span class='ocrx_word' id='word_1_367' title='bbox 1036 2644 1064 2668; x_wconf 87' lang='grc' dir='ltr'>Β.</span> <span class='ocrx_word' id='word_1_368' title='bbox 1081 2645 1104 2668; x_wconf 80' lang='lat'>3.</span> <span class='ocrx_word' id='word_1_369' title='bbox 1121 2652 1147 2676; x_wconf 72' lang='lat' dir='ltr'>g.</span> 
     </span>
    </p>
   </div>
   <div class='ocr_carea' id='block_1_14' title="bbox 273 2728 2158 3031">
    <p class='ocr_par' dir='ltr' id='par_1_14' title="bbox 273 2728 2158 3031">
     <span class='ocr_line' id='line_1_35' title="bbox 370 2728 2158 2763; baseline 0.002 -9"><span class='ocrx_word' id='word_1_370' title='bbox 370 2730 392 2754; x_wconf 80' lang='lat'>1.</span> <span class='ocrx_word' id='word_1_371' title='bbox 409 2730 465 2755; x_wconf 86' lang='lat' dir='ltr'>Duo</span> <span class='ocrx_word' id='word_1_372' title='bbox 480 2730 603 2763; x_wconf 74' lang='lat' dir='ltr'>magistri</span> <span class='ocrx_word' id='word_1_373' title='bbox 619 2730 735 2763; x_wconf 80' lang='lat' dir='ltr'>Ardengi</span> <span class='ocrx_word' id='word_1_374' title='bbox 750 2730 848 2754; x_wconf 85' lang='lat' dir='ltr'>debent</span> <span class='ocrx_word' id='word_1_375' title='bbox 861 2729 1000 2762; x_wconf 76' lang='lat' dir='ltr'>distingui,</span> <span class='ocrx_word' id='word_1_376' title='bbox 1017 2729 1062 2762; x_wconf 84' lang='lat' dir='ltr'>qui</span> <span class='ocrx_word' id='word_1_377' title='bbox 1077 2729 1147 2753; x_wconf 84' lang='lat' dir='ltr'>circa</span> <span class='ocrx_word' id='word_1_378' title='bbox 1163 2729 1232 2752; x_wconf 83' lang='lat' dir='ltr'>idem</span> <span class='ocrx_word' id='word_1_379' title='bbox 1251 2732 1356 2760; x_wconf 81' lang='lat' dir='ltr'>tempus</span> <span class='ocrx_word' id='word_1_380' title='bbox 1372 2728 1482 2752; x_wconf 78' lang='lat' dir='ltr'>Parisiis</span> <span class='ocrx_word' id='word_1_381' title='bbox 1502 2728 1598 2752; x_wconf 82' lang='lat' dir='ltr'>studiis</span> <span class='ocrx_word' id='word_1_382' title='bbox 1614 2736 1722 2760; x_wconf 80' lang='lat' dir='ltr'>operum</span> <span class='ocrx_word' id='word_1_383' title='bbox 1737 2729 1845 2758; x_wconf 78' lang='lat' dir='ltr'>dabunt.</span> <span class='ocrx_word' id='word_1_384' title='bbox 1862 2731 2000 2763; x_wconf 71' lang='lat' dir='ltr'>Ardengus</span> <span class='ocrx_word' id='word_1_385' title='bbox 2016 2733 2158 2757; x_wconf 72' lang='lat' dir='ltr'>canonicus</span> 
     </span>
     <span class='ocr_line' id='line_1_36' title="bbox 275 2772 2157 2809; baseline 0.001 -10"><span class='ocrx_word' id='word_1_386' title='bbox 275 2774 436 2804; x_wconf 82' lang='lat' dir='ltr'>Leodiensis,</span> <span class='ocrx_word' id='word_1_387' title='bbox 451 2775 496 2808; x_wconf 88' lang='lat' dir='ltr'>qui</span> <span class='ocrx_word' id='word_1_388' title='bbox 512 2775 591 2799; x_wconf 78' lang='lat' dir='ltr'>etiam</span> <span class='ocrx_word' id='word_1_389' title='bbox 612 2775 638 2799; x_wconf 92' lang='lat' dir='ltr'>in</span> <span class='ocrx_word' id='word_1_390' title='bbox 657 2775 814 2799; x_wconf 70' lang='lat' dir='ltr'>documento</span> <span class='ocrx_word' id='word_1_391' title='bbox 834 2775 932 2799; x_wconf 83' lang='lat' dir='ltr'>mensis</span> <span class='ocrx_word' id='word_1_392' title='bbox 954 2774 1041 2798; x_wconf 80' lang='lat' dir='ltr'>Martii</span> <span class='ocrx_word' id='word_1_393' title='bbox 1057 2774 1118 2798; x_wconf 87' lang='lat' dir='ltr'>nnni</span> <span class='ocrx_word' id='word_1_394' title='bbox 1134 2774 1195 2798; x_wconf 70' lang='lat'>1228</span> <span class='ocrx_word' id='word_1_395' title='bbox 1214 2773 1240 2797; x_wconf 85' lang='lat' dir='ltr'>in</span> <span class='ocrx_word' id='word_1_396' title='bbox 1255 2773 1363 2804; x_wconf 70' lang='lat' dir='ltr'>Maono</span> <span class='ocrx_word' id='word_1_397' title='bbox 1382 2773 1527 2798; x_wconf 74' lang='lat' dir='ltr'>Pastorali</span> <span class='ocrx_word' id='word_1_398' title='bbox 1541 2772 1628 2804; x_wconf 72' lang='lat' dir='ltr'>(Al-ch.</span> <span class='ocrx_word' id='word_1_399' title='bbox 1646 2777 1699 2798; x_wconf 79' lang='lat' dir='ltr'>nat.</span> <span class='ocrx_word' id='word_1_400' title='bbox 1716 2774 1800 2798; x_wconf 79' lang='lat' dir='ltr'>Paris.</span> <span class='ocrx_word' id='word_1_401' title='bbox 1816 2775 1865 2799; x_wconf 81' lang='lat' dir='ltr'>Ll..</span> <span class='ocrx_word' id='word_1_402' title='bbox 1884 2775 1937 2803; x_wconf 79' lang='lat'>175,</span> <span class='ocrx_word' id='word_1_403' title='bbox 1954 2785 1980 2808; x_wconf 72' lang='grc' dir='ltr'>ρ,</span> <span class='ocrx_word' id='word_1_404' title='bbox 1996 2778 2052 2809; x_wconf 74' lang='grc'>638)</span> <span class='ocrx_word' id='word_1_405' title='bbox 2071 2778 2157 2801; x_wconf 86' lang='lat' dir='ltr'>nomi-</span> 
     </span>
     <span class='ocr_line' id='line_1_37' title="bbox 274 2817 2157 2852; baseline 0.002 -9"><span class='ocrx_word' id='word_1_406' title='bbox 274 2822 361 2848; x_wconf 79' lang='lat' dir='ltr'>natur,</span> <span class='ocrx_word' id='word_1_407' title='bbox 377 2822 403 2844; x_wconf 84' lang='lat' dir='ltr'>et</span> <span class='ocrx_word' id='word_1_408' title='bbox 416 2820 554 2852; x_wconf 78' lang='lat' dir='ltr'>Ardengus</span> <span class='ocrx_word' id='word_1_409' title='bbox 569 2819 711 2844; x_wconf 82' lang='lat' dir='ltr'>canonicus</span> <span class='ocrx_word' id='word_1_410' title='bbox 726 2819 873 2852; x_wconf 83' lang='lat' dir='ltr'>Papiensis,</span> <span class='ocrx_word' id='word_1_411' title='bbox 889 2822 981 2852; x_wconf 82' lang='lat' dir='ltr'>postea</span> <span class='ocrx_word' id='word_1_412' title='bbox 996 2819 1137 2851; x_wconf 81' lang='lat' dir='ltr'>episcopus</span> <span class='ocrx_word' id='word_1_413' title='bbox 1154 2817 1330 2846; x_wconf 83' lang='lat' dir='ltr'>Florentinus,</span> <span class='ocrx_word' id='word_1_414' title='bbox 1341 2818 1373 2841; x_wconf 76' lang='lat' dir='ltr'>dn</span> <span class='ocrx_word' id='word_1_415' title='bbox 1388 2826 1440 2849; x_wconf 85' lang='lat' dir='ltr'>quo</span> <span class='ocrx_word' id='word_1_416' title='bbox 1456 2817 1524 2842; x_wconf 77' lang='lat' dir='ltr'>intra</span> <span class='ocrx_word' id='word_1_417' title='bbox 1540 2822 1570 2841; x_wconf 79' lang='grc' dir='ltr'>11ο</span> <span class='ocrx_word' id='word_1_418' title='bbox 1580 2819 1618 2847; x_wconf 82' lang='lat'>8³,</span> <span class='ocrx_word' id='word_1_419' title='bbox 1631 2818 1706 2851; x_wconf 85' lang='lat' dir='ltr'>cujus</span> <span class='ocrx_word' id='word_1_420' title='bbox 1722 2822 1825 2843; x_wconf 74' lang='lat' dir='ltr'>exstant</span> <span class='ocrx_word' id='word_1_421' title='bbox 1836 2828 1847 2842; x_wconf 69' lang='grc' dir='ltr'>(ι</span> <span class='ocrx_word' id='word_1_422' title='bbox 1859 2820 2039 2845; x_wconf 69' lang='lat' dir='ltr'>Exn—actiones</span> <span class='ocrx_word' id='word_1_423' title='bbox 2055 2830 2157 2846; x_wconf 83' lang='lat' dir='ltr'>summe</span> 
     </span>
     <span class='ocr_line' id='line_1_38' title="bbox 275 2861 2155 2896; baseline 0.002 -9"><span class='ocrx_word' id='word_1_424' title='bbox 275 2863 397 2896; x_wconf 72' lang='lat' dir='ltr'>magistri</span> <span class='ocrx_word' id='word_1_425' title='bbox 412 2864 547 2889; x_wconf 77' lang='lat' dir='ltr'>Guffletmi</span> <span class='ocrx_word' id='word_1_426' title='bbox 563 2864 801 2889; x_wconf 72' lang='lat' dir='ltr'>Autissiodorensis</span> <span class='ocrx_word' id='word_1_427' title='bbox 817 2872 832 2888; x_wconf 80' lang='lat' dir='ltr'>a</span> <span class='ocrx_word' id='word_1_428' title='bbox 847 2864 976 2896; x_wconf 72' lang='lat' dir='ltr'>magistro</span> <span class='ocrx_word' id='word_1_429' title='bbox 991 2864 1118 2891; x_wconf 77' lang='lat' dir='ltr'>Ardenco,</span> <span class='ocrx_word' id='word_1_430' title='bbox 1135 2862 1268 2895; x_wconf 78' lang='lat' dir='ltr'>Pnpiensi,</span> <span class='ocrx_word' id='word_1_431' title='bbox 1279 2862 1421 2894; x_wconf 69' lang='lat' dir='ltr'>compilato</span> <span class='ocrx_word' id='word_1_432' title='bbox 1437 2871 1448 2885; x_wconf 76' lang='grc'>11</span> <span class='ocrx_word' id='word_1_433' title='bbox 1465 2861 1544 2893; x_wconf 71' lang='lat' dir='ltr'>(Hm.</span> <span class='ocrx_word' id='word_1_434' title='bbox 1562 2862 1613 2888; x_wconf 80' lang='lat' dir='ltr'>litt.</span> <span class='ocrx_word' id='word_1_435' title='bbox 1623 2864 1657 2887; x_wconf 77' lang='lat' dir='ltr'>de</span> <span class='ocrx_word' id='word_1_436' title='bbox 1673 2863 1701 2887; x_wconf 87' lang='lat' dir='ltr'>la</span> <span class='ocrx_word' id='word_1_437' title='bbox 1713 2863 1834 2892; x_wconf 80' lang='lat' dir='ltr'>France,</span> <span class='ocrx_word' id='word_1_438' title='bbox 1851 2865 1940 2893; x_wconf 81' lang='lat' dir='ltr'>xvnt,</span> <span class='ocrx_word' id='word_1_439' title='bbox 1955 2865 2017 2896; x_wconf 76' lang='lat'><strong>12¹).</strong></span> <span class='ocrx_word' id='word_1_440' title='bbox 2033 2880 2064 2884; x_wconf 89' lang='lat'>—</span> <span class='ocrx_word' id='word_1_441' title='bbox 2079 2868 2100 2890; x_wconf 80' lang='lat'>2.</span> <span class='ocrx_word' id='word_1_442' title='bbox 2119 2867 2155 2891; x_wconf 78' lang='lat' dir='ltr'>Ad</span> 
     </span>
     <span class='ocr_line' id='line_1_39' title="bbox 275 2906 2154 2942; baseline 0.001 -10"><span class='ocrx_word' id='word_1_443' title='bbox 275 2907 355 2932; x_wconf 83' lang='lat' dir='ltr'>istum</span> <span class='ocrx_word' id='word_1_444' title='bbox 371 2908 454 2933; x_wconf 76' lang='lat' dir='ltr'>David</span> <span class='ocrx_word' id='word_1_445' title='bbox 469 2912 548 2942; x_wconf 80' lang='lat' dir='ltr'>atque</span> <span class='ocrx_word' id='word_1_446' title='bbox 562 2909 641 2933; x_wconf 81' lang='lat' dir='ltr'>etiam</span> <span class='ocrx_word' id='word_1_447' title='bbox 657 2909 690 2933; x_wconf 78' lang='lat' dir='ltr'>ad</span> <span class='ocrx_word' id='word_1_448' title='bbox 706 2909 858 2941; x_wconf 71' lang='lat' dir='ltr'>Ardengum</span> <span class='ocrx_word' id='word_1_449' title='bbox 878 2908 1034 2941; x_wconf 84' lang='lat' dir='ltr'>Papiensem</span> <span class='ocrx_word' id='word_1_450' title='bbox 1049 2908 1164 2932; x_wconf 83' lang='lat' dir='ltr'>directae</span> <span class='ocrx_word' id='word_1_451' title='bbox 1180 2910 1242 2931; x_wconf 87' lang='lat' dir='ltr'>sunt.</span> <span class='ocrx_word' id='word_1_452' title='bbox 1256 2907 1359 2931; x_wconf 81' lang='lat' dir='ltr'>litterae</span> <span class='ocrx_word' id='word_1_453' title='bbox 1374 2906 1496 2938; x_wconf 80' lang='lat' dir='ltr'>Gregorii</span> <span class='ocrx_word' id='word_1_454' title='bbox 1511 2907 1554 2935; x_wconf 80' lang='lat' dir='ltr'>lx,</span> <span class='ocrx_word' id='word_1_455' title='bbox 1575 2907 1605 2930; x_wconf 75' lang='lat' dir='ltr'>1ss</span> <span class='ocrx_word' id='word_1_456' title='bbox 1625 2907 1676 2931; x_wconf 77' lang='lat' dir='ltr'>kat.</span> <span class='ocrx_word' id='word_1_457' title='bbox 1698 2907 1762 2931; x_wconf 83' lang='lat' dir='ltr'>Nov.</span> <span class='ocrx_word' id='word_1_458' title='bbox 1780 2916 1822 2932; x_wconf 83' lang='lat' dir='ltr'>un.</span> <span class='ocrx_word' id='word_1_459' title='bbox 1839 2909 1853 2932; x_wconf 82' lang='lat'>2</span> <span class='ocrx_word' id='word_1_460' title='bbox 1869 2909 1983 2940; x_wconf 71' lang='lat' dir='ltr'>(Archiv.</span> <span class='ocrx_word' id='word_1_461' title='bbox 2001 2914 2053 2934; x_wconf 83' lang='lat' dir='ltr'>nnt.</span> <span class='ocrx_word' id='word_1_462' title='bbox 2071 2911 2154 2934; x_wconf 72' lang='lat' dir='ltr'>Paris.</span> 
     </span>
     <span class='ocr_line' id='line_1_40' title="bbox 275 2951 2156 2986; baseline 0.002 -10"><span class='ocrx_word' id='word_1_463' title='bbox 275 2952 302 2977; x_wconf 87' lang='lat' dir='ltr'>L.</span> <span class='ocrx_word' id='word_1_464' title='bbox 323 2954 378 2982; x_wconf 71' lang='lat'>242,</span> <span class='ocrx_word' id='word_1_465' title='bbox 400 2957 430 2977; x_wconf 69' lang='lat' dir='ltr'>no</span> <span class='ocrx_word' id='word_1_466' title='bbox 449 2954 496 2986; x_wconf 77' lang='lat'>55).</span> <span class='ocrx_word' id='word_1_467' title='bbox 518 2954 590 2978; x_wconf 78' lang='lat' dir='ltr'>Anno</span> <span class='ocrx_word' id='word_1_468' title='bbox 611 2954 672 2978; x_wconf 74' lang='lat'><strong>124³</strong></span> <span class='ocrx_word' id='word_1_469' title='bbox 692 2953 779 2977; x_wconf 72' lang='lat' dir='ltr'>adhuc</span> <span class='ocrx_word' id='word_1_470' title='bbox 800 2953 911 2978; x_wconf 82' lang='lat' dir='ltr'>Parisiis</span> <span class='ocrx_word' id='word_1_471' title='bbox 931 2953 1085 2977; x_wconf 78' lang='lat' dir='ltr'>morabatur</span> <span class='ocrx_word' id='word_1_472' title='bbox 1104 2953 1177 2985; x_wconf 76' lang='lat' dir='ltr'>(Reg.</span> <span class='ocrx_word' id='word_1_473' title='bbox 1201 2952 1258 2976; x_wconf 78' lang='lat' dir='ltr'>Vnt..</span> <span class='ocrx_word' id='word_1_474' title='bbox 1282 2952 1369 2976; x_wconf 87' lang='lat' dir='ltr'>Innoc.</span> <span class='ocrx_word' id='word_1_475' title='bbox 1395 2951 1436 2980; x_wconf 79' lang='lat' dir='ltr'>w,</span> <span class='ocrx_word' id='word_1_476' title='bbox 1457 2959 1498 2975; x_wconf 79' lang='lat' dir='ltr'>an.</span> <span class='ocrx_word' id='word_1_477' title='bbox 1517 2952 1539 2980; x_wconf 81' lang='lat'>1,</span> <span class='ocrx_word' id='word_1_478' title='bbox 1559 2959 1601 2984; x_wconf 82' lang='lat' dir='ltr'>ep.</span> <span class='ocrx_word' id='word_1_479' title='bbox 1618 2952 1672 2981; x_wconf 83' lang='grc'><strong>169,</strong></span> <span class='ocrx_word' id='word_1_480' title='bbox 1692 2953 1736 2976; x_wconf 80' lang='lat' dir='ltr'>fol.</span> <span class='ocrx_word' id='word_1_481' title='bbox 1758 2952 1813 2976; x_wconf 67' lang='lat'>291¹.</span> <span class='ocrx_word' id='word_1_482' title='bbox 1835 2953 1942 2985; x_wconf 61' lang='lat' dir='ltr'>mergor,</span> <span class='ocrx_word' id='word_1_483' title='bbox 1959 2955 2008 2979; x_wconf 80' lang='lat' dir='ltr'>Les</span> <span class='ocrx_word' id='word_1_484' title='bbox 2026 2955 2156 2986; x_wconf 75' lang='lat' dir='ltr'>reqiscres</span> 
     </span>
     <span class='ocr_line' id='line_1_41' title="bbox 273 2995 2153 3031; baseline 0.001 -9"><span class='ocrx_word' id='word_1_485' title='bbox 273 2995 439 3023; x_wconf 79' lang='lat' dir='ltr'>d&#39;lnnocem</span> <span class='ocrx_word' id='word_1_486' title='bbox 455 2997 506 3027; x_wconf 79' lang='lat' dir='ltr'>IV,</span> <span class='ocrx_word' id='word_1_487' title='bbox 525 3002 556 3022; x_wconf 82' lang='grc' dir='ltr'>11ο</span> <span class='ocrx_word' id='word_1_488' title='bbox 575 2998 638 3031; x_wconf 76' lang='lat'>1⁰9).</span> <span class='ocrx_word' id='word_1_489' title='bbox 654 2998 683 3022; x_wconf 85' lang='lat' dir='ltr'>In</span> <span class='ocrx_word' id='word_1_490' title='bbox 699 2998 828 3023; x_wconf 79' lang='lat' dir='ltr'>Chartul.</span> <span class='ocrx_word' id='word_1_491' title='bbox 846 2998 874 3023; x_wconf 78' lang='lat' dir='ltr'>S.</span> <span class='ocrx_word' id='word_1_492' title='bbox 895 2997 1051 3029; x_wconf 72' lang='lat' dir='ltr'>Gmocesae</span> <span class='ocrx_word' id='word_1_493' title='bbox 1065 2996 1193 3029; x_wconf 78' lang='lat' dir='ltr'>magister</span> <span class='ocrx_word' id='word_1_494' title='bbox 1212 2996 1327 3021; x_wconf 80' lang='lat' dir='ltr'>Jacobus</span> <span class='ocrx_word' id='word_1_495' title='bbox 1343 2996 1375 3020; x_wconf 86' lang='lat' dir='ltr'>de</span> <span class='ocrx_word' id='word_1_496' title='bbox 1390 2996 1495 3028; x_wconf 74' lang='lat' dir='ltr'>Dynunt</span> <span class='ocrx_word' id='word_1_497' title='bbox 1509 2999 1618 3020; x_wconf 72' lang='lat' dir='ltr'>vocatur</span> <span class='ocrx_word' id='word_1_498' title='bbox 1638 3004 1732 3028; x_wconf 73' lang='lat' dir='ltr'>regens</span> <span class='ocrx_word' id='word_1_499' title='bbox 1753 2997 1862 3021; x_wconf 69' lang='lat' dir='ltr'>Parisiis</span> <span class='ocrx_word' id='word_1_500' title='bbox 1883 2998 1908 3021; x_wconf 85' lang='lat' dir='ltr'>in</span> <span class='ocrx_word' id='word_1_501' title='bbox 1929 2998 2060 3030; x_wconf 70' lang='lat' dir='ltr'>theologia</span> <span class='ocrx_word' id='word_1_502' title='bbox 2077 2999 2153 3029; x_wconf 76' lang='lat' dir='ltr'>(nihl.</span> 
     </span>
    </p>
   </div>
  </div>
 </body>
</html>
