2618 3640
510 441 550 473 10
1089 448 1411 471 cltAlt'rULAmUM
1446 448 1638 470 UNIVERS.
1675 447 1805 470 PAnls.

509 524 704 570 diligamus
735 524 893 557 caritatis
919 523 1062 565 affectu,
1089 530 1124 556 et
1148 522 1296 568 speciali
1323 522 1552 568 prerogativa
1578 522 1712 555 amoris
1744 528 1779 555 et
1803 522 1918 567 gratie
1947 522 2148 555 foveamus.
2178 522 2250 554 Hac
2276 520 2389 566 igitur

508 591 801 625 consideratione
831 590 983 629 inducti,
1013 597 1049 623 et
1074 602 1268 636 personam
1298 596 1394 623 tuam
1425 589 1574 635 speciali
1603 589 1770 623 volentes
1801 588 2010 622 dilectionis
2038 595 2163 622 nostre
2193 588 2387 634 privilegio

509 658 695 699 decorare,
726 657 791 691 tibi
821 657 986 690 redditus
1016 669 1108 702 quos
1139 657 1175 689 in
1205 668 1320 702 regno
1351 656 1552 689 Teutonico
1583 656 1621 688 in
1650 656 1793 689 fervore
1829 655 2050 697 schismatis,
2081 655 2183 688 nullo
2217 661 2387 700 cogente,

510 731 709 770 spontanee
743 724 928 765 dimisisti,
964 723 1008 756 de
1032 730 1216 756 consueta
1251 723 1442 756 clementia
1473 729 1508 756 et
1532 722 1758 767 benignitate
1795 722 1895 755 sedis
1930 722 2144 768 apostolice,
2179 722 2386 755 interventu

509 803 655 836 quoque
674 790 895 825 venerabilis
924 790 1046 823 fratris
1075 790 1191 823 nostri
1218 790 1422 835 Maguntini
1447 789 1727 834 archiepiscopi,
1754 789 1996 830 restituimus,
2023 795 2224 822 statuentes
2250 795 2290 822 ut
2313 800 2388 821 non

509 858 607 891 obsit
626 858 691 891 tibi
712 858 756 891 ad
777 858 1055 891 diminutionem
1075 857 1133 891 vel
1157 857 1331 890 maculam
1353 857 1445 889 same
1467 863 1541 898 tue,
1563 868 1630 889 nec
1651 856 1746 889 circa
1767 856 2035 901 promotionem
2056 863 2152 889 tuam
2174 855 2240 889 tibi
2266 856 2388 901 preju-

509 925 643 959 dicium
664 925 780 958 valeat
799 925 836 957 in
856 931 1042 970 posterum
1063 936 1254 969 generare,
1277 924 1375 968 quod
1396 923 1607 968 aliquandiu
1628 923 1794 956 redditus
1820 923 1916 956 inter
1941 923 2193 956 schismaticos
2221 922 2388 956 nosceris

509 992 684 1025 tenuisse.
706 993 784 1024 Dat.
803 991 967 1024 Laterani
988 991 1037 1023 id.
1065 991 1196 1023 Martii.

601 1090 664 1114 Rec.
686 1092 732 1115 des
755 1089 858 1113 Hister.
881 1090 927 1112 des
953 1089 1057 1112 Gaules
1079 1089 1130 1117 XV,
1153 1089 1252 1112 960.—
1267 1088 1364 1119 Migne,
1386 1088 1497 1112 Patrol.
1520 1088 1578 1115 lat„
1601 1090 1664 1110 tom.
1690 1087 1739 1116 CC,
1760 1096 1786 1119 p.
1804 1088 1874 1111 1200.
1899 1087 1964 1111 Vide
1986 1090 2125 1119 praeterea
2143 1087 2388 1112 Jnffe-Loewenfeld

507 1143 532 1158 n.
549 1135 634 1163 13039,
650 1134 695 1157 ubi
710 1133 836 1165 magister
852 1133 984 1157 Gerardus
1000 1133 1106 1156 Pucella
1121 1141 1180 1155 cum
1196 1133 1272 1156 Petro
1288 1132 1406 1155 Blcscnsi
1422 1131 1582 1160 nominatur,
1599 1133 1621 1155 3.
1639 1131 1722 1163 April.
1740 1132 1859 1163 ejusdcm
1875 1131 1945 1155 anni.

510 1288 584 1324 12.
607 1296 774 1322 Alexander
792 1298 839 1322 III
850 1296 955 1322 statuit
974 1297 1002 1322 in
1020 1296 1144 1322 Concilio
1159 1295 1351 1322 Lateranensi
1370 1297 1422 1331 ΙΙΙ,
1443 1299 1474 1321 ut
1493 1295 1642 1332 quaelibet
1664 1295 1787 1321 ecclesia
1807 1295 1987 1322 cathedralis
1999 1295 2142 1332 praebere
2157 1295 2264 1322 debeat
2284 1295 2389 1331 benefi-

594 1346 667 1371 cium
683 1346 829 1380 magistro,
848 1345 898 1381 qui
916 1344 1035 1371 clericos
1055 1344 1182 1381 ejusdem
1197 1345 1337 1371 ecclesiae
1357 1348 1385 1371 et
1403 1345 1479 1371 alios
1490 1353 1638 1382 pauperes
1652 1345 1746 1379 gratis
1762 1344 1873 1380 doceat,
1892 1348 1921 1371 et
1934 1344 1961 1370 si
1976 1345 2041 1381 quis
2068 1344 2227 1371 vendiderit
2241 1344 2387 1371 licentiam

594 1394 723 1430 docendi,
741 1398 793 1420 aut
807 1394 991 1421 interdixerit
1005 1394 1115 1429 docere,
1134 1394 1271 1429 beneficio
1283 1394 1421 1430 privetur.

1723 1457 1797 1487 1179,
1813 1457 1902 1483 Martii
1914 1457 1952 1487 19,
1968 1457 2097 1483 Laterani.

594 1543 619 1585 (5
642 1543 693 1585 18)
719 1542 897 1585 Quoniam
924 1541 1078 1574 ecclesia
1099 1541 1166 1574 Dei
1192 1548 1227 1575 et
1251 1542 1288 1574 in
1313 1541 1385 1583 his,
1412 1553 1482 1586 que
1505 1548 1670 1587 spectant
1694 1541 1739 1574 ad
1765 1540 1973 1574 subsidium
1998 1541 2178 1587 corporis,
2208 1547 2244 1574 et
2267 1541 2305 1574 in
2325 1540 2385 1584 iis,

505 1621 575 1654 que
596 1609 639 1641 ad
661 1609 861 1654 profectum
882 1609 1102 1654 proveniunt
1122 1609 1336 1650 animarum,
1363 1607 1630 1654 indigentibus,
1655 1608 1751 1641 sicut
1771 1608 1828 1654 pia
1849 1614 1975 1650 mater,
1998 1608 2193 1653 providere
2221 1610 2384 1650 tenetur;

504 1688 550 1709 ne
572 1676 806 1721 pauperibus,
824 1676 885 1721 qui
902 1671 1090 1721 parentum
1108 1675 1240 1721 opibus
1256 1676 1375 1721 juvari
1392 1688 1466 1708 non
1483 1682 1651 1721 possunt,
1669 1675 1818 1721 legendi
1839 1682 1875 1709 et
1894 1674 2111 1721 proficiendi
2132 1676 2387 1721 opportunitas

505 1742 749 1785 subtrahatur,
784 1755 848 1788 per
882 1755 1171 1789 unamquamque
1202 1742 1445 1776 cathedralem
1481 1742 1672 1776 ecclesiam
1708 1742 1897 1788 magistro,
1934 1742 1995 1788 qui
2030 1742 2185 1776 clericos
2220 1742 2386 1787 ejusdem

505 1810 659 1843 ecclesie
694 1817 729 1843 et
764 1810 923 1843 scolares
953 1822 1132 1856 pauperes
1161 1811 1275 1856 gratis
1309 1810 1450 1852 doceat,
1487 1816 1700 1856 competens
1737 1809 1886 1855 aliquod
1924 1809 2143 1842 beneficium
2177 1809 2385 1855 prebeatur,

505 1889 575 1922 quo
597 1877 763 1910 docentis
783 1878 984 1910 necessitas
1005 1877 1231 1919 sublevetur,
1254 1884 1289 1911 et
1308 1877 1536 1911 discentibus
1557 1877 1613 1911 via
1635 1883 1753 1922 pateat
1771 1877 1816 1910 ad
1837 1876 2051 1910 doctrinam.
2075 1877 2116 1909 In
2137 1876 2218 1910 aliis
2240 1886 2386 1922 quoque

505 1944 715 1977 restituatur
740 1944 906 1977 ecclesiis
933 1956 997 1978 scu
1023 1945 1269 1984 monasteriis,
1297 1945 1327 1978 si
1354 1945 1544 1978 retroactis
1570 1943 1799 1990 temporibus
1824 1944 1962 1989 aliquid
1988 1944 2025 1976 in
2049 1944 2103 1977 eis
2123 1943 2257 1977 adhoc
2277 1943 2388 1977 fuerit

506 2010 726 2056 deputatum.
758 2012 827 2044 Pro
857 2011 1001 2045 licentia
1030 2024 1116 2045 vero
1152 2012 1309 2045 docendi
1344 2012 1468 2045 nullus
1503 2011 1652 2044 omuino
1687 2011 1844 2057 pretium
1876 2011 2008 2057 exigat,
2038 2010 2097 2045 vel
2131 2010 2200 2044 sub
2234 2010 2386 2045 obtentu

505 2077 658 2123 alicujus
688 2078 966 2112 consuetudinis
995 2078 1038 2111 ab
1066 2079 1133 2121 eis,
1156 2079 1218 2124 qui
1244 2079 1389 2120 docent,
1416 2079 1554 2124 aliquid
1580 2085 1720 2124 querat,
1748 2090 1815 2111 nec
1842 2078 1976 2111 docere
2002 2090 2234 2124 quemquam,
2257 2078 2319 2124 qui
2340 2077 2388 2112 sit

504 2144 674 2187 idoneus,
700 2145 810 2190 petita
835 2145 980 2179 licentia
1005 2146 1208 2179 interdicat.
1241 2146 1311 2190 Qui
1338 2153 1457 2179 autem
1483 2152 1608 2179 contra
1636 2145 1704 2179 hoc
1737 2145 1863 2179 venire
1894 2145 2174 2191 presumpserit,
2199 2144 2243 2178 ab
2269 2145 2388 2179 eccle-

505 2211 651 2245 siastico
673 2212 733 2245 fiat
756 2212 934 2245 beneficio
960 2212 1114 2246 alienus.
1138 2213 1296 2259 Dignum
1319 2213 1454 2259 quippe
1476 2225 1559 2246 esse
1583 2213 1742 2255 videtur,
1765 2219 1805 2246 ut
1827 2213 1864 2246 in
1886 2212 2041 2246 ecclesia
2062 2213 2129 2246 Dei
2149 2213 2306 2246 fructum
2328 2211 2386 2246 sui

505 2278 641 2312 laboris
669 2291 741 2311 non
768 2278 909 2321 habeat,
939 2280 1000 2324 qui
1030 2280 1226 2325 cupiditate
1256 2280 1383 2322 animi,
1413 2280 1498 2313 dum
1526 2280 1652 2313 vendit
1678 2279 1835 2313 docendi
1866 2279 2067 2322 licentiam,
2096 2279 2386 2313 ecclesiasticum

507 2346 706 2391 profectum
728 2346 855 2379 nititur
870 2346 1060 2391 impedire.

599 2444 692 2472 Mami,
709 2444 801 2474 Ampl.
816 2444 877 2469 coll.
894 2444 992 2469 concil.
1008 2445 1086 2473 XXII,
1103 2445 1157 2474 227,
1175 2445 1289 2476 Compil.
1311 2445 1335 2474 Ι,
1357 2453 1379 2469 c.
1398 2445 1420 2474 1,
1436 2445 1476 2469 tit.
1498 2445 1530 2469 de
1546 2445 1683 2477 magistris
1705 2445 1738 2477 (5,
1758 2446 1792 2478 4),
1813 2445 1839 2469 in
1855 2445 1918 2469 Cod.
1939 2445 1996 2469 Vnt.
2020 2445 2089 2469 1377.
2107 2444 2220 2469 Abbrev.
2237 2444 2264 2468 in
2283 2444 2313 2473 X,
2334 2452 2357 2468 c.
2373 2443 2387 2468 ’1

506 2488 532 2511 h.
548 2492 566 2512 t.
583 2488 615 2521 (5,
633 2489 664 2521 5).

513 2596 586 2634 13.
610 2606 777 2633 Alexander
796 2609 843 2633 III
858 2612 950 2634 mouet
969 2608 1114 2644 quoddam
1130 2609 1296 2645 capitulum,
1311 2609 1511 2646 praebendam
1528 2619 1582 2647 per
1602 2610 1746 2637 biennium
1766 2609 1905 2636 concedat
1924 2609 2061 2635 canonico
2085 2607 2258 2643 Theobaldo,
2276 2606 2317 2633 ad
2335 2606 2388 2634 hoc

598 2659 629 2680 ut
643 2655 671 2681 in
686 2655 791 2682 scholis
807 2656 966 2692 theologiae
980 2658 1079 2692 gratia
1094 2654 1264 2685 com'morari
1274 2659 1378 2695 possit.

1811 2715 1883 2741 Circa
1898 2722 1937 2741 an.
1954 2714 2027 2740 1180.

598 2795 711 2828 Justis
746 2796 989 2841 peticionibus
1017 2804 1120 2843 grato
1149 2810 1217 2831 nos
1251 2799 1423 2832 convenit
1456 2800 1578 2833 favore
1616 2810 1837 2832 concurrere
1872 2804 1908 2831 et
1941 2809 2002 2830 eas
2036 2803 2134 2830 tanto
2164 2795 2386 2841 benignius,

510 2868 643 2906 quanto
673 2861 863 2896 honestius
891 2864 1142 2909 porriguntur,
1171 2866 1315 2899 effectui
1342 2866 1560 2911 mancipare.
1590 2865 1754 2898 Dilectus
1784 2871 1902 2898 autem
1931 2863 2029 2897 filius
2056 2869 2183 2896 noster
2212 2862 2388 2908 magister

511 2927 767 2973 The(obaldus)
797 2930 952 2975 supplici
982 2930 1157 2964 relatione
1191 2944 1297 2965 suum
1327 2932 1435 2966 nobis
1470 2932 1639 2978 exposuit
1669 2931 1918 2965 commorandi
1947 2931 1985 2963 in
2017 2929 2129 2963 scolis
2161 2929 2384 2962 desiderium

511 2994 610 3027 illius
630 2995 781 3029 scientie
802 2997 915 3042 gratia
935 2997 1178 3042 potissimum,
1197 3011 1267 3044 que
1289 2999 1444 3033 ecclesie
1462 2999 1528 3033 Dei
1550 3011 1623 3032 non
1644 2999 1766 3032 minus
1782 2997 1989 3031 necessaria
2010 3009 2116 3042 quam
2132 2996 2234 3030 utilis
2251 2996 2386 3038 existit,

635 3054 659 3077 2.
