2618 3640
713 458 760 480 ΑΒ
795 457 1039 480 ΑιΕΧΑΝωιο
1074 457 1123 478 111
1158 456 1291 485 usque
1325 457 1374 479 An
1408 457 1547 479 ANNUM
1582 457 1671 479 mcc.
2093 450 2132 482 51

253 533 408 567 dilector
437 544 511 566 non
539 538 638 565 caret
670 532 789 565 fructu
819 530 879 564 vel
906 531 1047 577 premio
1076 530 1269 576 diligendi,
1297 531 1363 564 sed
1391 530 1585 576 requirens
1611 531 1763 573 invenit,
1793 532 1823 564 si
1856 539 1974 565 tamen
2002 539 2132 566 rectam

254 599 421 646 pervenit
439 599 484 632 ad
502 598 597 633 viam
618 598 844 644 requirendi.
866 599 1017 639 Verum,
1039 610 1121 631 cum
1143 597 1289 631 easdem
1311 597 1450 631 litteras
1472 598 1517 631 de
1537 598 1636 631 sonte
1656 598 1771 639 arido,
1799 599 1843 631 ‹le
1864 611 1955 632 vena
1977 611 2135 644 paupere

254 665 418 712 postulas
438 665 504 699 tibi
522 665 640 707 fundi,
662 677 736 698 non
756 665 844 699 satis
865 665 1079 698 consideras
1099 671 1134 698 te
1155 676 1289 706 errare,
1313 676 1387 698 non
1407 665 1642 698 mediocriter
1662 677 1719 697 me
1739 665 1928 707 confundi,
1950 666 2033 710 quia
2054 678 2134 698 cum

254 745 274 767 a
293 744 350 766 me
369 733 486 778 exigis
503 732 548 766 ad
566 731 665 777 quod
686 731 896 765 nullatenus
916 731 1157 765 invalesco....
1180 733 1221 764 In
1241 731 1309 764 hoc
1330 738 1449 764 tamen
1468 743 1542 764 non
1562 731 1712 772 falleris,
1738 731 1836 777 quod
1855 744 1928 765 non
1947 739 2136 778 poetarum

254 800 372 846 exigis
403 799 543 833 fabulas
570 805 607 833 et
636 799 823 845 figmenta,
857 810 930 832 non
955 798 1202 845 sophistarum
1227 798 1391 844 laqueos,
1421 811 1495 831 non
1522 798 1780 844 decipientium
1810 806 2036 844 argumenta,
2062 811 2136 832 non

255 866 414 912 denique
433 866 534 900 aliud
554 865 627 912 quo
648 865 785 899 exultet
803 866 955 907 vanitas,
978 865 1146 899 turbetur
1165 865 1299 899 veritas
1321 872 1356 899 et
1375 865 1532 905 vacillet,
1555 865 1621 898 sed
1641 866 1739 911 quod
1761 872 1855 899 tuam
1878 866 2008 907 foveat,
2031 872 2079 907 et,
2099 873 2138 899 ut

254 933 321 975 ais,
347 933 502 967 animam
527 933 720 966 refocillet.
748 934 824 966 Hoc
850 945 984 966 munus
1010 933 1141 978 quovis
1166 945 1317 966 munere
1339 932 1404 966 tibi
1424 933 1557 974 carius,
1586 933 1695 966 immo
1717 933 1915 978 pretiosius
1940 933 2135 974 attestaris,

254 999 323 1034 hoc
348 1012 367 1033 a
393 1012 449 1033 me
474 1012 584 1046 posse
610 1000 716 1041 mitti,
742 1006 781 1033 ut
806 1006 867 1033 tue
892 999 1012 1033 littere
1038 999 1246 1045 perhibent,
1273 999 1460 1033 arbitraris
1482 1011 1490 1033 z
1513 1012 1587 1032 non
1612 1000 1804 1033 attendens
1832 1000 1930 1045 quod
1951 1001 1987 1033 in
2010 1000 2135 1034 silvam

254 1066 354 1113 ligna
374 1067 462 1100 ferri
483 1067 654 1108 otiosum,
677 1079 723 1100 ne
745 1067 861 1100 dicam
881 1066 1051 1100 frivolum
1067 1067 1266 1112 judicatur,
1293 1073 1329 1100 et
1349 1067 1386 1099 in
1405 1078 1494 1112 agro
1515 1078 1597 1100 meo
1618 1079 1685 1100 nec
1706 1067 1783 1112 ipsa
1804 1066 1903 1113 ligna
1924 1068 2042 1109 sortia,
2072 1067 2137 1101 sed

255 1134 396 1167 arundo
422 1133 565 1180 fragilis
585 1140 794 1180 generatur.
826 1133 946 1167 Habes
970 1145 1077 1179 quam
1103 1133 1235 1167 incolis
1255 1133 1401 1167 Cariath
1423 1133 1574 1179 Sepher,
1597 1134 1791 1175 civitatem,
1814 1140 1853 1167 ut
1872 1133 2019 1179 legitur,
2042 1134 2138 1167 litte-

257 1212 390 1243 rarum,
417 1200 531 1234 habes
558 1200 703 1234 divinos
732 1200 894 1242 codices,
925 1199 1119 1246 apothecas
1147 1199 1281 1233 uberes
1316 1200 1577 1246 scripturarum
1611 1212 1618 1233 :
1649 1200 1762 1234 habes
1791 1201 1918 1234 cellam
1948 1201 2136 1243 vinariam,

255 1267 403 1301 domum
424 1267 522 1300 illam
543 1274 756 1309 aromatum,
786 1267 966 1313 porticum
987 1267 1206 1308 Salomonis,
1233 1266 1346 1300 habes
1372 1267 1470 1312 quod
1490 1267 1534 1300 ad
1557 1267 1833 1300 refocillandum
1854 1268 2007 1301 animam
2030 1280 2138 1313 expe-

255 1333 334 1367 dire
364 1331 534 1379 perhibet
561 1333 684 1367 divine
714 1334 830 1367 series
861 1334 1042 1366 lectionis.
1075 1334 1184 1379 Legis
1213 1340 1331 1367 autem
1361 1340 1397 1366 et
1422 1333 1599 1379 intelligis
1630 1334 1728 1379 quod
1758 1334 1845 1367 utile
1876 1341 1931 1368 est
1958 1335 2137 1376 doctrine,

255 1399 433 1442 moribus,
462 1400 654 1442 sanctitati,
681 1400 836 1446 apponis
865 1407 901 1434 et
926 1400 1094 1446 diligere,
1121 1407 1157 1433 et
1177 1400 1401 1433 intellectum
1423 1401 1582 1446 jungere
1607 1401 1745 1434 caritati
1769 1413 1775 1434 :
1803 1408 1839 1434 ct
1858 1402 1956 1446 quod
1977 1402 2140 1447 predicat

254 1467 376 1509 lectio,
407 1474 444 1500 et
472 1467 568 1513 capit
596 1466 806 1500 intellectus
836 1467 1008 1513 legentis,
1034 1467 1259 1513 amplexatur
1294 1467 1442 1500 dilectio
1468 1474 1503 1500 et
1532 1468 1682 1500 affectus
1708 1468 1861 1501 interior
1892 1468 2136 1514 diligentis...

255 1534 362 1578 Quod
382 1541 545 1580 propter,
572 1541 670 1568 recte
696 1534 732 1567 in
758 1534 831 1568 tuis
855 1540 890 1567 te
915 1533 1049 1567 litteris
1074 1546 1336 1579 nonnunquam
1364 1541 1402 1567 ut
1428 1534 1565 1567 attendi
1592 1534 1759 1567 nominas
1780 1535 2028 1580 peregrinum,
2056 1536 2139 1580 quia

255 1601 424 1647 quisquis
454 1607 552 1635 recte
583 1601 689 1647 sapit,
720 1601 822 1635 novit
851 1613 891 1635 se
918 1601 1004 1634 dum
1029 1601 1088 1635 hic
1113 1601 1259 1643 vivitur,
1286 1601 1505 1646 inquilinum
1528 1613 1535 1634 :
1564 1608 1599 1634 et
1627 1614 1699 1634 non
1727 1602 1845 1635 solum
1874 1602 2047 1643 Parisius,
2078 1602 2140 1635 uhi

254 1667 450 1714 aliquando
480 1668 681 1702 litterarum
711 1668 826 1714 gratia
855 1668 1100 1710 conversaris,
1132 1668 1198 1702 sed
1226 1667 1436 1714 ubicunque
1467 1675 1643 1702 terrarum
1674 1668 1732 1702 vel
1762 1669 1924 1702 locorum
1956 1681 1995 1702 es
2026 1669 2141 1703 viator

255 1735 502 1778 transitorius,
522 1735 734 1781 hospitaris.
757 1737 900 1781 Hospes
920 1747 1008 1769 vero
1033 1735 1152 1769 noctis
1178 1736 1301 1777 unius,
1327 1735 1410 1781 quia
1435 1735 1509 1769 illic
1535 1736 1673 1769 diutius
1699 1748 1845 1769 manere
1871 1749 1944 1770 non
1971 1736 2139 1778 intendit,

255 1813 330 1836 non
350 1801 517 1836 stabilem
539 1802 686 1836 domum
709 1802 848 1844 fundat,
871 1802 936 1836 sed
956 1802 1229 1836 tabernaculum
1250 1802 1321 1836 sibi
1342 1803 1458 1836 tendit
1480 1815 1487 1836 ε
1510 1815 1614 1836 mane
1635 1804 1727 1836 facto
1749 1803 1897 1837 solvens
1919 1803 2022 1845 illud,
2052 1803 2140 1837 alias

256 1868 378 1915 pergit
401 1869 468 1911 ire,
493 1881 561 1902 nec
586 1870 666 1914 ejus
692 1881 757 1915 pes
783 1869 951 1915 quiescit,
979 1869 1051 1903 nisi
1076 1882 1157 1903 cum
1184 1869 1326 1903 tandem
1355 1870 1398 1903 ad
1425 1876 1580 1915 optatam
1606 1870 1820 1903 conceditur
1842 1870 1989 1915 patriam
2012 1882 2140 1916 perve-

256 1935 348 1968 nire.
372 1936 447 1969 Hoc
470 1935 582 1981 sapis,
603 1935 671 1970 hoc
693 1936 839 1978 recolis,
862 1936 931 1970 hoc
952 1948 1079 1970 revera
1100 1936 1267 1982 intelligo
1293 1943 1327 1970 te
1354 1937 1503 1978 sentire,
1531 1936 1599 1970 hoc
1626 1949 1699 1970 non
1725 1937 1839 1970 semel
1865 1937 1930 1970 sed
1951 1937 2081 1970 iterum
2104 1937 2140 1970 in

256 2002 330 2036 tuis
357 2002 502 2048 gaudeo
532 2002 663 2036 litteris
691 2003 858 2037 invenire
885 2015 892 2036 :
920 2015 987 2036 nec
1016 2003 1142 2045 verbo,
1175 2003 1252 2037 sive
1282 2003 1407 2049 lingua
1436 2010 1587 2046 tantum,
1619 2004 1684 2037 secl
1713 2004 1783 2038 vita
1814 2011 1849 2037 et
1878 2004 2042 2037 moribus
2072 2004 2140 2037 hoc

257 2069 436 2111 ostendis,
459 2069 545 2103 dum
567 2081 641 2103 non
661 2076 759 2104 retro
780 2070 825 2104 ad
846 2070 984 2112 ultima,
1007 2070 1072 2104 sed
1092 2071 1129 2104 in
1150 2077 1232 2104 ante
1253 2071 1297 2104 ad
1319 2071 1452 2116 optima
1474 2071 1571 2104 dono
1591 2071 1707 2117 gratie
1729 2078 1762 2105 te
1789 2072 1967 2105 extendis.
1995 2072 2051 2104 Ad
2072 2071 2140 2105 hoc

257 2142 362 2170 sonat
390 2142 427 2170 et
454 2136 595 2170 intonat
622 2137 742 2171 omnis
772 2137 857 2171 tuba
886 2137 945 2172 vel
974 2137 1127 2171 buccina
1155 2137 1337 2179 litteralis,
1367 2138 1411 2171 ad
1439 2137 1507 2171 hoc
1534 2137 1619 2171 libri
1645 2138 1837 2184 gentilium
1869 2145 1904 2172 et
1933 2139 2138 2172 divinorum

258 2202 389 2248 pagina
416 2203 591 2249 spiritalis
615 2215 622 2237 :
649 2203 694 2237 ad
719 2203 788 2238 hoc
821 2204 980 2250 denique
1007 2204 1116 2238 nobis
1143 2205 1248 2238 datur
1273 2205 1392 2238 omnis
1418 2205 1526 2238 lectio
1551 2205 1609 2239 vel
1634 2205 1827 2251 scriptura,
1854 2206 1890 2238 in
1916 2218 1997 2251 qua,
2025 2206 2056 2239 si
2083 2206 2139 2251 pie

257 2268 406 2314 legeris,
427 2269 486 2303 vel
506 2270 620 2304 factor
638 2270 856 2317 intelligitur
875 2271 934 2305 vel
954 2271 1102 2305 factura.
1125 2273 1191 2305 Est
1210 2278 1328 2305 autem
1350 2272 1433 2318 lege
1454 2284 1593 2305 summa
1615 2272 1806 2314 sancitum,
1827 2279 1863 2306 et
1879 2273 1977 2305 omni
2000 2272 2139 2305 firmius

257 2335 406 2368 insitum
432 2342 610 2378 creature,
637 2343 675 2370 ut
699 2337 863 2382 genitum
889 2344 1033 2371 constet
1059 2338 1163 2379 nihil,
1192 2339 1257 2371 sed
1284 2338 1469 2372 mutabilis
1495 2339 1542 2372 sit
1566 2345 1693 2372 nature
1716 2350 1723 2372 ε
1752 2345 1788 2372 et
1812 2339 1988 2384 quidquid
2017 2350 2137 2372 rerum

258 2409 327 2436 tam
355 2403 598 2448 corporalium
627 2415 733 2449 quam
762 2404 1019 2450 spiritualium,
1047 2404 1105 2438 vel
1133 2405 1254 2444 simul,
1283 2405 1340 2439 vel
1369 2412 1452 2451 post
1478 2405 1633 2438 invicem
1663 2417 1745 2438 csse
1774 2406 1882 2450 cepit,
1915 2412 1953 2438 ut
1982 2411 2135 2446 constet,

257 2469 552 2503 incommutabile
579 2470 791 2504 naturaliter
817 2482 890 2504 non
916 2471 1066 2517 accepit.
1094 2472 1200 2515 Quod
1229 2472 1259 2505 si
1287 2472 1369 2517 quis
1396 2472 1453 2505 vel
1481 2471 1660 2505 humanus
1684 2472 1741 2506 vel
1767 2472 1956 2517 angelicus
1987 2473 2138 2518 spiritus

258 2542 353 2570 stare
379 2548 475 2570 nunc
502 2536 776 2571 immutabiliter
801 2538 997 2579 invenitur,
1024 2550 1097 2571 non
1123 2538 1345 2572 conditionis
1371 2539 1513 2580 merito,
1541 2539 1606 2572 sed
1631 2539 1745 2584 gratia
1771 2540 1851 2584 ejus
1877 2539 1938 2585 qui
1959 2539 2136 2579 condidit,

257 2602 325 2636 hoc
351 2603 515 2646 sortitur,
542 2610 578 2637 et
602 2604 700 2649 quod
727 2610 836 2650 negat
861 2604 1033 2638 omnibus
1059 2605 1190 2638 creatis
1216 2617 1259 2638 ex
1280 2604 1394 2638 nihilo
1420 2605 1478 2638 lex
1504 2611 1643 2647 nature,
1671 2612 1868 2651 prepotens
1893 2606 2006 2652 gratia
2028 2607 2137 2640 Crea-

258 2669 348 2704 toris
384 2670 527 2704 confert
556 2671 648 2716 ejus,
680 2671 826 2717 quando
856 2671 1026 2713 voluerit,
1056 2678 1233 2705 creature.
1265 2672 1321 2705 Ad
1354 2671 1422 2705 hoc
1452 2678 1570 2706 autem
1599 2685 1618 2706 a
1647 2673 1890 2718 prudentibus
1918 2674 1985 2707 ista
2015 2685 2135 2707 rerum

257 2736 432 2770 naturalis
452 2736 673 2771 mutabilitas
694 2737 804 2772 debet
823 2738 923 2779 sciri,
949 2745 989 2772 ut
1012 2750 1154 2772 summo
1180 2739 1263 2772 nisu
1288 2745 1438 2773 caveant
1463 2751 1587 2772 errore
1612 2739 1669 2773 vel
1694 2752 1816 2773 amore
1842 2740 1964 2774 talium
1987 2741 2134 2782 irretiri,

258 2808 298 2836 ut
315 2802 418 2836 nullo
438 2803 547 2837 modo
573 2805 764 2851 quisquam
790 2812 976 2851 presumat
1001 2805 1134 2839 talibus
1156 2805 1338 2847 inherere,
1365 2818 1435 2852 que
1456 2812 1491 2840 et
1511 2806 1588 2852 ipsa
1609 2819 1627 2840 a
1649 2807 1782 2852 seipsis
1804 2819 1876 2840 non
1897 2807 2018 2841 valent
2042 2814 2134 2841 statu

258 2868 379 2903 stabili
400 2881 626 2915 permanere.
653 2872 930 2906 Transeundum
958 2878 1014 2906 est
1039 2872 1164 2918 igitur,
1190 2879 1226 2906 et
1251 2885 1351 2907 more
1378 2873 1574 2919 peregrino
1600 2874 1782 2919 proficisci
1809 2881 1845 2908 ct
1865 2874 2041 2920 proficere
2063 2887 2135 2907 non

257 2935 434 2978 cessabis,
455 2948 674 2984 omnemque
693 2945 893 2973 creaturam
915 2939 1028 2973 instar
1048 2939 1271 2973 tabernaculi
1294 2939 1357 2974 tibi
1379 2952 1451 2973 non
1474 2940 1640 2974 sufficere
1657 2940 1841 2986 judicabis
1860 2953 1866 2974 ε
1892 2954 1956 2974 nco
1978 2941 2134 2974 desistes

258 3003 432 3048 progredi
457 3003 574 3038 donec
599 3005 813 3050 perveneris
842 3012 878 3039 et
906 3006 1092 3040 inveneris
1123 3018 1291 3052 magnum
1323 3007 1492 3052 quiddam
1525 3007 1622 3040 omni
1652 3007 1931 3052 supereminens
1955 3014 2133 3045 creature„
