2618 3640
302 2479 474 2504 scientiarum

321 2510 453 2543 professio.

550 435 631 457 XXVI
1140 430 1457 454 CHARTL‘LARIUM
1491 428 1682 451 UNIVERS.
1719 427 1848 449 PARIS.

551 509 721 545 munibus
741 508 982 544 Universitatis
998 506 1247 542 inviolabiliter
1262 503 1505 548 observabitis,
1526 504 1570 540 ad
1587 513 1839 550 quemcunque
1858 505 1990 538 statum
2011 500 2263 537 deveneritis'.
2283 515 2299 532 »
2326 499 2428 536 Unde

550 581 585 616 in
626 579 872 615 instrumentis
907 579 1004 614 illius
1038 578 1113 614 aevi
1149 577 1309 624 provenit
1345 575 1478 611 locutio
1508 587 1515 610 :
1550 589 1564 606 (ι
1602 576 1731 610 Rector
1764 576 1799 610 et
1833 572 2051 609 Universitas
2092 571 2346 619 magistrorum
2392 574 2428 607 et

549 655 738 692 scolarium
759 654 1027 691 Parisiensium.
1048 669 1063 686 »

647 728 725 762 Non
746 726 876 761 mirum
899 726 926 760 si
950 727 1078 760 Rector
1098 723 1290 759 Facultatis
1310 721 1523 757 Artistarum
1545 720 1722 768 gradatim
1747 722 1876 756 Rector
1899 720 2005 756 totius
2027 718 2270 755 Universitatis
2296 718 2424 762 evasit3

548 809 655 845 quem
680 797 832 832 vidimus
845 797 918 844 jam
940 795 1077 843 pridem
1100 794 1243 842 negotia
1260 793 1438 841 quaedam
1457 792 1621 828 omnium
1640 791 1864 827 Facultatum
1886 790 2152 838 expedientem.
2176 789 2285 826 Aliud
2306 793 2426 826 autem

546 880 588 905 ex
604 869 672 904 alio
686 868 851 911 trahitur,
871 866 1077 915 praesertim
1100 865 1136 900 in
1160 864 1395 901 Universitate
1412 863 1600 899 Parisiensi
1616 862 1713 898 illius
1728 862 1913 911 temporis,
1931 862 1993 898 ubi
2009 861 2123 898 multa
2135 861 2298 897 nondum
2319 872 2427 909 regu-

545 940 617 975 lam
633 951 673 975 ac
693 950 857 975 normam
877 937 1127 985 sequebantur.
1153 936 1291 971 Deinde
1313 935 1499 971 scholares
1519 934 1683 971 omnium
1705 933 1943 978 Facultatum,
1962 918 2106 981 quando
2131 932 2284 969 Artistae
2305 934 2422 977 erant,

544 1011 588 1046 ad
614 1010 831 1046 consortium
857 1013 1024 1056 quattuor
1048 1007 1252 1050 Nationum,
1276 1007 1333 1042 cui
1363 1009 1493 1042 Rector
1521 1005 1760 1054 praesidebat,
1793 1004 2040 1053 pertinebant;
2069 1004 2182 1040 immo
2207 1007 2242 1040 et
2267 1002 2424 1051 magistri

543 1082 651 1117 trium
669 1081 890 1117 Facultatum
916 1080 1141 1127 superiorum
1162 1078 1302 1114 Rectori
1318 1077 1372 1113 vel
1393 1077 1519 1113 saltem
1543 1077 1715 1113 Facultati
1736 1076 1952 1113 Artistarum
1973 1087 2036 1123 per
2056 1076 2303 1124 juramentum
2326 1074 2424 1122 quod

543 1152 643 1197 olim,
662 1152 689 1187 si
711 1152 747 1187 in
769 1151 913 1186 Artibus
936 1151 1157 1198 inceperant,
1183 1149 1327 1185 Rectori
1350 1148 1613 1197 praestiterant,
1642 1147 1908 1197 obligabantur.
1935 1146 2100 1195 Denique
2122 1146 2276 1182 Artistae
2295 1145 2424 1182 ceteris

542 1223 766 1259 studentibus
794 1222 908 1258 multo
934 1221 1057 1270 plures
1079 1225 1194 1265 erant,
1224 1220 1272 1256 ita
1292 1224 1331 1256 ut
1353 1220 1526 1268 Theologi
1549 1220 1858 1268 Decretistaeque,
1888 1219 2005 1267 magis
2029 1218 2138 1255 etiam
2168 1217 2311 1262 Medici,
2337 1228 2423 1265 prae

540 1306 663 1330 eorum
682 1305 832 1329 numero
849 1292 948 1340 quasi
969 1295 1232 1328 evanescerent.

636 1366 740 1401 Anno
765 1367 856 1400 1249
878 1363 1048 1400 Nationes
1071 1363 1259 1399 discordiis
1285 1362 1449 1399 turbatas
1472 1363 1648 1406 videmus,
1666 1362 1883 1409 Gallicisque
1907 1373 2022 1397 unum
2045 1363 2245 1402 Rectorem,
2270 1359 2422 1407 aliisque

539 1436 749 1472 Nationibus
767 1435 875 1471 simul
889 1435 1000 1470 alium
1021 1436 1206 1470 Rectorem
1223 1445 1402 1481 praeesse.
1421 1435 1512 1469 Tum
1531 1433 1623 1470 facta
1641 1438 1694 1469 est
1709 1433 1803 1469 inter
1813 1433 1891 1469 illas
1906 1433 2022 1468 amica
2037 1431 2224 1468 conventio
2241 1435 2279 1467 ut
2294 1442 2421 1468 omnes

538 1519 651 1544 unum
667 1509 856 1543 Rectorem
879 1505 1054 1542 haberent
1071 1509 1178 1552 atque
1199 1505 1347 1541 modum
1369 1505 1523 1553 eligendi
1544 1504 1703 1541 Rectoris
1723 1507 1933 1545 statuerent,
1951 1515 2043 1551 quae
2064 1503 2188 1539 omnia
2208 1501 2418 1550 singillatim

537 1579 575 1614 in
589 1579 803 1614 documento
819 1581 856 1612 n⁰
871 1579 937 1612 187
952 1581 1193 1612 recensentur.
1212 1578 1338 1612 Rector
1349 1588 1369 1612 a
1384 1576 1677 1624 procuratoribus
1692 1578 1862 1623 quattuor
1877 1575 2071 1611 Nationum
2086 1574 2274 1622 eligendus
2291 1573 2370 1618 suit,
2384 1576 2420 1609 et

537 1662 583 1685 ne
605 1649 844 1685 dissensiones
866 1648 904 1683 in
926 1647 1100 1683 electione
1120 1651 1318 1691 orerentur,
1342 1647 1568 1683 cautionibus
1588 1647 1693 1683 certis
1712 1646 1894 1694 provisum
1916 1649 1982 1682 est.
2009 1647 2049 1681 In
2069 1646 2138 1681 ista
2160 1645 2420 1692 compositione

535 1715 607 1757 non
628 1720 817 1767 exponitur
832 1719 969 1766 quoties
986 1718 1168 1766 eligendus
1187 1718 1305 1762 fuerit,
1326 1718 1458 1754 dicitur
1473 1722 1612 1754 tantum
1630 1731 1638 1754 ε
1662 1732 1676 1750 «
1691 1717 1804 1754 Stabit
1820 1719 1947 1753 Rector
1962 1728 2075 1765 usque
2091 1717 2136 1752 ad
2152 1720 2292 1764 tempus
2304 1715 2420 1752 deter—

535 1792 759 1827 minatum».
778 1793 881 1826 Anno
899 1792 990 1826 1266
1009 1790 1131 1825 Simon
1148 1790 1288 1837 legatus
1301 1789 1372 1837 agit
1386 1789 1429 1825 de
1453 1804 1467 1822 «
1483 1801 1566 1833 usu,
1585 1790 1671 1837 quin
1687 1789 1808 1837 potius
1823 1788 1938 1824 abusu
1956 1799 2028 1824 non
2044 1800 2064 1824 a
2079 1787 2201 1824 multis
2218 1791 2310 1824 retro
2327 1790 2418 1823 tem-

535 1862 681 1911 poribus
696 1862 911 1905 introducto,
933 1861 1095 1896 videlicet
1111 1861 1207 1908 quod
1223 1863 1352 1897 Rector
1366 1872 1479 1896 novus
1494 1860 1644 1909 singulis
1660 1860 1848 1896 mensibus
1861 1860 1916 1896 vel
1934 1871 1995 1896 sex
2011 1859 2220 1896 ebdomadis
2234 1859 2409 1907 eligatur»
2467 1841 2469 1843 ι

537 1933 633 1981 (Vid.
652 1938 690 1969 n⁰
707 1935 791 1977 409,
811 1945 847 1980 p.
869 1934 966 1975 455),
983 1932 1153 1979 idemque
1171 1932 1299 1979 repetit
1318 1943 1413 1968 anno
1436 1934 1528 1968 1279
1549 1931 1651 1980 (Vz'd.
1672 1939 1710 1967 n⁰
1724 1931 1827 1979 492).
1847 1931 2043 1967 Pristinum
2059 1943 2164 1966 usum
2181 1942 2245 1966 seu
2261 1929 2417 1966 abusum

538 2004 702 2048 abolevit⁷
728 2004 921 2051 statuitque
949 2018 963 2035 (ι
985 2003 1081 2051 quod
1105 2005 1233 2039 Rector
1254 2003 1502 2039 Universitatis
1525 2006 1653 2050 quater
1681 2003 1717 2038 in
1738 2015 1845 2047 anno,
1873 2005 1907 2039 et
1931 2014 2004 2039 non
2027 2001 2175 2050 plurieS,
2207 2001 2414 2050 eligatur»,

538 2075 665 2112 diebus
680 2078 848 2123 quattuor
862 2074 1045 2110 electionis
1062 2074 1246 2110 faciendae
1258 2074 1499 2121 praescriptis.
1518 2074 1711 2122 Adjunxit:
1735 2089 1749 2106 ‹=
1764 2074 1921 2121 Eligetur
1939 2075 2070 2110 Rector
2086 2074 2213 2109 unicus
2229 2085 2249 2109 a
2264 2077 2419 2120 quatuor

538 2146 828 2191 procuratoribus
845 2145 1041 2181 Nacionum
1057 2145 1110 2181 vel
1127 2145 1205 2181 aliis
1221 2148 1375 2193 quatuor
1388 2157 1512 2181 earum
1528 2145 1844 2193 magistrisjuratis
1863 2146 2065 2181 secundum
2082 2148 2245 2181 tenorem
2262 2144 2409 2180 statuti»

544 2221 597 2265 (n⁰
615 2220 694 2253 187.
724 2217 802 2253 Vid.
822 2221 859 2251 n⁰
874 2219 957 2260 409,
975 2229 1009 2264 p.
1030 2216 1127 2263 456).
1146 2217 1292 2252 Modum
1310 2216 1467 2264 eligendi
1483 2229 1578 2253 anno
1598 2220 1690 2253 1279
1707 2216 1823 2252 fusius
1838 2216 2050 2265 significavit
2068 2216 2167 2262 (Vid.
2184 2219 2223 2252 n⁰
2244 2218 2347 2263 492).

639 2290 764 2324 Rector
790 2292 909 2323 autem
937 2299 1045 2323 nemo
1074 2287 1156 2335 eligi
1182 2291 1317 2334 poterat
1338 2288 1403 2323 nisi
1428 2288 1599 2335 magister
1624 2299 1747 2336 regens
1769 2288 1805 2323 in
1832 2288 1987 2324 Artibus,
2020 2287 2137 2324 Aliam
2164 2287 2414 2324 condicionem

540 2372 581 2396 eo
601 2364 760 2407 tempore
778 2359 979 2406 impositam
996 2370 1069 2394 non
1091 2358 1325 2406 reperimus?

592 2474 763 2521 Propositi
787 2474 898 2509 nostri
915 2477 990 2509 crat
1010 2473 1184 2521 originem
1206 2473 1448 2510 Univcrsitatis
1466 2474 1676 2510 Parisicnsis
1692 2474 1883 2523 explicare.
1906 2474 2003 2510 Licet
2024 2486 2107 2522 ergo
2129 2485 2202 2510 non
2231 2474 2268 2509 in
2293 2473 2417 2510 animo

545 2545 588 2581 sit
608 2545 791 2580 historiam
815 2544 1057 2580 Universitatis
1073 2544 1132 2580 hic
1148 2544 1317 2589 scribere,
1337 2545 1458 2592 paucis
1483 2546 1606 2581 saltem
1628 2545 1743 2582 verbis
1759 2546 1934 2593 quaedam
1963 2545 2032 2581 alia
2049 2545 2277 2593 attingamus.

639 2658 661 2682 1.
679 2658 831 2689 Registrum
849 2658 970 2682 Nationis
989 2658 1144 2689 Anglicanae
1160 2659 1185 2682 in
1204 2659 1283 2683 Arch.
1301 2659 1378 2683 Univ.
1402 2660 1446 2688 111,
1466 2660 1509 2683 sol.
1527 2660 1579 2684 57¹³.
1598 2660 1636 2684 Ex
1649 2659 1693 2684 sol.
1708 2660 1724 2684 2
1736 2659 1889 2685 concludere
1903 2666 2043 2691 possumus
2060 2659 2238 2691 juramentum
2254 2658 2418 2691 praedictum

544 2703 652 2727 sortasse
667 2710 732 2726 anno
747 2702 806 2726 1317
824 2712 836 2723 α
848 2702 995 2726 ordinatum
1009 2712 1022 2724 »
1035 2703 1123 2727 fuisse.
1142 2703 1254 2727 Bulaeus
1268 2703 1331 2727 illud
1346 2703 1378 2727 ad
1394 2711 1436 2728 an.
1454 2704 1514 2728 1341
1530 2705 1618 2729 refert.

638 2748 660 2771 2.
679 2747 707 2770 In
726 2746 802 2770 Libro
819 2746 936 2770 Rectoris
953 2747 998 2778 qui
1015 2749 1165 2771 asservatur
1184 2748 1211 2771 in
1230 2747 1320 2772 Museo
1333 2748 1482 2772 Britannico
1497 2748 1579 2773 addit.
1596 2754 1625 2772 n⁰
1644 2749 1727 2777 17304,
1743 2748 1839 2780 legitur
1851 2748 1877 2772 in
1894 2747 2011 2779 margine
2030 2747 2062 2772 ad
2079 2748 2159 2771 verba
2175 2746 2256 2771 relata
2270 2754 2300 2771 ex
2317 2746 2418 2771 docum.

545 2791 600 2821 409.
613 2800 637 2823 p.
660 2791 706 2815 456
722 2799 727 2814 :
747 2801 759 2812 <t
778 2791 827 2814 Per
841 2790 908 2822 quod
923 2792 1054 2815 statutum
1076 2791 1222 2815 ordinatum
1244 2793 1284 2816 est
1306 2792 1374 2824 quod
1391 2792 1480 2816 nullus
1496 2794 1580 2824 potest
1596 2793 1691 2824 eligere
1703 2792 1748 2824 qui
1765 2800 1814 2817 non
1836 2793 1922 2824 potest
1942 2791 2013 2824 eligi,
2031 2791 2092 2824 quia
2114 2791 2242 2815 intrantes
2262 2791 2352 2823 jurati,
2373 2791 2419 2824 qui

544 2837 647 2867 eligunt
665 2836 810 2863 Rectorem,
829 2834 923 2858 debent
941 2835 1033 2859 habere
1047 2843 1131 2859 vocem
1147 2836 1257 2860 activam
1272 2838 1298 2860 et
1310 2836 1448 2868 passivam,
1462 2838 1488 2861 et
1500 2836 1566 2869 quod
1582 2836 1671 2861 nullus
1685 2837 1716 2861 de
1732 2836 1866 2868 magistris
1881 2836 1959 2860 habet
1976 2843 2062 2860 vocem
2080 2835 2207 2868 passivam
2224 2835 2256 2860 ad
2272 2834 2419 2860 electionem

545 2880 669 2905 Rectoris.
690 2879 740 2903 nisi
763 2879 799 2903 sit
820 2879 980 2903 bachelarius
997 2879 1022 2903 in
1041 2879 1178 2911 Theologia
1196 2879 1233 2904 vel
1255 2880 1349 2912 legerit
1366 2881 1489 2909 cursorie,
1508 2881 1546 2905 vel
1563 2881 1659 2905 rexerit
1680 2889 1725 2913 per
1749 2888 1793 2905 sex
1814 2888 1895 2905 annos
1911 2880 2034 2904 continue
2052 2879 2079 2904 in
2098 2880 2285 2912 grammaticis,
2307 2879 2366 2904 licet
2387 2879 2418 2904 ad

545 2923 692 2956 eligendum
710 2924 852 2947 Intrantem
869 2931 913 2947 scu
927 2923 1069 2947 Electoreni
1084 2923 1210 2952 Rectoris,
1222 2932 1310 2948 omnes
1325 2927 1385 2948 actu
1403 2927 1520 2956 regentes
1535 2925 1653 2950 Pal-isius
1666 2925 1777 2950 habeant
1790 2932 1875 2949 vocem
1892 2924 2013 2953 activam,
2032 2931 2078 2948 seu
2095 2923 2250 2956 suffragium
2268 2924 2393 2948 activum.
2406 2933 2420 2945 »ν

547 2970 593 2999 (Cf.
610 2968 743 2995 Bulacum,
766 2967 813 2996 111,
833 2975 856 2998 p.
875 2967 940 2996 380.)
957 2968 1031 2991 Certe
1050 2976 1079 2991 ea
1100 2968 1214 2991 condicio
1236 2976 1285 2992 non
1310 2976 1340 2993 ex
1358 2970 1457 2993 statuto
1474 2972 1616 2994 memorato
1639 2971 1676 2999 (no
1694 2970 1748 2999 187)
1768 2969 1880 3000 vigebat,
1902 2969 1965 3001 quin
1988 2968 2074 3000 potius
2095 2968 2127 2992 ad
2145 2970 2246 3000 tempus
2263 2967 2347 2993 multo
2361 2976 2419 3000 pos-

547 3013 627 3037 terius
644 3012 763 3044 pertinet.
777 3011 866 3035 Novus
880 3011 992 3042 eligendi
1005 3011 1122 3036 Rectoris
1135 3011 1226 3036 modus
1239 3012 1366 3037 statuitur
1376 3021 1417 3037 an.
1432 3013 1573 3038 1288-1289.
1589 3013 1629 3038 Cf.
1644 3013 1781 3043 Bulaeum,
1797 3014 1842 3043 111,
1856 3013 1910 3043 451,
1927 3012 1958 3037 ad
1969 3020 2067 3037 anuum
2083 3012 2151 3037 1280.

670 3058 695 3080 d.
