2580 3528
218 405 317 446 1264]
555 414 602 437 AB
635 414 742 437 ANNO
775 414 853 437 mcc
887 415 1019 444 usone
1054 416 1103 438 An
1139 416 1368 439 minumum
1404 417 1444 439 1v
1479 418 1568 440 nae.
1606 418 1744 440 fluxe.
2031 411 2097 442 439

218 531 338 570 397.,
355 541 501 567 Stalutum
523 540 616 577 Capit.
638 539 786 576 generalis
809 540 876 567 Ord.
897 541 1004 568 Praed.
1026 541 1153 568 Parisiis
1173 542 1228 568 sub
1243 543 1381 578 magistro
1403 542 1535 578 generali
1555 542 1684 569 Iohanne
1703 543 1739 569 de
1761 543 1892 570 Vercellis
1908 543 2046 569 celebrati
2062 544 2098 570 de

305 590 503 628 promovendis
518 591 560 618 ad
573 592 771 627 magisterium
785 591 948 628 theologiae
961 593 1096 620 Parisiis.

1395 661 1469 691 126⁴.
1484 661 1559 687 dunio
1573 662 1682 691 Ineunte,
1698 661 1811 688 Parisiis.

306 746 540 792 Injungimus
561 746 727 780 districte
747 747 919 781 omnibus
939 754 1008 781 tam
1031 747 1189 782 subditis
1209 760 1314 794 quam
1336 748 1499 795 prelatis,
1521 755 1561 782 ut
1580 749 1800 794 quicumque
1825 749 1911 782 dant
1936 761 2098 794 operam,

215 812 428 855 consilium,
473 812 533 847 vel
579 813 844 856 auctoritatem,
885 814 983 860 quod
1021 814 1154 860 aliquis
1192 815 1237 849 ad
1275 816 1525 862 magisterium
1566 816 1727 849 Par-isius
1766 822 2022 861 promoveatur
2060 816 2097 849 in

217 878 416 926 theologia,
437 879 537 925 quod
557 880 800 914 consideratis
820 880 986 915 moribus
1007 888 1043 915 et
1061 882 1176 927 gratia
1198 882 1354 916 docendi
1374 889 1410 916 et
1430 883 1581 916 scientia
1602 882 1704 916 illum
1726 894 1871 928 semper
1896 890 2099 928 preponant

216 945 263 981 de
283 952 360 980 toto
380 946 522 981 Ordine
541 946 681 993 absque
701 947 914 993 acceptione
935 948 1094 983 nationis
1113 948 1171 982 vel
1192 961 1363 995 persone,
1386 949 1431 982 de
1451 950 1557 994 cujus
1579 949 1808 995 promotione
1828 949 1983 983 credunt
1998 949 2097 994 quod

215 1012 334 1059 magis
353 1012 486 1047 cedere
506 1013 625 1059 possit
645 1013 691 1047 ad
710 1013 778 1047 Dei
797 1013 951 1060 gloriam
973 1021 1009 1048 et
1028 1015 1218 1049 utilitatem
1238 1015 1389 1050 Ordinis
1409 1022 1445 1049 et
1463 1015 1653 1049 honorem.

305 1080 397 1113 ltem
425 1079 687 1114 committimus
718 1080 894 1126 magistro
922 1081 1073 1116 Ordinis
1097 1089 1137 1115 ut
1161 1082 1240 1128 ipse
1265 1082 1464 1128 diligenter
1489 1082 1534 1115 de
1559 1082 1681 1116 studio
1708 1083 1905 1116 Parisiensi
1937 1084 1987 1126 [et
2015 1082 2097 1116 aliis

215 1145 452 1192 generalibus
477 1146 556 1192 iiij‘w
582 1147 866 1192 provinciarum]
892 1147 1038 1182 ordinet
1062 1155 1098 1182 et
1122 1149 1294 1194 disponat
1317 1149 1353 1182 in
1381 1148 1587 1189 omnibus¹‚
1619 1156 1727 1195 prout
1755 1149 1918 1195 generali
1953 1149 2098 1182 utilitati

215 1212 368 1247 Ordinis
386 1212 522 1247 viderit
541 1213 727 1259 expedire.

309 1308 373 1335 Nu.
389 1298 464 1334 Rom.
480 1313 507 1334 et
521 1309 662 1334 Rutenens.
680 1310 763 1343 Capp.
775 1318 866 1342 gener.
882 1310 946 1335 Ord.
962 1312 1057 1336 Praed.
1071 1326 1103 1330 —
1117 1313 1241 1343 Mai-tene,
1259 1312 1336 1339 Thes.
1354 1320 1417 1339 nov.
1434 1315 1543 1344 anecd.y
1560 1314 1601 1343 lv,
1619 1315 1689 1343 1738,
1704 1314 1738 1337 ¹1¹⁸
1751 1314 1788 1342 15,
1806 1315 1843 1338 19.

309 1393 334 1418 1.
349 1394 378 1418 ln
392 1393 522 1426 Capitulis
538 1395 654 1427 general.
673 1402 734 1419 ann.
749 1395 888 1420 1272-1274
903 1396 1044 1420 celebratis
1060 1397 1146 1428 magis
1161 1397 1308 1429 explicatur
1324 1406 1330 1421 ε
1347 1407 1359 1421 α
1375 1402 1503 1430 quantum
1514 1399 1546 1422 ad
1557 1398 1719 1430 principales
1733 1399 1844 1422 lectores
1857 1402 1881 1422 et
1892 1399 2064 1422 buccellarios
2076 1407 2097 1422 ι».

212 1436 262 1463 ΑΒ.
277 1437 428 1469 two-1271,
444 1439 506 1463 127⁵
520 1441 546 1463 et
559 1442 653 1471 postea
668 1447 674 1463 ε
693 1447 705 1463 α
722 1442 752 1463 ut
765 1440 798 1464 de
813 1440 950 1472 magistris
965 1444 991 1465 et
1005 1440 1173 1465 buccellariis
1189 1442 1293 1466 ordinet
1308 1451 1329 1466 ι),

213 1631 312 1672 398
321 1666 332 1676 .
357 1642 490 1670 Urbanus
505 1645 522 1670 1
525 1645 550 1671 V
559 1644 756 1680 quaestionem
771 1644 807 1671 de
822 1645 960 1680 magistro
974 1646 1060 1672 Petro
1075 1645 1181 1672 Basse!
1194 1645 1277 1672 solvit
1288 1654 1342 1682 pro
1358 1645 1463 1672 honore
1476 1645 1653 1672 parisiensis
1667 1645 1815 1680 ecclesiae,
1833 1645 1874 1671 ad
1886 1654 1972 1681 quam
1986 1645 2100 1672 ratione

313 1693 512 1723 [Intret-sitatis
524 1692 702 1720 diver-earum
716 1693 866 1721 nationum
876 1697 976 1730 gentes
991 1696 1145 1731 confluunt.

1270 1757 1344 1788 1264,
1361 1757 1433 1784 duni!
1442 1757 1487 1787 22.
1503 1758 1573 1790 apud
1584 1757 1673 1784 lle-bem
1689 1758 1813 1784 retorem.

305 1833 452 1866 Decano
483 1837 519 1866 et
546 1830 804 1866 archidiacono
835 1831 1184 1866 Silvanectensibus.
1213 1833 1264 1866 Ex
1289 1839 1390 1878 parte
1415 1832 1631 1866 dilectorum
1663 1831 1821 1865 filiorum
1850 1858 1870 1864 ..
1903 1832 2030 1865 decani
2065 1839 2098 1865 et

215 1898 366 1946 capituli
398 1898 596 1933 Parisiens.
631 1898 700 1932 fuit
732 1899 961 1945 propositum
989 1910 1109 1933 coram
1140 1898 1248 1933 nobis
1278 1899 1377 1945 quod
1410 1899 1585 1945 magister
1618 1899 1748 1932 Petrus
1786 1899 1905 1932 dictus
1945 1898 2097 1932 Russel'

215 1964 374 2000 clericus
403 1965 624 2000 Parisiensis
654 1976 825 1999 asserens
856 1965 954 2011 quod
983 1965 1206 2000 venerabilis
1234 1966 1344 1999 frater
1373 1957 1500 1999 noster
1523 1992 1543 1998 ..
1567 1965 1785 1999 Parisiensis
1815 1965 2025 2011 episcopus,
2055 1965 2099 1998 ad

218 2043 327 2079 quem
351 2031 622 2079 prebendarum
648 2031 794 2066 collatio
819 2032 856 2066 in
882 2032 1081 2067 Parisiensi
1107 2032 1262 2067 ecclesia
1288 2032 1422 2066 dicitur
1446 2032 1645 2078 pertinere,
1670 2032 1849 2078 quandam
1877 2031 2098 2078 prebendam

218 2104 306 2133 tunc
337 2098 376 2132 in
405 2098 560 2133 ecclesia
594 2099 673 2145 ipsa
706 2105 893 2133 vacantem
929 2098 1000 2133 sibi
1034 2099 1252 2141 contulerat,
1286 2111 1326 2133 ac
1361 2099 1583 2145 pretendens
1618 2099 1716 2144 quod
1751 2098 1837 2132 dicti
1872 2098 2031 2132 decanus
2066 2105 2099 2132 et

218 2164 415 2211 capitulum
438 2176 479 2199 se
499 2177 612 2211 super
631 2164 700 2199 hoc
721 2172 950 2212 opponentes
971 2166 1090 2200 eidem
1111 2166 1230 2212 ipsum
1252 2166 1296 2200 ad
1317 2165 1523 2199 mandatum
1546 2165 1632 2199 dicti
1653 2165 1817 2211 episcopi
1838 2165 1874 2198 in
1896 2166 2039 2198 fratrem
2065 2171 2101 2198 et

219 2230 434 2266 canonicum
460 2231 652 2266 admittere
677 2239 900 2275 recusarunt,
928 2232 1101 2278 quodque
1127 2244 1239 2279 super
1263 2232 1331 2266 hoc
1358 2233 1453 2266 inter
1478 2233 1596 2278 ipsum
1624 2244 1667 2265 ex
1692 2238 1792 2278 parte
1818 2244 1887 2265 una
1918 2238 1952 2264 ct
1982 2231 2100 2265 dictos

219 2298 396 2332 decanum
427 2304 464 2332 et
491 2297 688 2344 capitulum
715 2310 759 2332 ex
783 2298 895 2333 altera
921 2299 1115 2344 questione
1141 2299 1291 2333 suborta
1311 2299 1523 2345 hujusmodi
1545 2299 1732 2345 negotium
1758 2299 1875 2332 suerat
1902 2298 1945 2331 ad
1973 2297 2098 2331 sedem

219 2364 458 2411 apostolicam
485 2363 715 2407 devolutum,
746 2371 782 2399 et
810 2365 909 2411 quod
939 2365 1096 2399 dilectus
1125 2365 1224 2399 filius
1254 2372 1380 2399 noster
1409 2366 1436 2399 1.
1465 2366 1678 2399 Sanctorum
1706 2365 1840 2399 Cosme
1869 2371 1905 2398 et
1935 2364 2098 2398 Damiani

219 2431 398 2466 diaconus
421 2430 618 2465 cardinalis
644 2431 808 2478 partibus
833 2444 852 2466 a
876 2431 985 2466 nobis
1005 2432 1042 2466 in
1063 2432 1192 2466 eodem
1214 2433 1363 2479 negotio
1385 2433 1490 2466 datus
1510 2432 1654 2466 auditor
1678 2444 1743 2478 pro
1769 2431 1898 2465 eodem
1925 2431 2100 2477 magistro

220 2499 259 2533 P.
285 2497 512 2532 diffinitivam
538 2498 756 2532 sententiam
783 2498 1044 2545 promulgarat,
1073 2510 1179 2545 quam
1206 2511 1275 2533 nos
1298 2498 1500 2545 apostolico
1526 2498 1744 2532 duxeramus
1770 2498 1970 2531 munimine
1995 2497 2099 2531 robo-

220 2563 405 2606 randam¹‚
435 2570 580 2599 nostras
609 2564 654 2598 ad
682 2564 838 2599 dilectos
867 2564 964 2599 filios
991 2591 1012 2598 ..
1039 2564 1205 2599 abbatem
1235 2572 1271 2599 et
1300 2592 1321 2599 ..
1354 2565 1512 2611 priorem
1541 2565 1663 2599 Sancti
1689 2564 1855 2611 Dyonisii
1884 2564 1920 2598 in
1952 2564 2099 2598 Francia

220 2630 427 2678 impetravit
459 2630 622 2666 litteras·
660 2631 756 2666 inter
788 2631 856 2666 alia
890 2632 1136 2675 continentes,
1171 2638 1210 2666 ut
1243 2632 1314 2678 ipsi
1346 2631 1405 2666 vel
1439 2643 1565 2667 eorum
1599 2631 1691 2666 alter
1729 2631 1944 2665 sententiam
1984 2631 2099 2677 ipsam

220 2697 428 2734 executioni
459 2697 582 2732 debite
612 2698 874 2733 demandantes
903 2698 1059 2733 eundem
1086 2698 1300 2746 magistrum
1329 2700 1474 2733 Petrum
1502 2699 1539 2732 in
1567 2697 1792 2745 corporalem
1824 2698 2098 2744 possessionem

220 2763 384 2811 predicte
414 2764 603 2811 prebende
629 2765 848 2800 inducerent
873 2772 909 2799 et
935 2772 1126 2800 tuerentur
1144 2765 1333 2800 inductum
1354 2765 1529 2799 facientes
1553 2765 1673 2812 ipsum
1700 2765 1736 2799 in
1762 2765 1906 2799 fratrem
1935 2771 1971 2798 et
1997 2777 2099 2798 cano·

220 2829 342 2866 uicum
367 2830 488 2878 ipsius
512 2831 668 2866 ecclesie
686 2832 774 2866 'cum
800 2831 1030 2879 plenitudine
1054 2832 1220 2867 canonici
1240 2832 1336 2878 juris
1363 2831 1503 2866 admitti
1528 2831 1674 2878 sibique
1698 2831 1744 2865 de
1769 2831 1886 2878 ipsius
1914 2830 2100 2877 prebende

221 2896 428 2932 redditibus
456 2897 605 2944 juribus
635 2905 670 2933 et
699 2898 940 2945 proventibus
969 2898 1186 2945 integi-eac
1220 2898 1383 2945 plenarie
1417 2898 1648 2945 responderi,
1682 2897 1982 2938 contradictores,
2019 2902 2098 2936 etc„

220 2973 328 3010 utque
349 2964 633 3010 compescendo.
662 2965 829 3012 Cumque
854 2965 974 3000 dictus
1005 2965 1106 3012 prior
1131 2965 1175 3000 ad
1200 2965 1391 2999 ecclesiam
1426 2965 1623 3011 predictam
1649 2964 1829 2998 accedens
1856 2963 2097 3009 predictarum
