2580 3528
505 421 570 457 460
1085 428 1401 453 CHARTULARIUM
1435 423 1625 449 umvmzs.
1663 422 1793 446 rimis.
2277 411 2377 455 [1266

505 563 618 600 413.
647 572 820 598 Ηηίνονείιαε
835 569 1011 596 Parisiensis
1030 572 1125 594 notum
1144 568 1218 602 facit
1237 566 1396 599 Nicolaum,
1418 566 1622 590 Tornacensem
1638 563 1884 599 archidiaconum,
1903 564 2076 600 quingentas
2091 563 2183 590 libras
2199 563 2322 591 Roberto
2337 561 2373 591 de

598 621 724 647 Sorbona
747 619 915 653 contulisse,·
940 627 993 654 pro
1017 618 1097 653 cujus
1121 615 1349 642 remuneratione
1369 613 1459 640 eidem
1482 612 1611 639 concedit
1633 616 1664 638 ut
1687 612 1813 648 quinque
1836 614 1990 649 magistros
2015 613 2065 649 qui
2089 613 2217 640 habeant
2240 613 2373 640 notitiam

596 670 742 696 idiomatis
757 668 907 703 Flamingi,
925 668 954 693 in
969 666 1050 693 domo
1065 666 1182 692 Roberti
1196 664 1231 690 de
1248 663 1376 690 Sorbona
1391 663 1476 688 annis
1491 661 1614 696 singulis
1626 661 1722 698 possit
1736 661 1852 688 habere.

1617 762 1691 794 1288,
1706 771 1796 790 menso
1811 764 1919 794 Octobri.
1934 764 1954 799 [
1954 763 2061 792 Parkiie
2060 764 2087 800 J.

596 845 784 878 Universis
814 849 1004 889 presentes
1033 842 1171 875 litteras
1200 839 1420 885 inspecturis
1451 839 1670 872 universitas
1703 838 1961 884 magistrorum
1991 846 2027 873 et
2053 839 2247 873 scolarium
2276 839 2375 874 Pari-

507 912 681 944 siensium
716 910 865 943 salutem
901 910 937 942 in
972 908 1140 941 Domino.
1177 908 1266 941 Cum
1302 906 1457 939 dilectus
1492 912 1618 939 noster
1647 905 1844 939 Nicholaus
1875 905 2120 940 Tornacensis
2151 906 2306 940 ecclesie
2335 907 2374 940 in

507 977 670 1010 Flandria
692 976 983 1010 archidiaconus¹
1002 975 1220 1020 quingentas
1237 973 1348 1006 libras
1369 973 1561 1018 parisiens.
1579 973 1754 1018 magistro
1773 972 1932 1006 Roberto
1949 973 1995 1006 de
2012 973 2177 1007 Sorbona
2196 974 2372 1009 canonico

506 1043 713 1084 Parisiensi,
735 1042 915 1088 provisori
943 1041 1239 1087 congregationis
1265 1052 1464 1085 pauperum
1491 1040 1747 1085 magistrorum
1775 1039 2000 1073 studentium
2026 1040 2187 1075 Par-isius
2212 1041 2250 1075 in
2274 1041 2373 1076 theo-

504 1110 619 1154 logica
640 1091 819 1150 facultate,
837 1108 1032 1141 contulerit
1047 1108 1090 1140 ad
1111 1107 1277 1140 redditus
1298 1107 1561 1152 comparandos
1582 1119 1648 1152 pro
1670 1107 1920 1141 sustentandis
1942 1108 2126 1154 magistris
2147 1109 2370 1152 memoratis,

504 1188 569 1209 nos
597 1176 712 1221 ipsius
739 1174 992 1208 benevolentie
1020 1180 1119 1220 grata
1146 1173 1312 1207 volentes
1337 1173 1592 1207 vicissitudine
1621 1174 1847 1220 respondere
1873 1175 2125 1209 concessimus
2150 1174 2249 1221 quod
2273 1175 2371 1209 idem

502 1243 788 1284 archidiaconus,
820 1242 938 1287 quoad
962 1242 1071 1282 vivet,
1099 1240 1259 1286 quinque
1284 1241 1480 1286 magistros
1505 1240 1602 1274 bone
1626 1242 1718 1274 fame
1739 1241 1812 1275 vite
1838 1248 1874 1275 et
1899 1242 2191 1290 conversationis
2216 1240 2370 1278 honeste

502 1309 689 1342 studentes
724 1309 759 1341 in
795 1308 990 1354 theologia,
1020 1307 1081 1353 qui
1115 1308 1257 1353 planam
1287 1307 1443 1341 habeant
1471 1308 1635 1342 notitiam
1665 1307 1858 1354 ydiomatis
1886 1309 2080 1356 Flamingi,
2102 1308 2202 1355 quod
2230 1311 2268 1343 in
2303 1323 2372 1345 suo

499 1376 788 1409 archidiaconatu
809 1375 994 1421 proprium
1021 1387 1102 1408 esse
1129 1375 1344 1417 dinoscitur,
1371 1375 1489 1421 possit
1515 1387 1652 1421 ponere
1678 1375 1783 1409 annis
1808 1375 1966 1422 singulis
1992 1376 2031 1409 in
2057 1376 2165 1410 domo
2186 1377 2368 1412 dictorum

502 1443 768 1488 magistrorum,
792 1442 924 1487 quibus
946 1442 990 1475 de
1011 1442 1118 1475 bonis
1144 1442 1251 1475 dictis
1275 1442 1461 1487 magistris
1487 1443 1682 1488 assignatis
1708 1443 1956 1488 provideatur,
1985 1443 2080 1477 sicut
2099 1444 2232 1478 ceteris
2252 1445 2370 1490 provi-

501 1510 606 1542 detur
626 1509 809 1555 magistris
831 1516 866 1542 et
884 1509 1135 1554 providebitur
1159 1510 1196 1542 in
1221 1510 1395 1551 futurum,
1421 1516 1461 1542 ut
1486 1509 1596 1542 iidem
1623 1510 1787 1556 magistri
1808 1510 1845 1543 in
1866 1510 1988 1544 divina
2009 1510 2160 1544 scientia
2181 1512 2315 1546 eruditi
2336 1519 2372 1547 et

501 1588 543 1608 ex
569 1576 746 1609 bonorum
777 1576 943 1610 convictu
971 1576 1135 1609 moribus
1162 1576 1357 1618 informati,
1380 1576 1555 1610 docentes
1579 1576 1692 1610 verbo
1712 1577 1847 1622 pariter
1874 1584 1909 1610 et
1935 1578 2116 1624 exemplo,
2143 1578 2181 1611 in
2207 1578 2300 1613 loeis
2326 1579 2372 1613 ad

501 1654 570 1688 que
599 1643 700 1688 ipsos
729 1643 848 1676 vocari
878 1643 1085 1688 contigerit,
1114 1643 1269 1676 fructum
1300 1644 1418 1676 facere
1448 1643 1604 1686 valeant,
1635 1643 1697 1689 qui
1727 1656 1800 1677 non
1829 1644 1935 1690 perit.
1971 1646 2059 1678 Post
2087 1645 2253 1690 ejusdem
2281 1658 2370 1680 vero

500 1709 742 1743 archidiaconi
770 1710 960 1743 decessum
988 1710 1135 1743 domino
1164 1711 1337 1756 episcopo
1363 1711 1601 1753 Tornacensi,
1630 1711 1691 1756 qui
1719 1723 1784 1756 pro
1812 1718 1976 1757 tempore
2002 1712 2124 1754 fuerit,
2152 1712 2211 1747 vel
2237 1725 2303 1759 per
2330 1725 2370 1748 se

499 1776 556 1810 vel
577 1789 641 1821 per
667 1777 956 1810 archidiaconum
985 1777 1258 1820 Flandrensem,
1288 1778 1319 1811 si
1347 1778 1391 1810 ad
1418 1777 1486 1811 hoc
1516 1763 1599 1811 eum
1627 1778 1810 1824 ydoneum
1840 1778 1985 1820 viderit,
2008 1779 2171 1825 ponendi
2201 1779 2370 1814 similiter

499 1843 602 1876 annis
630 1843 786 1889 singulis
815 1844 852 1876 in
883 1843 975 1877 dicta
1006 1844 1113 1877 domo
1143 1845 1339 1890 magistros
1369 1845 1497 1890 prefati
1523 1845 1702 1891 Flamingi
1724 1845 1919 1891 ydiomatis
1950 1858 2068 1891 usque
2097 1846 2141 1880 ad
2176 1858 2368 1882 numerum

500 1916 717 1955 pretaxatum
745 1910 894 1943 liberam
923 1911 1158 1945 concedimus
1186 1918 1414 1957 potestatem,
1442 1912 1489 1945 ita
1514 1918 1632 1945 tamen
1659 1911 1770 1957 quod,
1797 1912 1827 1946 si
1853 1912 2022 1958 provisor
2048 1913 2212 1958 predicte
2237 1914 2369 1948 domus

499 1976 653 2021 aliquem
680 1977 737 2010 vel
764 1977 904 2022 aliquos
931 1978 975 2011 de
1003 1978 1109 2011 dictis
1135 1979 1319 2024 magistris
1345 1978 1439 2012 bona
1464 1974 1535 2012 fide
1564 1991 1637 2012 non
1664 1991 1747 2013 esse
1774 1979 1956 2025 ydoneum
1982 1979 2040 2013 vel
2064 1980 2229 2025 ydoneos
2249 1979 2367 2015 archi-

500 2041 650 2076 diacono
677 2044 838 2088 predicto
864 2044 921 2077 vel
947 2045 1119 2090 episcopo
1146 2045 1419 2091 significaverit,
1448 2046 1581 2091 poterit
1605 2046 1701 2079 idem
1723 2044 2063 2092 provisor'eosdem
2086 2047 2218 2090 eicere,
2242 2055 2278 2082 et
2296 2047 2368 2095 ipsi

498 2109 772 2143 archidiaconus
799 2111 855 2143 vel
884 2111 1078 2156 episcopus
1106 2119 1277 2158 poterunt
1303 2112 1394 2146 alios
1422 2125 1487 2158 pro
1518 2112 1657 2146 eisdem
1688 2112 1902 2158 subrogare.
1927 2113 2078 2147 Debent
2108 2114 2228 2157 etiam,
2259 2127 2368 2162 quan-

500 2182 729 2221 tumcumque
754 2177 888 2210 suerint
911 2178 1057 2223 ydonei,
1079 2179 1232 2224 predicti
1258 2179 1422 2225 magistri
1443 2179 1479 2212 in
1502 2180 1670 2224 sequenti
1691 2191 1785 2212 anno
1812 2179 1856 2212 de
1883 2192 1976 2213 novo
1998 2182 2214 2225 presentari.
2237 2183 2365 2216 Datum

498 2255 591 2275 anno
612 2244 756 2276 Domini
778 2244 970 2277 M⁰CC⁰LX
991 2252 1105 2287 sexto,
1128 2257 1253 2279 mense
1274 2245 1437 2279 Octobri.

591 2349 725 2381 originale
743 2350 769 2373 in
788 2351 863 2374 Arch.
886 2352 1006 2375 Univers.
1027 2353 1111 2376 Paris.
1138 2353 1214 2376 theca
1234 2353 1275 2381 VI,
1294 2353 1321 2376 C.
1339 2355 1361 2376 5.
1383 2361 1406 2376 a.
1428 2353 1506 2377 Deest
1525 2353 1652 2385 sigillum.
1669 2369 1700 2372 —
1715 2355 1783 2378 Bibl.
1805 2358 1858 2379 nat.
1875 2355 1971 2384 Paris„
1995 2364 2044 2379 ms.
2065 2356 2111 2379 lat.
2136 2356 2222 2385 16574,
2237 2356 2284 2380 tol.
2307 2355 2365 2380 14¹².

498 2393 662 2421 Ramex-aeus,
681 2395 821 2419 sorbonae
835 2397 969 2426 oriyines,
986 2397 1059 2425 ibid.r
1077 2406 1127 2421 ms.
1142 2398 1187 2421 lat.
1205 2399 1274 2426 5493,
1291 2398 1335 2421 rol.
1353 2397 1423 2421 23211.
1446 2398 1569 2427 Bulaeus,
1587 2400 1632 2427 ΙΙΙ,
1654 2401 1708 2423 383.
1725 2399 1832 2430 ΒοΙίεΙε,
1850 2400 1966 2425 cabinet
1980 2401 2028 2425 des
2049 2407 2123 2430 mss„
2145 2401 2177 2430 11,
2194 2401 2248 2431 164,
2263 2401 2365 2433 publici

494 2437 561 2468 juris
578 2438 638 2461 feeit
652 2447 682 2461 ex
698 2439 806 2463 cartul.
821 2441 854 2463 de
869 2441 897 2464 la
915 2441 1067 2470 Sorborme,
1083 2441 1151 2466 Bibl.
1168 2446 1221 2466 nat.
1238 2442 1333 2470 Paris.,
1350 2450 1399 2466 ms.
1416 2443 1461 2466 lat.
1479 2443 1564 2472 16069,
1583 2444 1626 2467 sol.
1644 2446 1682 2468 55.

591 2531 612 2553 l.
629 2531 691 2554 Post
705 2532 807 2563 aliquos
823 2541 904 2555 annos
924 2533 1063 2565 episcopus
1083 2535 1256 2558 Tornacensis
1278 2536 1388 2560 Michael
1411 2537 1442 2560 de
1462 2536 1636 2569 Wurenghien
1653 2538 1805 2571 (1282-1291)
1830 2539 1895 2562 duas
1920 2539 2015 2563 bursas
2037 2548 2086 2571 pro
2102 2540 2205 2563 duobus
2227 2540 2363 2572 magistris

499 2573 631 2605 «linguae
646 2575 802 2604 Vallonicac,
823 2585 853 2599 cx
872 2577 976 2601 civitate
997 2579 1037 2601 vel
1060 2578 1172 2603 dioecesi
1194 2580 1353 2604 Tornnccnsi
1373 2580 1492 2604 oriundis
1512 2585 1538 2605 et
1556 2580 1704 2614 theologiae
1719 2581 1746 2606 in
1766 2583 1843 2608 domo
1864 2583 2053 2615 magistrorum
2072 2584 2104 2608 de
2120 2584 2239 2608 sorbonn
2254 2592 2363 2616 operam

499 2618 620 2641 dantibus
637 2627 647 2641 »
665 2619 787 2643 condidit.
807 2620 899 2645 Gallia
914 2622 1019 2651 christ„
1036 2622 1081 2652 111,
1098 2623 1151 2647 222.
1168 2624 1274 2654 Delisle,
1290 2626 1307 2648 l.
1325 2634 1357 2654 c.,
1374 2634 1400 2657 p.
1419 2626 1472 2649 163.
