2580 3528
245 410 342 451 1259]
593 419 641 441 ΑΒ
673 418 780 440 ANNO
814 417 891 441 uec
924 418 1057 447 usque
1090 418 1140 440 An
1174 419 1405 442 rnimrruu
1440 420 1480 442 1v
1515 420 1603 442 nso.
1641 421 1779 444 rnANc.
2057 413 2121 446 377

243 493 445 539 eliguntur,
481 492 689 539 specialiter
721 493 849 538 jurent
888 503 1009 525 coram
1048 498 1121 525 tota
1159 492 1340 534 facultate,
1381 493 1480 538 quod
1524 493 1663 527 nullum
1708 495 1851 527 vadium
1892 507 1956 540 pro
2000 495 2123 529 bursis

245 559 548 595 bachellariorum
593 559 794 594 volentium
833 558 995 604 incipere
1033 570 1099 592 seu
1138 559 1382 593 determinare
1421 560 1612 606 recipient,
1648 560 1714 594 sed
1752 560 1881 594 bursas
1920 561 1957 593 in
1991 561 2126 606 quibus

245 633 415 661 tenentur
438 626 483 660 ab
507 626 562 660 eis
583 626 762 672 recipient
776 625 813 659 in
834 625 988 671 pecunia
1014 632 1199 660 numerata
1227 633 1483 672 procuratores
1510 626 1827 668 bachellariorum,
1849 634 2038 672 antequam
2061 639 2126 660 eos

244 693 290 728 ad
321 693 528 728 ducendum
563 705 628 739 per
661 692 781 727 scolas
818 692 1020 735 admittant,
1057 695 1122 737 [ac]
1153 693 1419 727 examinatores
1457 694 1795 735 determinatorum,
1826 694 2036 739 priusquam
2073 694 2126 727 eis

244 760 426 795 licentiam
465 760 665 802 conferant,
701 759 773 794 nisi
820 759 903 805 quis
950 771 1076 793 eorum
1111 772 1176 806 pro
1216 759 1437 794 bachellario
1476 772 1542 794 seu
1580 760 1863 794 determinatore
1897 761 1942 794 ad
1976 761 2126 806 primam

245 827 452 862 citationem
490 827 645 862 rectoris
682 826 838 861 veniet¹.
868 828 921 860 Ne
958 839 1024 872 per
1061 827 1211 873 aliquod
1249 827 1495 873 predictorum
1535 827 1652 862 valeat
1689 828 1827 861 refusio
1867 827 2036 873 impediri
2069 827 2128 861 vel

247 893 398 937 differri,
414 893 592 940 jurabunt
617 894 738 936 etiam,
768 894 867 940 quod
891 893 936 927 ad
956 894 1108 940 primam
1137 894 1344 928 citationem
1375 895 1530 928 rectoris
1557 894 1645 928 hora
1675 894 1912 928 determinata
1937 894 1982 928 ad
2007 894 2126 928 locum

248 961 467 996 refundendi
500 961 720 995 convenient
752 961 865 1006 parati
897 960 942 994 ad
971 960 1194 994 refusionem
1229 961 1444 1003 faciendam,
1466 961 1537 995 nisi
1565 961 1726 1007 legitima
1760 973 1867 995 causa
1896 973 1938 994 eo
1966 967 2128 1006 tempore

248 1027 383 1062 fuerint
401 1027 490 1062 alias
510 1027 692 1074 occupati;
715 1034 751 1061 et
770 1027 869 1073 quod
889 1027 981 1060 nulli
1001 1034 1037 1061 et
1055 1027 1155 1073 quod
1175 1027 1287 1061 nullis
1316 1027 1473 1061 bedellis
1494 1028 1565 1061 nisi
1585 1027 1745 1074 propriis
1772 1027 1908 1061 nostris
1940 1027 2129 1073 pecuniam

249 1093 398 1137 dabunt,
420 1106 487 1128 nec
507 1094 588 1128 alii-s
609 1093 836 1140 quibuslibet
854 1093 899 1127 ad
919 1093 1040 1127 locum
1067 1093 1267 1127 refusionis
1294 1093 1568 1128 confluentibus
1596 1094 1787 1140 pecuniam
1808 1093 1958 1135 dabunt,
1980 1106 2024 1127 ex
2045 1101 2130 1127 tunc

250 1173 315 1208 per
340 1161 523 1203 familiam,
542 1161 655 1207 squam
688 1160 835 1203 habent,
862 1160 921 1194 vel
950 1172 1016 1206 per
1039 1160 1196 1206 aliquem
1230 1161 1339 1194 alium
1369 1161 1414 1194 ad
1434 1161 1657 1194 refusionem
1687 1173 1760 1194 non
1790 1160 2042 1201 destinabunt;
2065 1160 2131 1194 sed

250 1228 356 1262 etiam
390 1227 548 1262 fideliter
580 1227 820 1262 reservabunt
852 1233 934 1261 ante
968 1227 1236 1273 depositionem
1258 1234 1294 1261 et
1321 1234 1405 1273 post
1434 1239 1499 1274 pro
1529 1228 1607 1261 suis
1633 1227 1789 1265 viribus.
1819 1229 1899 1271 Quo
1923 1229 2132 1273 juramento

252 1302 384 1337 rector,
429 1307 512 1329 cum
554 1294 598 1328 ad
643 1294 801 1328 officium
848 1301 1069 1335 assumetur,
1114 1294 1249 1340 pariter
1294 1294 1530 1340 astringetur,
1576 1294 1749 1328 videlicet
1793 1294 1891 1340 quod
1942 1294 2132 1340 pecuniam

250 1373 479 1396 communem
518 1373 592 1395 non
628 1360 801 1394 alienabit
834 1372 900 1394 nec
929 1360 1080 1394 alienari
1118 1361 1313 1406 permittet,
1351 1361 1422 1394 nisi
1456 1353 1517 1394 illa
1555 1361 1725 1394 alienatio
1764 1361 1918 1406 pecunie
1957 1361 2061 1394 cedat
2089 1360 2133 1394 ad

251 1428 473 1463 solutionem
520 1427 727 1462 debitorum
771 1427 1041 1461 communitatis
1085 1439 1151 1461 seu
1190 1427 1234 1461 ad
1269 1427 1539 1473 expeditionem
1588 1428 1820 1473 negotiorum
1864 1427 2134 1461 communitatis

252 1495 430 1541 ejusdem.
461 1494 568 1539 Quod
593 1494 625 1528 si
651 1493 784 1540 aliquis
814 1494 1060 1540 predictorum
1091 1500 1217 1528 contra
1246 1506 1352 1527 suum
1377 1495 1624 1539 juramentum
1656 1494 1858 1540 infringere
1888 1494 2135 1539 predictorum

252 1561 391 1608 aliquid
425 1567 666 1608 presumeret,
700 1560 819 1595 officio
853 1560 1020 1607 quolibet
1047 1561 1084 1594 in
1114 1567 1239 1594 nostra
1273 1561 1532 1594 communione
1568 1567 1745 1606 perpetuo
1771 1561 1819 1594 sit
1839 1561 2013 1606 privatus,
2036 1567 2072 1593 et
2091 1572 2135 1594 eo

254 1629 335 1675 ipso
364 1640 405 1663 se
434 1639 517 1662 esse
547 1628 724 1674 privatum
754 1627 799 1661 ab
828 1627 927 1661 omni
956 1627 1075 1662 officio
1104 1634 1318 1674 cognoscat.
1355 1628 1484 1661 Datum
1511 1639 1605 1661 anno
1632 1627 1778 1661 Domini
1809 1628 1967 1661 M⁰CC⁰L
1995 1633 2136 1668 octavo,

255 1707 382 1730 mense
400 1695 584 1730 Januario.

349 1793 412 1818 Cod.
428 1793 487 1818 Vnt.
503 1793 566 1825 neg.
579 1794 635 1822 110⁶,
650 1793 694 1818 fol.
711 1793 767 1817 70¹».
783 1793 852 1817 Bibl.
869 1793 1001 1826 Phillipps
1017 1793 1043 1817 in
1060 1792 1242 1822 Cheltenbam‚
1259 1801 1309 1819 ms.
1325 1794 1380 1822 876,
1393 1793 1437 1817 sol.
1454 1793 1511 1817 67¹³.
1527 1806 1558 1811 —
1573 1792 1642 1816 Bibl.
1659 1792 1776 1822 Cat-not„
1793 1801 1843 1817 ms.
1858 1793 1904 1816 662
1923 1793 1988 1823 (cod.
2007 1792 2138 1824 numum).

256 1838 302 1863 fol.
325 1838 380 1867 115,
405 1837 451 1862 nbi
474 1837 603 1862 rubrica:
626 1846 639 1862 ι
655 1838 789 1862 statutum
813 1837 947 1862 facultatis
972 1838 1043 1870 quod
1067 1846 1083 1861 a
1107 1837 1359 1862 dem-minutaribu-
1384 1841 1410 1862 et
1434 1837 1578 1861 bucalariis
1603 1837 1748 1869 incepturi·
1769 1846 1820 1861 non
1840 1837 1980 1869 capiantur
1999 1837 2078 1860 vadia
2092 1837 2139 1860 sed

255 1882 368 1915 pecunia
389 1885 527 1907 numerata
545 1885 572 1907 et
589 1890 640 1915 quo
661 1883 825 1907 retundenda
848 1886 889 1907 est
907 1883 1003 1907 rectori
1023 1883 1056 1906 ad
1072 1882 1128 1915 ejus
1149 1883 1265 1915 primam
1280 1882 1466 1907 recitucionem
1487 1882 1644 1907 refundatur
1665 1882 1775 1914 insuper
1796 1883 1866 1914 quod
1891 1885 1976 1906 rector
2000 1882 2140 1914 pecuniam

255 1934 421 1952 communem
433 1935 486 1951 non
500 1927 598 1952 alienet.
609 1926 662 1951 1ιίιί
677 1927 711 1951 ad
726 1926 919 1960 expeditionem
934 1927 1105 1959 negociorum
1119 1927 1300 1951 communium
1313 1927 1363 1951 nub
1373 1926 1463 1951 debito
1475 1927 1629 1959 juramenti.
1647 1935 1659 1950 »
1676 1926 1752 1950 Arch.
1770 1927 1848 1951 Univ.
1860 1927 1917 1950 cod.
1929 1927 1969 1955 94,
1985 1935 2011 1958 p.
2023 1928 2054 1950 60
2064 1929 2090 1950 et
2098 1926 2138 1950 6¹.

255 1971 380 2002 Bulaeuo,
396 1971 443 2000 ΠΙ,
459 1972 513 1996 ³47.

351 2056 374 2081 1.
391 2056 528 2089 Repetitur
541 2055 568 2080 in
582 2056 706 2081 omnibns
720 2057 798 2082 codd.
814 2065 820 2081 ι
837 2066 849 2081 α
866 2057 892 2082 in
906 2056 1018 2090 pecunia
1033 2060 1172 2081 numerata
1188 2065 1210 2081 »-

260 2209 374 2248 329.
398 2218 553 2246 ludovicus
573 2220 622 2255 IX,
646 2221 818 2247 Francorum
842 2229 902 2255 rex,
925 2219 1055 2247 concedit
1073 2221 1102 2247 in
1120 2223 1291 2258 perpetuum
1312 2219 1435 2246 Roberlo
1462 2219 1499 2246 de
1523 2218 1653 2247 Sarbena
1678 2219 1707 2245 in
1736 2218 1918 2246 excambium
1949 2218 2141 2255 quarumdam

349 2267 495 2295 domorum
510 2276 606 2295 omnes
621 2267 728 2304 domos,
746 2278 820 2305 quas
835 2268 963 2296 habebat
977 2269 1102 2296 Parisiis
1118 2269 1147 2295 in
1163 2269 1222 2295 vico
1236 2268 1273 2296 de
1291 2268 1512 2306 Coupe-Gueule
1527 2272 1596 2295 ante
1607 2267 1754 2305 palatium
1775 2267 1967 2294 Thermarum.

1383 2358 1459 2388 1259,
1474 2365 1565 2385 meam
1579 2357 1724 2387 Februario.
1740 2357 1854 2384 Potitiis.

354 2432 560 2467 Ludovicus
581 2432 647 2466 Dei
667 2432 781 2478 gratia
803 2434 1021 2466 Francorum
1049 2444 1124 2466 rex.
1145 2434 1276 2466 Notum
1298 2432 1449 2466 facimus
1474 2432 1657 2466 universis
1677 2438 1745 2465 tam
1771 2430 2006 2477 presentibus
2035 2443 2140 2476 quam

264 2499 396 2533 suturis
416 2498 514 2545 quod
534 2511 616 2533 cum
637 2498 794 2534 dilectus
822 2499 979 2533 clericus
1000 2506 1126 2533 noster
1150 2499 1325 2545 magister
1346 2498 1528 2532 Robertus
1549 2498 1595 2532 de
1616 2498 1781 2532 Sorbona
1811 2498 1985 2544 quasdam
2013 2497 2143 2531 domos

265 2577 355 2612 quas
384 2572 520 2599 emerat
545 2577 564 2599 a
584 2565 788 2600 Guillermo
816 2565 913 2600 dicto
948 2565 1082 2599 Mantel
1109 2572 1145 2599 et
1174 2565 1364 2599 Gileberto
1392 2565 1437 2598 de
1465 2566 1579 2611 Braya
1609 2565 1697 2599 sitas
1727 2564 1888 2599 Parisius
1918 2564 1954 2598 in
1982 2564 2063 2598 vico
2098 2564 2143 2598 de

265 2632 468 2667 Britonaria
502 2632 539 2666 in
573 2632 762 2679 parrochia
801 2633 921 2666 Sancti
956 2632 1134 2667 Johannis
1167 2632 1213 2666 de
1247 2631 1379 2666 Gravia
1413 2631 1458 2665 ad
1497 2631 1709 2677 petitionem
1749 2637 1909 2665 nostram
1948 2631 2145 2665 contulerit

264 2698 438 2733 fratribus
457 2698 503 2733 de
523 2699 651 2733 Sancta
678 2700 795 2734 Cruce
814 2699 859 2733 ab
879 2699 1018 2733 eisdem
1045 2698 1220 2733 fratribus
1243 2699 1328 2744 jure
1349 2698 1570 2732 hereditario
1598 2698 1854 2744 inperpetuum
1886 2698 2143 2744 possidendas,

266 2777 348 2808 nos,
369 2765 407 2799 in
427 2765 651 2800 excambium
673 2773 709 2800 et
724 2766 1100 2812 recompensationem
1122 2777 1245 2799 earum
1268 2765 1387 2799 eidem
1409 2765 1584 2811 magistro
1606 2764 1766 2799 Roberto
1787 2771 1822 2798 et
1842 2765 1896 2798 eis
1917 2765 1978 2811 qui
2000 2777 2142 2798 causam

265 2831 452 2866 habebunt
470 2831 515 2866 ab
530 2844 574 2867 eo
594 2833 830 2868 concedimus
851 2833 888 2867 in
910 2839 1123 2879 perpetuum
1140 2833 1224 2878 jure
1245 2831 1466 2866 hereditario
1494 2831 1740 2878 possidendas
1760 2843 1887 2865 omncs
1909 2831 2038 2865 domos
2055 2843 2145 2876 quas

266 2897 489 2933 habebamus
509 2899 670 2934 Parisius
691 2900 728 2933 in
748 2900 829 2935 vico
849 2899 894 2934 de
915 2900 1041 2946 Coupe
1071 2898 1232 2934 Gueule'
1255 2905 1337 2933 ante
1373 2897 1542 2945 palatium
1570 2899 1797 2939 Termarum,
1819 2898 2020 2931 secundum
2047 2897 2144 2942 quod

268 2965 536 3012 protenduntur
561 2978 580 3000 a
610 2966 719 3001 domo
749 2966 943 3002 Guillermi
977 2966 1155 3001 Panetarii
1187 2972 1223 3000 et
1249 2965 1427 3000 Johannis
1457 2965 1502 2999 de
1531 2964 1773 2999 llermanvilla
1808 2976 1925 3010 usque
1958 2964 2001 2997 ad
2037 2964 2142 2997 [inem

394 3024 488 3050 Chart-
513 3023 589 3050 Unio.
608 3024 703 3050 Parin.
721 3023 741 3049 1.
1990 3022 2020 3045 ¹18
