2580 3528
436 355 498 394 166
1015 372 1337 395 cuanrcnxmum
1372 373 1563 396 umvans.
1600 372 1730 396 PAms.
2212 363 2312 404 [1238

437 487 544 525 121.
572 497 724 532 Gregorius
746 499 791 523 IX
808 498 957 524 committit
974 498 1069 534 priori
1093 500 1120 525 S.
1152 499 1269 525 Victoris
1293 499 1507 534 inquisitionem
1529 499 1564 525 de
1585 499 1749 526 turbatione
1770 499 1863 525 studii
1883 499 2061 526 Parisiensis
2082 503 2111 525 et
2131 499 2312 526 dissensione

521 546 596 572 inter
615 546 831 572 Universitatem
847 550 874 573 et
889 547 1052 583 episcopum
1071 547 1259 574 Guillelmum.

1679 598 1758 627 7238,
1773 598 1844 624 «lunii
1854 598 1880 628 4,
1895 599 2022 625 Laterani.

523 696 543 702 ..
563 670 679 703 Priori
715 671 834 704 Sancti
868 671 1028 704 Victoris
1063 671 1292 705 Parisiensis.
1328 672 1558 705 Transmissa
1597 671 1704 705 nobis
1737 671 1958 706 venerabilis
1991 673 2112 706 fratris
2150 673 2307 706 nostri..

432 737 648 770 Parisiensis
675 737 839 783 episcopi
866 738 1082 783 conquestio
1111 738 1291 783 patefecit,
1323 738 1421 783 quod
1448 738 1614 783 magistri
1641 745 1677 771 et
1702 738 1863 772 scolares
1890 738 2116 773 Parisienses
2143 745 2307 785 pretextu

430 804 618 849 cujusdam
641 804 883 849 indulgentie,
902 816 1007 849 quam
1030 817 1047 837 a
1069 805 1156 838 sede
1177 805 1376 850 apostolica
1397 817 1437 838 se
1458 804 1663 838 obtinuisse
1681 804 1902 851 proponunt,
1920 812 1960 839 ut
1978 805 2150 839 videlicet
2168 806 2309 852 privare

431 871 574 915 possint
599 870 778 904 beneficio
807 871 991 904 societatis
1019 883 1084 904 sue
1112 883 1188 913 eos,
1217 872 1279 916 qui
1308 871 1585 906 rationabilibus
1611 872 1935 906 constitutionibus
1961 878 1997 905 et
2016 872 2309 906 ordinationibus

430 938 507 971 suis
535 938 827 983 presumpserint
855 938 1048 979 contraire,
1081 938 1160 983 ipso
1189 938 1413 983 irrequisito,
1441 939 1501 984 qui
1533 939 1670 984 requiri
1701 938 1811 972 debet
1835 939 1880 972 de
1902 940 1999 984 jure,
2027 939 2309 973 constitutiones

430 1005 603 1050 quasdam
635 1005 672 1037 in
703 1017 768 1038 sue
793 1005 1064 1049 jurisdictionis
1099 1005 1371 1039 enervationem
1401 1006 1520 1038 facere
1550 1012 1871 1051 presumpserunt;
1908 1012 1944 1038 et
1972 1006 2003 1039 si
2034 1006 2178 1051 quando
2213 1006 2309 1039 idem

430 1071 565 1104 utendo
587 1072 671 1117 jure
698 1083 765 1104 suo
792 1071 845 1104 eis
871 1083 910 1104 se
935 1071 1024 1105 velit
1050 1084 1237 1117 opponere
1263 1072 1300 1104 in
1321 1071 1386 1105 hac
1410 1078 1523 1117 parte,
1546 1072 1832 1118 ipsi-magistros
1854 1079 1890 1105 et
1913 1072 2073 1106 scolares
2094 1072 2310 1106 obedientes

429 1138 546 1171 eidem
575 1145 788 1183 supponunt
815 1139 982 1183 protinus
1012 1138 1143 1172 bannis
1173 1139 1262 1172 suis.
1295 1139 1448 1182 Quidam
1477 1139 1582 1172 etiam
1610 1139 1775 1185 magistri
1801 1145 1837 1172 et
1856 1139 2016 1172 scolares
2037 1139 2182 1184 propria
2207 1137 2307 1172 lucra

428 1211 622 1246 sectantes,
645 1211 681 1238 et
700 1205 925 1238 studentium
947 1205 1171 1250 profectibus
1192 1205 1413 1247 invidentes,
1435 1205 1514 1238 fieri
1536 1212 1732 1251 procurant
1756 1206 2007 1239 conventicula
2027 1206 2183 1247 insueta,
2204 1218 2307 1239 occa-

427 1272 531 1305 sione
558 1284 713 1317 quorum
744 1272 975 1305 interdicitur
1003 1272 1178 1314 studium,
1207 1279 1243 1305 et
1265 1272 1516 1317 jurisdictioni
1544 1284 1609 1306 sue
1639 1273 1733 1306 circa
1764 1273 1957 1318 magistros
1983 1279 2019 1306 et
2043 1272 2203 1306 scolares
2232 1285 2306 1306 non

428 1339 608 1372 modicum
638 1339 839 1372 detrahitur
871 1339 1086 1372 antedictos.
1119 1341 1287 1372 Preterea
1317 1352 1398 1372 cum
1429 1339 1525 1372 idem
1556 1339 1769 1372 cancellaria
1798 1339 1996 1372 Parisiensi
2020 1346 2167 1372 vacante
2196 1340 2244 1373 sit
2268 1340 2306 1372 in

428 1406 664 1451 possessione
701 1406 759 1439 vel
789 1407 893 1451 quasi
923 1406 1135 1439 licentiandi
1165 1413 1359 1451 provectos
1394 1406 1439 1439 ad
1469 1406 1626 1439 officium
1657 1406 1904 1451 magistratus,
1930 1407 2058 1452 prefati
2083 1407 2246 1452 magistri
2272 1407 2305 1439 ei

426 1485 537 1518 super
557 1473 626 1506 hoc
652 1485 692 1506 se
718 1473 880 1506 indebite
908 1479 1151 1518 opponentes,
1178 1473 1354 1518 quosdam
1383 1473 1544 1506 scolares
1572 1473 1835 1506 rationabiliter
1855 1473 2059 1506 licentiatos
2079 1473 2123 1506 ab
2144 1473 2239 1518 ipso,
2260 1473 2305 1506 ad

425 1540 631 1573 docendum
661 1552 726 1585 pro
755 1552 820 1573 sue
847 1540 1044 1573 voluntatis
1066 1539 1215 1573 arbitrio
1238 1552 1310 1573 non
1331 1540 1557 1582 admittunt¹,
1579 1540 1740 1573 scolares
1765 1552 1853 1573 suos
1874 1539 2130 1573 subtrahentes
2151 1540 2302 1582 eisdem,

426 1619 465 1640 ac
500 1607 652 1652 insuper
685 1607 845 1640 scolares
884 1607 985 1652 ipsos
1020 1614 1055 1640 et
1088 1603 1400 1652 magistros,⁴sub
1436 1606 1570 1652 quibus
1611 1607 1789 1640 licentiari
1826 1607 2043 1652 inceperunt
2079 1607 2247 1652 predicti,
2285 1619 2305 1640 a

426 1674 599 1707 societate
634 1686 698 1707 sua
732 1673 931 1706 excludunt
964 1674 1000 1706 in
1036 1675 1115 1718 ejus
1150 1674 1392 1719 prejudicium
1427 1680 1461 1707 et
1495 1685 1702 1719 gravamen,
1738 1673 1826 1706 alias
1860 1673 2043 1707 abutendo
2077 1673 2305 1720 indulgentia

427 1747 621 1774 memorata
642 1740 811 1785 injuriosi
840 1741 1038 1773 existentes
1060 1741 1093 1773 ci
1115 1740 1311 1786 plurimum
1333 1747 1369 1773 et
1389 1740 1546 1774 molesti.
1579 1742 1627 1774 Ut
1647 1740 1758 1786 igitur
1778 1740 1890 1781 illius,
1918 1740 1979 1785 qui
2008 1746 2047 1773 ut
2066 1752 2189 1786 pacem
2210 1740 2305 1774 inter

426 1809 539 1840 Deum
569 1813 604 1840 et
631 1807 798 1840 homines
826 1808 1040 1840 reformaret
1065 1819 1209 1840 carnem
1239 1819 1384 1840 sumere
1410 1814 1446 1840 et
1470 1819 1614 1840 crucem
1641 1806 1765 1840 subire
1792 1807 1920 1849 voluit,
1948 1806 2116 1840 inherere
2137 1807 2304 1852 vestigiis

424 1875 625 1916 videamur,
666 1874 877 1907 mandamus
915 1875 1086 1919 quatinus
1126 1874 1313 1920 episcopo,
1355 1874 1541 1920 magistris
1580 1881 1615 1907 et
1652 1873 1856 1907 scolaribus
1895 1874 2086 1907 antedictis
2124 1874 2167 1907 ad
2208 1880 2302 1907 tuam

425 1941 645 1986 presentiam
674 1941 845 1983 evocatis,
876 1941 976 1986 ipsos
1004 1941 1049 1974 de
1076 1941 1184 1986 plano
1212 1941 1350 1986 absque
1375 1941 1599 1986 judiciorum
1630 1941 1784 1986 strepitu
1814 1941 1858 1974 ad
1887 1940 2117 1974 concordiam
2156 1941 2301 1974 studeas

425 2020 609 2041 revocare.
632 2008 806 2053 Alioquin
833 2008 994 2053 inspecta
1020 2008 1260 2053 indulgentia,
1285 2009 1315 2041 si
1341 2020 1446 2053 quam
1474 2007 1608 2041 habent
1628 2014 1663 2040 et
1683 2008 1815 2041 auditis
1841 2007 2031 2052 utriusque
2058 2007 2169 2052 partis
2194 2007 2303 2042 ratio-

426 2074 534 2108 nibus
556 2081 592 2108 et
620 2075 765 2120 plenius
796 2075 1005 2115 intellectis,
1036 2087 1097 2107 eas
1123 2074 1280 2108 fideliter
1310 2075 1346 2107 in
1376 2075 1522 2120 scriptis
1552 2074 1708 2107 redactis
1736 2074 1804 2107 sub
1831 2074 1954 2119 sigillo
1975 2080 2036 2107 tuo
2064 2073 2171 2108 nobis
2191 2074 2304 2108 desti-

426 2153 512 2174 nare
533 2153 721 2187 procures.
746 2143 823 2174 Dat.
847 2141 1011 2174 Laterani
1032 2141 1054 2186 ij
1078 2153 1163 2174 non.
1186 2141 1298 2183 Junii,
1320 2153 1415 2174 anno
1436 2141 1666 2174 duodecimo.

518 2240 582 2271 Reg.
601 2240 657 2263 vat.
675 2239 796 2270 Gregorii
813 2240 845 2263 ΙΧ
861 2248 902 2263 an.
920 2240 958 2267 12,
975 2248 1015 2271 ep.
1034 2240 1086 2268 137,
1105 2240 1148 2263 sol.
1167 2241 1203 2263 27.

519 2325 541 2349 1.
560 2325 597 2348 Ad
614 2325 677 2348 haec
694 2325 752 2347 vide
768 2333 850 2356 supra
866 2329 894 2347 n⁰
909 2325 963 2348 115.

430 2470 537 2507 122.
564 2479 714 2514 Gregorius
730 2480 774 2504 IX
785 2479 915 2505 concedit
930 2479 1067 2514 magistro
1086 2479 1235 2506 Guillelmo
1251 2479 1286 2505 de
1303 2481 1329 2505 S.
1348 2480 1459 2510 Amore,
1479 2478 1582 2505 rectori
1597 2478 1736 2504 ecclesiae
1751 2477 1787 2504 de
1804 2477 1956 2511 Guervilla,
1974 2478 2110 2503 canonico
2127 2476 2300 2510 Belvacensi,

515 2531 546 2554 ut
557 2528 652 2564 possit
667 2529 793 2564 recipere
808 2528 935 2564 aliquem
946 2532 1142 2564 personatum.

1577 2577 1657 2607 1238,
1673 2576 1818 2603 Novembris
1831 2577 1875 2606 27,
1891 2576 2017 2602 Laterani.

516 2652 692 2696 Magistro
722 2651 917 2686 Willermo
944 2652 989 2684 de
1015 2653 1145 2685 Sancto
1171 2653 1319 2694 Amore,
1348 2652 1479 2685 rectori
1507 2651 1662 2684 ecclesie
1683 2651 1728 2684 de
1749 2650 1948 2690 Guervilla,
1975 2649 2149 2682 canonico
2176 2649 2302 2682 Belva-

426 2718 540 2751 censi.
574 2719 625 2751 Te
655 2717 856 2751 honestatis
891 2718 1012 2751 studio
1043 2719 1281 2752 desudantem
1313 2725 1348 2751 et
1377 2730 1441 2764 per
1470 2718 1605 2751 cultum
1637 2718 1788 2750 scientie
1819 2717 1913 2750 sicut
1941 2716 2146 2761 accepimus
2173 2727 2302 2749 conse-

427 2791 565 2826 cutum,
600 2785 698 2830 quod
732 2785 769 2817 in
804 2784 942 2818 artibus
982 2791 1018 2817 et
1045 2786 1128 2830 jure
1163 2785 1338 2818 canonico
1377 2784 1583 2817 cathedram
1622 2783 1866 2829 magistralem
1906 2783 2066 2816 Parisius
2103 2783 2302 2816 ascendere

428 2851 607 2893 meruisti,
633 2851 785 2897 dignum
811 2851 960 2897 speciali
990 2851 1103 2896 gratia
1129 2858 1352 2896 reputantes,
1379 2857 1419 2884 ut
1445 2857 1678 2896 personatum
1703 2850 1761 2884 vel
1786 2850 1884 2883 aliud
1910 2850 2056 2882 unicum
2084 2849 2300 2882 beneficium

427 2931 549 2952 curam
570 2918 709 2952 habens
730 2918 928 2951 animarum
950 2929 1137 2959 annexam,
1161 2918 1191 2951 si
1213 2917 1277 2951 tibi
1302 2917 1476 2951 canonice
1497 2917 1682 2958 offeratur,
1705 2917 1868 2962 recipere
1889 2915 2008 2950 valeas
2033 2922 2069 2949 et
2088 2928 2167 2949 cum
2190 2915 2302 2949 bene-
