2580 3528
480 390 543 422 562
1002 412 1006 416 .
1061 394 1378 418 ann'ruLAssmM
1413 392 1602 415 UNIVERS.
1639 390 1768 413 PARIS.
2002 391 2005 396 ’
2250 382 2349 424 [1277

480 473 576 506 ciant
601 472 784 517 profuisse
811 478 843 504 et
870 471 988 504 aditus
1013 469 1057 502 ad
1085 469 1244 502 studium
1275 467 1480 500 Parisiense
1504 465 1629 499 venire
1655 464 1864 498 volentibus
1892 477 1956 511 per
1985 465 2142 500 vestram
2164 464 2348 512 dyocesim

481 545 649 585 appareat
676 538 753 571 sore
784 544 895 570 tutus.
927 536 1053 570 Valeat
1080 542 1199 569 vestra
1233 534 1428 579 paternitas
1461 543 1606 577 semper
1634 531 1672 564 in
1702 531 1871 565 Domino.
1903 533 2032 566 Datum
2066 533 2228 567 Parisius
2255 541 2350 567 anno

483 605 627 639 Domini
655 605 782 638 M⁰CC⁰
811 603 1081 648 septuagesimo
1108 602 1274 646 septimo,
1305 600 1363 632 die
1389 599 1474 632 lune
1503 598 1664 643 proxima
1695 605 1779 643 post
1797 599 2026 633 Nativitatem
2053 599 2149 633 beati
2175 599 2351 634 Johannis

484 672 656 717 Baptiste.

578 769 644 792 Bibl.
663 768 727 792 Coll.
745 768 822 799 Corp.
840 766 936 790 Christi
952 766 1075 793 Oxoniae,
1092 774 1141 789 ms.
1158 765 1211 792 282,
1229 765 1272 787 fol.
1291 763 1362 787 159¹&

579 853 600 876 ’1.
620 851 817 875 Mortefontainc
833 850 911 882 (Oise)
932 858 1014 881 prope
1030 850 1216 872 Silvanectum.
1232 862 1263 866 —-
1278 849 1299 871 2.
1321 848 1369 871 Ms.
1387 855 1392 870 ι
1411 856 1422 870 «
1438 856 1488 879 que
1503 855 1525 871 ».
1541 861 1572 865 -—
1587 848 1610 872 3.
1631 847 1749 871 Primum
1764 847 1807 871 hic
1828 848 1944 872 occurrit
1958 848 2164 872 Universitataem
2178 849 2354 874 Parisiensem

486 898 567 922 fuisse
586 897 745 920 nominatam
766 904 777 919 «
799 898 907 918 matrem
928 903 949 918 n.
972 895 1010 917 Cf.
1032 893 1138 921 Denisse,
1160 892 1214 917 Die
1241 892 1461 917 Universitaeten
1481 893 1527 916 des
1548 891 1737 922 Mittelalters,
1754 893 1773 920 1,
1795 893 1832 916 33.
1856 893 1929 916 Infra
1948 897 1978 916 n⁰
1999 893 2044 917 515
2066 893 2178 917 facultas
2200 892 2354 918 artistarum

486 945 593 965 vocatur
608 941 685 964 etiam
701 940 756 963 filia
771 939 955 963 Universitatis
971 938 1065 967 Paris„
1083 937 1183 961 matris.

485 1134 598 1170 477.
628 1142 801 1168 Πηὶιέι·ει”ία.ς
817 1141 994 1167 Parisiensis
1010 1140 1050 1166 ad
1065 1141 1228 1177 episcopum
1245 1140 1483 1166 Silvanectensem
1499 1139 1534 1166 de
1549 1140 1647 1166 eodem
1662 1144 1839 1175 argumento.

1616 1236 1690 1267 1277,
1703 1239 1768 1269 post
1780 1236 1851 1263 dum?
1859 1237 1904 1267 28,
1919 1236 1939 1272 [
1939 1237 2046 1264 Parisiis
2045 1236 2072 1272 J.

575 1321 795 1363 [Venerabili
824 1322 915 1367 patri
941 1321 978 1354 in
1008 1320 1154 1355 Christo
1183 1320 1338 1353 Domino
1362 1346 1383 1352 ..
1415 1320 1481 1352 Dei
1502 1320 1616 1366 gratia
1638 1320 1901 1354 Silvanectensi
1929 1320 2107 1366 episcopo
2137 1321 2358 1356 universitas

487 1389 740 1434 magistrorum
776 1395 810 1421 et
837 1387 1029 1421 scolarium
1058 1387 1218 1420 Parisius
1246 1386 1464 1430 degencium
1495 1386 1683 1432 salutemf]
1715 1398 1796 1420 cum
1825 1386 1980 1420 honore.
2014 1387 2106 1422 Cum
2137 1387 2358 1422 universitas

487 1456 741 1501 magistrorum
768 1462 803 1488 et
827 1455 1020 1488 scolarium
1042 1454 1303 1487 Parisiensium
1324 1454 1529 1499 paternitati
1549 1460 1670 1487 vestre
1690 1453 1829 1499 pluries
1851 1453 2114 1499 supplicaverit
2133 1455 2358 1498 affectanter,

487 1529 527 1555 ut
551 1522 683 1567 injurie
711 1529 746 1554 et
773 1522 977 1555 atrocitates
1003 1521 1101 1554 illate
1128 1520 1207 1554 Ade
1235 1527 1270 1554 et
1290 1521 1332 1553 H.
1361 1520 1527 1566 Anglicis
1554 1520 1760 1554 scolaribus
1787 1520 2058 1554 Parisiensibus
2084 1517 2128 1554 ab
2148 1520 2361 1556 hominibus

488 1588 532 1621 de
553 1588 729 1634 Playliaco
758 1595 792 1621 et
816 1589 959 1621 Mortuo
988 1589 1100 1621 Fonte
1120 1594 1241 1621 vestre
1257 1587 1534 1632 jurisdiccionis
1560 1587 1729 1633 exigente
1751 1587 1900 1632 justicia
1932 1588 2163 1633 punirentur,
2185 1588 2272 1621 licet
2294 1599 2361 1622 vos

489 1655 632 1688 officiali
658 1662 779 1688 vestro
808 1655 1050 1700 injunxeritis,
1073 1661 1112 1688 ut
1139 1655 1183 1688 de
1211 1654 1318 1688 dictis
1342 1654 1487 1700 injuriis
1509 1660 1544 1687 et
1563 1654 1754 1688 violenciis
1781 1654 1886 1688 fieret
1905 1654 2142 1688 Universitati
2162 1654 2362 1688 Parisiensi

490 1729 525 1755 et
551 1722 656 1755 dictis
684 1722 886 1755 scolaribus
914 1734 978 1767 per
1006 1722 1161 1755 eundem
1190 1721 1381 1754 officialem
1403 1721 1551 1766 justicie
1579 1721 1898 1767 complementum,
1925 1721 2022 1755 idem
2051 1728 2171 1755 tamen
2196 1721 2362 1765 officialis

490 1789 682 1834 negligens
716 1795 751 1822 et
784 1789 960 1822 remissus
990 1789 1027 1822 in
1056 1788 1247 1834 premissis
1278 1788 1502 1833 exequendis
1531 1788 1693 1834 predicta
1725 1801 1798 1821 non
1830 1788 2039 1834 impleverit
2067 1789 2111 1822 ad
2142 1788 2375 1834 peticionem.

490 1856 744 1889 Universitatis
775 1856 992 1889 Parisiensis
1020 1867 1026 1888 :
1056 1855 1261 1901 paternitati
1294 1862 1415 1889 vestre
1445 1855 1693 1901 supplicamus
1723 1855 1913 1888 humiliter
1952 1862 1989 1888 et
2023 1855 2154 1888 devote
2192 1855 2362 1901 quatinus

491 1935 555 1968 per
582 1930 737 1956 vestram
766 1923 1035 1956 solicitudinem
1067 1930 1103 1956 et
1131 1922 1363 1968 diligenciam
1394 1923 1521 1968 prefati
1547 1922 1711 1956 officialis
1747 1922 1978 1968 negligencia
2013 1922 2238 1968 suppleatur,
2269 1933 2364 1955 com-

492 1989 666 2022 mittendo
695 1989 794 2023 vices
823 1996 962 2023 vestras
992 1989 1175 2034 aliquibus
1202 1989 1291 2023 viris
1321 1989 1485 2034 providis
1513 1996 1548 2022 et
1577 1989 1759 2027 discretis,
1790 2001 1855 2034 per
1885 2001 1977 2034 quos
2004 1989 2098 2022 dicte
2126 1988 2363 2023 Universitati

493 2062 529 2088 et
558 2056 663 2089 dictis
697 2056 899 2089 scolaribus
928 2056 1075 2101 justicia
1109 2056 1225 2090 valeat
1259 2056 1409 2097 exiberi,
1445 2068 1526 2089 cum
1561 2056 1739 2101 premissa
1773 2056 1864 2089 adeo
1900 2055 2065 2089 dicantur
2094 2067 2177 2089 esse
2206 2054 2362 2098 notoria,

494 2122 591 2167 quod
611 2122 708 2156 nulla
736 2130 891 2168 possunt
919 2123 1221 2168 tergiversatione
1249 2122 1371 2164 celari,
1400 2122 1468 2156 hoc
1496 2123 1604 2156 modo
1635 2123 1720 2156 inde
1745 2123 1932 2165 facientes,
1955 2129 1995 2156 ut
2023 2134 2088 2168 per
2107 2134 2174 2156 vos
2194 2129 2363 2168 tanquam

494 2201 558 2234 per
578 2201 701 2222 verum
730 2196 865 2234 patrem
894 2196 929 2222 et
955 2190 1131 2223 cultorem
1155 2189 1304 2234 justicie
1325 2189 1571 2234 predictorum
1594 2189 1864 2222 malefactorum
1886 2190 2108 2235 perversitas
2136 2189 2309 2235 puniatur
2329 2195 2366 2234 et

495 2256 605 2288 ceteri
631 2268 753 2288 eorum
781 2269 871 2301 pena
898 2257 1080 2301 perterriti
1105 2269 1123 2289 a
1150 2256 1332 2289 similibus
1357 2262 1559 2289 arceantur.

588 2353 655 2376 Bibl.
674 2353 738 2377 Coll.
755 2354 833 2385 Corp.
850 2354 946 2379 Christi
962 2354 1086 2383 oxoniae,
1103 2363 1151 2378 ms.
1169 2355 1222 2383 283,
1241 2355 1284 2377 sol.
1300 2354 1370 2378 1581).

594 2438 614 2461 1.
632 2438 771 2469 Inscriptio
787 2439 859 2461 deest
874 2438 899 2461 in
915 2447 974 2467 1ns.‚
991 2442 1016 2462 et
1030 2439 1121 2462 charta
1137 2439 1263 2470 temporis
1279 2442 1340 2462 nota
1356 2442 1442 2467 caret;
1460 2448 1511 2462 non
1527 2440 1640 2463 multum
1655 2443 1742 2463 tamen
1758 2443 1819 2471 post
1832 2440 1899 2463 duas
1914 2439 2017 2471 priores
2033 2438 2132 2470 scripta
2147 2442 2194 2462 est.

500 2615 613 2652 478.
637 2626 779 2650 Statutum
795 2625 829 2651 cle
845 2635 898 2651 non
912 2626 1057 2653 reddendo
1073 2627 1185 2653 domam
1202 2627 1243 2653 vel
1256 2628 1371 2654 scholas
1386 2628 1485 2664 aliquo
1503 2629 1621 2655 termino
1637 2628 1716 2656 anni.

1701 2727 1775 2757 1277,
1790 2727 1860 2753 danii
1870 2727 1915 2756 28,
1931 2725 1950 2760 [
1951 2725 2057 2752 Parisiis
2057 2725 2083 2760 J

595 2805 780 2839 Universis
806 2813 1010 2851 presentem
1036 2808 1201 2853 paginam
1227 2810 1417 2851 audituris,
1442 2811 1577 2844 visuris
1607 2823 1672 2843 seu
1701 2810 1955 2851 intellecturis,
1982 2808 2205 2843 universitas
2238 2807 2369 2853 magis·

504 2878 639 2904 trorum
666 2879 700 2905 et
725 2872 917 2905 scolarium
943 2874 1102 2906 Parisius
1132 2875 1361 2909 studencitnn
1392 2877 1429 2910 in
1460 2889 1502 2910 eo
1534 2878 1595 2922 qui
1626 2884 1682 2910 est
1706 2877 1804 2910 salus
1830 2876 2030 2909 animarum
2057 2875 2224 2908 salutem.
2256 2875 2370 2908 Nove-

503 2938 581 2971 ritis
621 2950 685 2983 pro
725 2951 811 2983 pace
852 2946 887 2971 et
923 2940 1180 2984 tranquillitate
1216 2942 1326 2975 studii
1361 2944 1578 2977 Parisiensis
1611 2944 1648 2977 in
1683 2943 1948 2976 ordinationem
1988 2954 2058 2987 que
2097 2941 2263 2986 sequitur
2301 2950 2369 2973 nos

627 2996 665 3020 71.
