2580 3528
253 413 351 454 1257]
595 422 643 445 ΑΒ
676 422 784 445 Anno
818 422 895 445 mcc
930 423 1063 452 usqua
1097 424 1146 445 An
1182 424 1411 448 PHILIPPUM
1446 426 1487 448 iv
1520 427 1609 449 use.
1647 428 1783 451 rnANc.
2060 422 2124 456 361

251 507 318 530 seu
345 496 466 537 etiam,
493 495 593 541 quod
619 495 706 529 dicti
732 496 876 537 fratres,
905 496 1050 541 quando
1078 505 1348 532 consenserunt
1372 499 1409 531 in
1436 500 1702 545 compositione
1735 502 1908 546 predicta,
1942 505 2126 538 renuntia-

249 568 394 604 verunt,
432 568 473 596 ut
508 562 654 604 dicitur,
690 562 822 596 litteris
855 563 1067 608 apostolicis
1100 563 1302 610 impetratis
1335 571 1372 598 et
1404 565 1656 611 impetrandis,
1691 579 1781 612 quas
1815 569 1851 601 in
1886 581 1953 602 suo
1993 570 2125 604 robore

249 627 420 663 volumus
439 629 686 675 permanere',
712 629 885 675 ipsasque
910 629 976 663 tibi
997 636 1034 663 et
1053 630 1191 664 eisdem
1213 631 1385 665 fratribus
1405 631 1450 665 ab
1475 644 1598 666 earum
1620 633 1873 668 detentoribus
1894 635 2011 678 reddi,
2033 648 2125 681 quos

249 695 294 729 ad
327 695 366 728 id
399 695 430 729 si
464 706 617 729 necesse
649 695 760 729 suerit
792 696 994 729 monitione
1028 697 1206 742 premissa
1239 709 1305 743 per
1338 710 1529 732 censuram
1563 699 1844 734 ecclesiasticam
1882 701 2125 747 appellatione

248 761 387 796 remota
410 761 622 808 compellas.
649 763 864 808 Preceptum
890 769 1069 805 nostrum,
1097 763 1195 809 quod
1216 775 1259 798 ex
1280 771 1355 798 toto
1378 765 1501 799 cordis
1526 766 1655 799 affectu
1681 766 1746 800 tibi
1771 767 1978 813 dirigimus,
2007 768 2126 802 taliter

248 832 481 878 impleturus,
509 832 608 878 quod
635 832 792 867 efficacis
819 833 1029 868 obedientie
1058 834 1282 880 gaudeamus
1312 835 1349 868 in
1379 842 1413 869 te
1443 837 1766 882 promptitudinem
1796 838 2004 876 invenisse:
2035 839 2124 872 alias

247 899 376 933 autem'
393 911 460 946 pro
486 898 592 933 firmo
619 905 756 941 teneas,
785 900 885 946 quod
912 900 1200 947 indignationem
1227 908 1387 936 nostram
1415 902 1485 936 sub
1511 903 1661 937 incursu
1690 904 1852 949 predicte
1879 917 1972 951 pene
1999 913 2122 940 contra

247 977 440 1012 personam
462 972 572 1008 tuam,
593 965 680 1000 licet
698 966 813 1012 ipsam
835 967 871 1000 in
892 966 1040 1001 Christo
1061 968 1310 1002 sincerissime
1331 969 1541 1015 diligamus,
1561 970 1721 1016 graviter
1740 971 1970 1016 provocabis,
1991 972 2123 1006 litteris

246 1032 385 1066 nostris
415 1044 423 1066 ε
455 1033 604 1067 Cunctis
623 1034 882 1078 processibus¹,
913 1034 1015 1068 Licet
1039 1034 1158 1075 olim’,
1185 1041 1222 1068 et
1243 1034 1304 1069 Ad
1329 1041 1489 1070 nostram
1517 1037 1688 1077 novet-1¹5⁴,
1721 1036 1786 1070 tibi
1810 1037 1899 1071 alias
1926 1038 2075 1072 directis
2104 1052 2122 1073 a

246 1097 356 1132 nobis
382 1099 421 1132 in
448 1110 516 1133 suo
539 1098 675 1133 robore
700 1099 962 1134 nichilominus
987 1100 1192 1142 duraturis;
1222 1102 1510 1136 contradictores
1536 1115 1601 1148 per
1621 1115 1811 1137 censuram
1839 1104 2121 1139 ecclesiasticam

246 1165 489 1212 appellatione
514 1166 716 1212 postposita
746 1167 1028 1212 compescendo.
1059 1168 1166 1211 Quod
1196 1168 1291 1201 enim
1322 1180 1434 1214 super
1462 1168 1531 1202 hoc
1561 1170 1746 1204 inveneris
1775 1177 1811 1204 et
1839 1171 1984 1213 feceris,
2015 1172 2122 1206 nobis

247 1231 405 1266 fideliter
425 1231 629 1266 rescribere
650 1245 722 1266 non
743 1233 899 1266 omittas.
923 1234 1000 1267 Dat.
1022 1234 1179 1268 Viterbii
1199 1234 1222 1280 ij
1245 1235 1294 1268 id.
1315 1235 1415 1277 Julii,
1438 1235 1670 1281 pontificatus
1695 1237 1811 1270 nostri
1835 1250 1930 1271 anno
1956 1239 2075 1273 tertio.

339 1329 476 1362 Originale
491 1306 610 1354 in-Areh.
627 1333 681 1354 nat.
698 1330 782 1354 Paris.
799 1331 827 1354 L.
845 1331 899 1359 251,
919 1335 949 1354 n⁰
966 1331 1020 1355 142.
1037 1331 1114 1355 Bulla
1134 1332 1259 1364 plumbea
1280 1332 1332 1356 filis
1348 1333 1459 1356 cannab-
1475 1333 1645 1364 appenditur.
1661 1334 1691 1358 ln
1706 1334 1859 1358 membrana
1875 1343 1968 1359 aversa
1984 1344 1989 1359 :
2007 1345 2019 1360 (1
2035 1337 2123 1361 Predi-

232 1377 364 1401 ,mmmm
378 1382 401 1398 11.
417 1388 446 1393 -
467 1374 597 1400 Vidimus
610 1373 730 1407 episcopi
751 1374 891 1407 Reginaldi
907 1375 991 1399 Paris.
1009 1376 1144 1408 Septemb.
1165 1385 1207 1400 un.
1229 1377 1290 1400 1257
1310 1377 1337 1400 in
1359 1377 1436 1401 Arch.
1458 1378 1560 1409 depart.
1578 1378 1609 1401 de
1630 1378 1655 1401 la
1675 1378 1820 1407 Geta-d'Or,
1842 1380 1918 1403 fonds
1933 1380 2121 1410 Dominicains,

243 1418 325 1443 liu-e
338 1419 385 1443 ⁹³0
398 1418 439 1451 (Η.
456 1423 486 1443 11(ι
500 1420 548 1449 5³).
565 1418 633 1444 lhid.
650 1419 760 1445 Gartul.
777 1419 823 1443 des
838 1419 1026 1448 Dominicains,
1043 1421 1074 1444 Η.
1091 1421 1145 1449 221,
1162 1421 1207 1444 tol.
1221 1422 1260 1445 76.
1276 1421 1418 1452 Magnum
1433 1422 1584 1447 Pastorale
1598 1422 1624 1446 in
1637 1423 1714 1446 Arcb.
1730 1426 1784 1447 nat.
1796 1424 1881 1448 Paris.
1892 1425 1940 1449 LL.
1953 1425 2007 1454 175,
2022 1434 2050 1457 p.
2067 1427 2121 1450 563.

244 1463 308 1488 eod.
322 1463 462 1487 Rutenens.
479 1463 620 1488 Constitut-
636 1463 700 1488 Ord.
712 1464 815 1492 Praeti..
830 1472 858 1496 p.
869 1465 925 1488 254.
940 1464 1064 1493 Bulaeus,
1080 1465 1127 1494 111,
1143 1466 1198 1490 340.
1214 1466 1296 1494 Idem,
1312 1474 1338 1498 p.
1355 1467 1409 1493 308,
1426 1465 1493 1489 hanc
1507 1466 1648 1498 epistolam
1660 1475 1801 1499 perperam
1815 1469 1848 1492 ad
1864 1477 1906 1492 an.
1923 1470 1937 1492 2
1951 1471 2040 1498 refert,
2054 1470 2123 1494 sicut

242 1510 269 1532 et
281 1507 420 1536 Joutdain,
434 1511 464 1532 12⁰
477 1507 532 1532 138.

336 1592 360 1616 ¹.
377 1592 464 1624 Supra
479 1594 509 1616 115
523 1593 577 1616 ³09.
592 1606 625 1611 —
639 1594 662 1617 2.
679 1593 767 1625 Supra
782 1597 812 1617 11⁰
827 1594 881 1617 2⁸0.
897 1607 929 1611 —
943 1594 965 1617 ³.
980 1593 1067 1626 Supra
1082 1598 1112 1617 η’)
1126 1594 1182 1618 281.
1196 1607 1228 1612 -
1241 1595 1264 1618 ’1.
1282 1594 1368 1626 Supra
1384 1598 1414 1618 n⁰
1427 1595 1482 1619 300.

242 1790 356 1828 313.
378 1799 547 1827 Alexander
561 1801 606 1827 IV
614 1804 698 1836 rogae
715 1800 892 1836 ludovicum,
910 1809 1004 1836 regem
1024 1802 1207 1836 Francorum,
1226 1805 1257 1827 ut
1275 1801 1437 1837 Reginaldo
1456 1802 1590 1839 episcopo
1609 1803 1773 1829 Parisienai
1787 1803 1816 1829 in
1836 1805 2018 1831 exsecutione
2039 1813 2120 1831 man-

329 1847 462 1876 datorum
477 1848 700 1886 apostolicorum
715 1849 853 1885 regaliter·
866 1849 954 1876 adsit.

1500 1901 1578 1930 1257.
1593 1901 1656 1927 dulit
1667 1901 1707 1931 31,
1724 1901 1833 1928 riter-bia:

329 1971 537 2006 Alexander
571 1972 767 2019 episcopus
799 1984 929 2006 servus
961 1985 1151 2007 servorum
1185 1974 1251 2007 Dei
1283 1974 1473 2008 carissimo
1504 1975 1541 2008 in
1568 1975 1715 2009 Christo
1747 1975 1822 2009 filio
1849 2003 1870 2009 ..
1900 1977 1978 2022 regi
2011 1978 2120 2011 Fran-

239 2049 366 2072 corum
394 2038 530 2073 illustri
557 2038 711 2074 salutem
740 2046 776 2073 et
802 2039 1038 2086 apostolicam
1065 2039 1374 2074 benedictionem.
1397 2042 1496 2075 Bona
1522 2042 1720 2083 meritoria,
1752 2055 1817 2088 per
1846 2055 1916 2089 quc
1945 2044 2117 2077 virtutum

240 2104 397 2139 Domino
426 2105 570 2151 placere
600 2106 805 2148 desideras,
835 2106 1010 2153 religiosa
1039 2106 1256 2153 multiplicat
1281 2107 1490 2142 dilectionis
1516 2108 1661 2149 caritas,
1688 2121 1757 2154 qua
1784 2108 1942 2144 humiles
1969 2110 2119 2157 religio-

239 2182 372 2217 sasque
398 2183 588 2217 personas,
614 2172 652 2206 in
681 2172 815 2219 quibus
835 2173 958 2207 divine
979 2174 1078 2219 pacis
1098 2174 1250 2220 spiritus
1270 2174 1480 2220 requiescit,
1503 2173 1690 2209 humiliter
1707 2175 1936 2222 amplectitur
1954 2189 2117 2211 mansue-

239 2237 378 2272 tudinis
406 2238 508 2285 regie
535 2238 729 2273 celsitudo.
764 2241 840 2274 Hoc
873 2240 1008 2286 quippe
1036 2241 1072 2274 in
1099 2240 1189 2274 celis
1216 2241 1260 2274 ad
1291 2241 1470 2275 mercedis
1500 2241 1684 2275 cumulum
1716 2242 1781 2276 tibi
1811 2243 2000 2288 signanter
2030 2256 2117 2289 pura

238 2304 384 2350 reponit
412 2305 581 2347 intentio,
612 2317 719 2351 quam
749 2306 806 2352 pia
837 2306 1105 2340 desideriorum
1134 2313 1278 2341 tuorum
1309 2307 1429 2341 studia
1461 2308 1708 2348 manifest-'inm
1740 2308 1808 2342 hoc
1838 2309 1939 2343 velut
1968 2310 2114 2356 insigne

238 2370 450 2405 imitationis
477 2371 661 2418 exemplar
687 2371 859 2407 fidelibus
886 2379 1010 2419 aperte
1037 2373 1254 2419 proponitur
1279 2374 1324 2407 ad
1351 2374 1565 2420 profectum.
1596 2375 1791 2420 Propterea
1818 2376 1849 2409 si
1878 2388 1942 2421 pro
1971 2376 2114 2411 dilectis

237 2436 323 2471 filiis
343 2437 615 2472 Predicatoruin
637 2445 673 2472 et
697 2438 879 2472 Minorum
900 2439 1079 2474 Ordinum
1100 2439 1274 2474 fratribus
1295 2440 1357 2486 qui
1378 2440 1538 2474 Parisius
1559 2441 1595 2474 in
1616 2441 1864 2486 predicatione
1891 2449 1926 2476 et
1949 2443 2113 2478 doctrina

236 2503 417 2550 evangelii
441 2503 651 2539 laborantes
671 2505 708 2539 in
733 2505 916 2552 refrigerii
944 2506 995 2539 tui
1021 2505 1272 2540 consolatione
1300 2507 1494 2552 respirant,
1521 2508 1759 2553 protectionis
1785 2509 1886 2555 regie
1911 2510 2110 2555 presidium

235 2569 487 2617 imploramus,
513 2571 698 2606 credimus
722 2571 820 2618 quod
846 2579 971 2606 nostre
996 2573 1184 2619 petitionis
1204 2573 1373 2607 instantia
1398 2585 1478 2607 cum
1506 2580 1567 2608 tuo
1592 2580 1677 2608 voto
1701 2587 1926 2610 concurrens
1952 2576 2111 2623 regalem

235 2636 398 2671 auditum
427 2644 490 2671 aut
517 2638 675 2672 animum
707 2650 780 2672 non
810 2638 986 2685 gravabit.
1018 2640 1111 2673 Sane
1139 2639 1225 2674 licet
1253 2639 1362 2673 iidem
1392 2640 1522 2674 fratres
1552 2640 1589 2674 in
1618 2642 1832 2676 executione
1862 2643 2109 2678 mandatorum

234 2703 533 2749 apostolicorum,
573 2716 644 2751 que
682 2716 794 2752 super
826 2712 921 2740 statu
955 2706 1067 2740 studii
1101 2706 1146 2740 ad
1179 2707 1460 2741 convertendam
1496 2719 1562 2741 seu
1595 2709 1853 2743 conterendam
1892 2710 2109 2744 secularium

234 2769 490 2816 magistrorum
519 2777 556 2805 et
581 2771 775 2806 scolarium
807 2772 1077 2807 Parisiensium.
1096 2772 1265 2808 duritiam
1292 2779 1517 2815 emanarunt,
1546 2781 1752 2821 promptum
1781 2776 1985 2811 invenerint
2012 2777 2111 2811 auxi-

234 2834 321 2870 lium
345 2837 447 2883 regie
468 2838 671 2884 potestatis,
693 2850 805 2885 super
824 2851 896 2885 quo
917 2846 954 2874 et
973 2839 1044 2886 ipsi
1065 2851 1130 2886 pro
1151 2846 1185 2874 te
1207 2841 1283 2874 Deo
1304 2839 1453 2874 humilia
1474 2851 1540 2886 pro
1561 2846 1620 2874 tua
1639 2841 1756 2875 salute
1778 2849 1858 2877 vota
1882 2843 2108 2889 persolvunt,

233 2908 270 2936 et
298 2914 366 2937 nos
398 2909 458 2937 tue
489 2903 702 2938 celsitudini
730 2905 867 2951 gratias
893 2906 1036 2953 agimus
1063 2906 1233 2953 copiosas
1260 2918 1268 2940 ε
1297 2907 1381 2952 quia
1409 2913 1528 2941 tamen
1556 2908 1734 2953 quandam
1765 2908 1914 2944 tulimus
1942 2910 1987 2944 de
2015 2922 2109 2944 novo

233 2969 449 3004 sententiam
475 2977 512 3004 et
536 2977 668 3005 statuta
692 2971 938 3015 condidimus,
965 2972 1100 3019 quibus
1127 2973 1352 3007 turbatorum
1378 2973 1491 3007 studii
1515 2974 1734 3008 Parisiensis
1758 2975 1950 3010 cohibetur
1974 2977 2110 3022 impro-

359 3028 456 3054 chan.
478 3028 558 3054 Unio.
575 3029 672 3055 Paria.
690 3028 712 3054 1.
1953 3035 1984 3058 116
