2580 3528
455 370 518 402 162
1037 376 1358 399 CHARTULAnluu
1392 376 1584 398 umvens.
1621 376 1751 398 rmus.
2232 365 2329 406 [1237

453 453 639 499 magistris
660 458 696 485 et
716 451 920 485 scolaribus
937 451 1132 484 sufficienti
1152 457 1187 484 et
1206 451 1347 496 ydonea
1369 450 1536 484 cautione
1557 457 1715 496 recepta,
1737 450 1835 495 quod
1857 450 1886 482 si
1908 450 2114 483 constiterit
2133 449 2331 494 predictam

453 520 668 554 sententiam
705 518 968 552 rationabiliter
1003 530 1086 551 esse
1119 518 1239 559 latam,
1276 530 1387 563 super
1417 517 1489 550 hiis
1524 529 1589 562 pro
1624 516 1758 562 quibus
1793 517 1861 550 lata
1896 516 2012 550 extitit
2046 516 2133 549 dicti
2167 516 2331 561 episcopi

452 587 620 620 mandato
648 585 839 632 parebunt,
867 585 1071 619 relaxantes
1096 585 1212 630 ipsam
1232 585 1334 630 juxta
1355 585 1505 618 sormam
1532 583 1687 617 ecclesie
1713 584 1758 616 ad
1783 583 1972 625 cautelam,
1993 583 2163 625 audiatis,
2191 582 2330 628 siquid

451 654 561 687 fuerit
581 653 799 699 questionis,
822 659 857 686 et
876 652 1118 698 appellatione
1140 658 1277 685 remota
1298 651 1369 684 fine
1391 650 1515 684 debito
1537 650 1754 692 terminetis,
1775 650 1950 683 facientes
1970 650 2068 695 quod
2093 649 2331 684 decreveritis

451 721 663 755 auctoritate
690 726 814 753 nostra
842 719 995 752 firmiter
1022 718 1222 752 observari.
1261 717 1437 762 Alioquin
1469 717 1686 750 sententiam
1719 717 1834 762 ipsam
1864 717 1959 750 sicut
1987 716 2251 750 rationabiliter
2275 723 2331 749 est

452 788 589 834 prolata
614 787 753 820 faciatis
779 786 903 820 eadem
930 786 1142 819 auctoritate
1169 796 1286 829 usque
1311 784 1356 817 ad
1377 784 1662 830 satisfactionem
1683 783 1901 829 condignam
1925 783 2168 829 appellatione
2193 790 2330 817 remota

451 855 711 889 inviolabiliter
736 853 923 888 observari
950 852 1062 885 nullis
1086 851 1218 885 litteris
1245 851 1388 885 veritati
1409 857 1445 884 et
1459 851 1609 896 justicie
1635 849 1951 896 prejudicantibus
1976 862 1994 883 a
2016 850 2104 883 sede
2131 850 2329 895 apostolica

451 922 665 967 impetratis.
688 922 766 954 Dat.
788 919 944 954 Viterbii
965 919 988 964 ij
1012 931 1097 952 non.
1119 919 1292 964 Augusti,
1314 917 1546 964 pontificatus
1567 918 1685 951 nostri
1705 930 1800 951 anno
1821 917 2027 950 undecimo.

544 1021 608 1044 tzod.
625 1021 683 1044 Vat.
699 1020 763 1051 Reg.
778 1020 832 1047 406,
851 1018 894 1042 sol.
912 1018 950 1041 12.
972 1018 1040 1041 Bibl.
1058 1017 1190 1049 Phillipps
1211 1017 1236 1040 in
1253 1017 1434 1045 Cheltenham,
1455 1025 1504 1040 ms.
1526 1017 1580 1045 876,
1598 1016 1642 1040 fol.
1664 1016 1701 1039 12.
1716 1030 1748 1033 -
1761 1016 1837 1047 Apud
1852 1016 1990 1044 Jourdain,
2010 1021 2038 1038 n⁰
2059 1015 2098 1044 51,
2114 1023 2145 1039 cx
2159 1015 2267 1043 Bulaeo,
2283 1015 2329 1043 m,

451 1066 505 1094 160,
524 1074 535 1088 «
551 1073 634 1088 nonas
651 1064 762 1095 Augusti
778 1072 799 1087 n.

544 1150 565 1172 1.
583 1149 647 1172 Vide
662 1149 732 1172 infra
747 1153 776 1171 n⁰
791 1148 845 1171 121.
863 1147 1042 1171 cancellarius
1065 1147 1205 1178 Philippus
1222 1147 1254 1170 de
1274 1146 1358 1170 Greve
1377 1145 1444 1169 obiit
1459 1146 1489 1169 23
1509 1145 1568 1169 Dec.
1585 1145 1656 1174 1236,
1674 1145 1717 1168 cui
1736 1144 1865 1168 successit
1884 1153 1952 1168 anno
1972 1145 2033 1168 1237
2053 1144 2182 1176 magister
2196 1144 2329 1169 Guiardun

449 1194 641 1222 Luudunensis,
658 1194 691 1216 ad
707 1201 784 1225 quem
798 1195 828 1216 ut
842 1191 1030 1215 cancellarium
1045 1191 1160 1215 directae
1176 1194 1238 1214 sunt
1251 1191 1355 1214 litterae
1370 1190 1492 1222 Gregorii
1508 1190 1541 1213 IX
1556 1189 1584 1221 iij
1600 1190 1652 1213 kal.
1669 1189 1742 1213 Junii
1757 1197 1798 1212 an.
1816 1189 1844 1212 11
1862 1190 1902 1218 (30
1921 1189 1983 1212 Maii
2004 1189 2078 1218 1237;
2095 1189 2158 1220 Reg.
2175 1189 2232 1213 Vnt.
2249 1189 2329 1221 Greg-

448 1248 493 1263 an.
508 1240 546 1267 11,
563 1247 603 1270 cp.
621 1239 684 1270 108).
701 1238 770 1269 Mag.
787 1237 904 1261 Guiardo
918 1245 986 1260 anno
1003 1237 1064 1260 1238
1078 1237 1111 1259 ad
1127 1236 1217 1260 sedem
1231 1236 1410 1267 episcopalem
1425 1235 1642 1259 Cameracensem
1661 1237 1750 1258 evecto
1770 1233 1943 1257 cancellariae
1958 1242 2054 1257 munus
2073 1233 2189 1257 obtinuit
2202 1233 2330 1265 magister

449 1284 505 1308 Odo
521 1284 553 1307 de
575 1283 668 1307 Castro
683 1282 825 1313 Rudulphi,
843 1281 887 1313 qui
903 1282 933 1304 24
948 1280 1009 1304 Maii
1026 1281 1086 1304 1237
1102 1281 1128 1303 in
1144 1289 1186 1312 ep.
1207 1281 1237 1304 79
1256 1280 1342 1303 adhuc
1356 1288 1409 1303 unu
1428 1287 1488 1303 cum
1503 1279 1662 1302 cancellario
1676 1278 1837 1306 nominatur,
1854 1286 1943 1301 mense
1963 1277 2043 1302 Junio
2062 1286 2104 1301 an.
2122 1278 2183 1301 1238
2199 1277 2330 1309 veroium

448 1328 621 1351 cancellarius
638 1327 694 1351 suit.
708 1326 836 1354 Guerard,
851 1327 926 1350 Cart.
942 1327 976 1350 de
985 1325 1179 1353 Notre-Dame‚
1192 1326 1225 1353 11,
1240 1326 1295 1348 422.
1309 1325 1346 1348 Ad
1361 1324 1425 1347 hacc
1436 1324 1496 1347 vide
1512 1323 1674 1354 Chroniqvoe
1683 1323 1770 1348 rime'e
1785 1323 1816 1346 de
1831 1323 1938 1354 Philipp
1949 1322 2070 1346 Mousket
2083 1322 2110 1346 in
2124 1323 2185 1347 Rec.
2194 1323 2241 1347 des
2255 1321 2328 1347 Hist.

447 1375 493 1398 des
506 1373 599 1401 Gaul„
616 1373 667 1401 XX,
683 1372 711 1395 61
729 1380 778 1403 sq.;
791 1371 926 1394 Alhricum
942 1370 1033 1394 Trium
1049 1370 1171 1393 Fontium
1187 1370 1213 1392 in
1228 1369 1308 1394 Mon.
1319 1369 1424 1397 Germ„
1436 1369 1526 1397 XXIII,
1537 1370 1592 1397 940,
1608 1369 1668 1397 942;
1679 1367 1778 1396 Valuis,
1794 1367 1960 1392 Guillaume
1972 1367 2158 1398 &Aut-eram,
2169 1375 2197 1398 p.
2211 1366 2250 1395 36,
2261 1370 2292 1390 11⁰
2305 1367 2329 1391 1.

452 1572 559 1608 116.
588 1580 738 1614 Gregorius
764 1580 808 1605 IX
826 1578 975 1604 scholares
989 1578 1172 1603 Parisienses
1188 1581 1281 1603 monet
1306 1580 1335 1602 ue
1357 1576 1461 1602 Ioanni
1485 1576 1522 1602 de
1549 1575 1706 1610 Gualsredo
1727 1576 1868 1612 pecuniae
1888 1583 2028 1600 summam
2042 1573 2218 1610 persolvant,
2242 1581 2328 1609 quam

534 1628 773 1665 procuratoribus
789 1637 884 1654 eorum
900 1631 997 1653 mutuo
1012 1626 1142 1653 dederat.

1674 1688 1752 1717 1237,
1768 1687 1879 1720 Augusti
1889 1687 1915 1717 8,
1934 1686 2041 1713 Viterbii.

537 1780 742 1826 Gregorius
763 1779 960 1824 episcopus
988 1790 1117 1811 servus
1146 1789 1335 1811 servorum
1361 1777 1428 1809 Dei
1449 1776 1593 1810 dilectis
1620 1776 1706 1809 filiis
1732 1775 1915 1809 universis
1942 1773 2146 1808 scolaribus
2166 1773 2327 1806 Parisius

447 1846 757 1881 commorantibus
798 1846 950 1879 salutem
993 1852 1028 1878 et
1069 1844 1304 1890 apostolicam
1348 1843 1656 1877 benedictionem.
1707 1842 1870 1876 Dilectus
1913 1841 2011 1874 filius
2053 1840 2238 1874 Johannes
2282 1839 2326 1873 de

446 1914 646 1948 Gualsredo
677 1915 861 1946 Romanus
891 1919 927 1945 ct
954 1912 1188 1945 Florentinus
1222 1911 1313 1944 civis
1348 1910 1517 1955 exposuit
1554 1921 1674 1943 coram
1714 1909 1822 1942 nobis
1857 1908 1954 1953 quod
1993 1919 2073 1940 cum
2112 1907 2192 1952 ipse
2230 1906 2325 1952 olym

446 1988 609 2026 tempore
630 1980 726 2013 bone
748 1979 922 2012 memorie
944 1981 985 2011 H.
1009 1991 1100 2024 pape
1122 1978 1217 2011 tertii
1248 1977 1524 2023 predecessoris
1552 1976 1668 2010 nostri
1696 1982 1851 2021 quatuor
1871 1973 2174 2020 procuratoribus
2192 1973 2326 2007 vestris

446 2048 541 2093 apud
561 2047 685 2080 sedem
707 2045 942 2091 apostolicam
965 2044 1173 2078 constitutis
1195 2056 1260 2089 pro
1288 2043 1506 2088 quibusdam
1532 2042 1666 2076 vestris
1691 2041 1852 2087 negotiis
1880 2040 2120 2087 procurandis
2146 2039 2325 2085 quandam

447 2126 623 2148 summam
645 2113 799 2158 pecunie
820 2111 1005 2153 mutuarit,
1027 2111 1113 2144 licet
1131 2110 1285 2155 quedam
1307 2121 1390 2155 pars
1411 2109 1529 2154 ipsius
1550 2109 1583 2142 ei
1603 2109 1713 2141 suerit
1733 2107 1931 2153 persoluta,
1955 2107 2116 2140 nondum
2138 2113 2257 2140 tamen
2281 2105 2325 2139 de

446 2181 514 2216 alia
540 2180 610 2214 sibi
631 2180 748 2213 extitit
768 2178 978 2219 satisfactio,
1001 2184 1150 2223 propter
1171 2177 1269 2221 quod
1295 2176 1448 2221 dampna
1470 2175 1592 2221 gravia
1623 2182 1659 2208 et
1688 2186 1867 2220 expensas
1888 2186 1928 2207 se
1958 2173 2090 2207 asserit
2109 2173 2323 2206 incurrisse.

447 2249 538 2283 Cum
559 2254 677 2281 autem
704 2259 722 2279 a
743 2246 838 2279 bone
860 2245 1035 2278 memorie
1055 2244 1230 2289 magistro
1251 2243 1448 2280 Willermo
1469 2242 1725 2276 archidiacono
1747 2241 1975 2283 Belvacensi,
1997 2240 2059 2286 qui
2080 2240 2118 2273 in
2137 2242 2324 2273 contractu

447 2315 565 2360 ipsius
585 2314 701 2347 mutui
722 2324 876 2358 presens
892 2312 1010 2345 suerat
1029 2311 1124 2356 apud
1146 2310 1270 2344 sedem
1292 2309 1527 2355 apostolicam
1545 2309 1755 2350 constituto,
1779 2308 1874 2341 idem
1895 2308 1985 2341 civis
2006 2307 2077 2340 sibi
2098 2306 2143 2340 de
2164 2306 2325 2352 predicta

447 2382 586 2427 reliqua
618 2381 771 2426 pecunia
799 2379 969 2413 satisfieri
999 2378 1203 2424 postularit,
1237 2377 1356 2410 dictus
1384 2377 1559 2426 magister
1584 2376 1728 2409 tandem
1757 2376 1794 2408 in
1819 2374 1915 2408 bone
1943 2374 2117 2407 memorie
2147 2373 2201 2406 B!
2230 2372 2326 2406 tituli

448 2450 576 2484 Sancte
607 2447 831 2481 Pudentiane
860 2445 1065 2492 presbyteri
1094 2444 1290 2478 cardinalis
1318 2443 1502 2489 presentia
1531 2443 1758 2488 recognovit,
1789 2442 1888 2487 quod
1916 2453 1982 2475 vos
2010 2441 2128 2474 eidem
2154 2440 2224 2473 civi
2253 2446 2323 2472 tam

448 2528 513 2561 pro
535 2522 632 2549 sorte
654 2527 760 2560 quam
782 2526 847 2559 pro
869 2513 1107 2558 dampnorum
1129 2518 1165 2544 et
1184 2522 1425 2556 expensarum
1456 2510 1701 2544 satisfactione
1726 2509 1763 2542 in
1793 2508 1969 2541 nundinis
1989 2505 2326 2540 Latiniacensibus²

447 2582 588 2627 argenti
614 2581 831 2614 teneremini
858 2579 1048 2613 exsolvere
1076 2585 1221 2612 centum
1247 2577 1429 2618 marchas3
1459 2583 1516 2610 set
1539 2576 1668 2610 eodem
1696 2575 1821 2621 elapso
1849 2574 2005 2608 termino
2034 2585 2106 2606 non
2132 2573 2201 2606 suit
2224 2572 2258 2605 ei
2279 2572 2324 2605 de

448 2649 542 2682 dicta
568 2648 720 2693 pecunia
751 2647 985 2680 satisfactum.
1018 2645 1179 2690 Ideoque
1210 2644 1438 2678 universitati
1464 2650 1586 2677 vestre
1612 2654 1677 2688 per
1705 2641 1903 2687 apostolica
1934 2640 2066 2685 scripta
2097 2639 2322 2680 mandamus,

448 2715 619 2761 quatinus
650 2715 683 2747 ei
713 2714 757 2746 de
788 2713 940 2759 pecunia
976 2713 1053 2757 ipsa
1087 2724 1168 2744 cum
1197 2711 1309 2756 justis
1340 2717 1375 2744 et
1408 2710 1605 2743 moderatis
1641 2708 1813 2754 expensis
1843 2714 1877 2741 et
1906 2706 2026 2740 debita
2061 2705 2324 2739 restauratione

449 2783 687 2827 dampnorum
713 2780 837 2813 usuris
862 2779 1010 2812 omnino
1035 2777 1265 2811 cessantibus
1287 2777 1495 2810 satisfacere
1521 2775 1740 2821 procuretis,
1765 2774 1940 2819 alioquin,
1963 2785 2043 2807 cum
2070 2772 2229 2806 nolimus
2254 2772 2324 2806 civi

449 2850 587 2895 prefato
608 2849 646 2881 in
671 2859 738 2881 suo
759 2848 843 2892 jure
869 2846 1000 2879 deesse
1026 2845 1062 2877 in
1084 2856 1155 2889 quo
1182 2855 1309 2877 sumus
1337 2842 1508 2876 omnibus
1533 2842 1732 2882 debitores,
1755 2841 1888 2874 dilecto
1909 2840 1986 2874 filio
2007 2840 2181 2885 magistro
2207 2840 2324 2872 Bene-

449 2917 546 2950 dicto
567 2916 611 2949 de
633 2914 811 2949 Guartino
828 2912 997 2958 scriptori
1020 2918 1146 2945 nostro
1167 2911 1294 2944 damus
1315 2909 1452 2943 nostris
1473 2909 1604 2942 litteris
1621 2909 1658 2941 in
1680 2908 1869 2949 mandatis,
1892 2915 1931 2941 ut
1950 2919 2016 2941 vos
2036 2907 2081 2940 ad
2101 2907 2139 2940 id
2159 2918 2224 2952 per
2234 2908 2324 2939 vcen-

573 2975 611 2997 21.
2122 2969 2125 2972 ·
