2580 3528
522 417 587 450 608
1109 423 1428 446 CHARTULARIUM
1463 421 1654 443 tNlVERS.
1691 420 1821 443 rmus.
2286 412 2423 453 ’[1284.

522 501 559 533 in
584 499 771 534 modernis
796 498 1034 544 temporibus,
1058 497 1140 543 plus
1166 497 1300 542 legitur
1321 497 1374 529 eis
1396 496 1440 528 de
1467 507 1539 527 uno
1566 494 1660 527 libro
1688 506 1793 539 quam
1815 494 2015 539 antiquitus
2037 495 2175 528 eisdem
2196 495 2397 541 legeretur,

523 567 630 600 simul
653 567 706 599 eis
726 565 885 611 legendo
906 565 950 598 de
973 564 1128 597 duobus.

610 633 666 666 Ad
688 632 889 666 secundum
918 630 1122 671 articulum,
1145 642 1224 662 cum
1252 629 1339 662 dicit
1364 628 1458 660 idem
1486 627 1726 660 cancellarius
1748 627 1846 672 quod
1871 628 2036 674 magistri
2057 628 2170 661 nichil
2198 628 2396 674 disputant,

523 699 618 741 (lico,
641 705 741 744 pater
770 705 905 739 sancte,
936 697 1033 742 quod
1063 696 1227 741 magistri
1254 694 1416 739 predicte
1446 693 1626 727 facultatis
1654 693 1842 739 disputant
1870 694 1907 727 in
1936 694 2067 728 diebus
2097 694 2398 740 disputabilibus,

523 765 697 811 reputatis
726 762 1021 809 disputabilibus,
1053 761 1252 795 secundum
1281 760 1547 793 ordinationem
1576 759 1756 793 facultatis
1783 760 1909 794 factam
1938 773 1956 794 a
1983 767 2147 807 tempore
2176 773 2195 794 a
2225 774 2297 807 quo
2324 773 2399 795 non

524 839 618 865 extat
643 831 827 871 memoria,
850 842 914 875 per
940 829 1088 862 eosdem
1118 828 1155 860 in
1184 827 1305 872 aliquo
1336 839 1410 859 non
1435 833 1618 860 mutatam.
1650 827 1740 860 Cum
1768 827 1857 860 dicit
1881 834 2007 873 postea
2033 828 2129 860 idem
2159 827 2399 862 cancellarius

524 899 620 943 quod
641 898 699 931 vix
719 897 763 929 de
786 896 956 929 trecentis
978 895 1162 939 disputant
1183 905 1247 926 sex
1262 893 1320 927 vel
1341 900 1435 935 octo,
1454 892 1706 935 cancellarius,
1725 893 1823 927 salva
1843 906 1931 939 pace
1952 906 2029 936 sua,
2047 906 2121 927 non
2140 894 2286 928 videtur
2305 893 2399 928 bene

524 965 616 997 scire
647 975 746 996 suam
776 962 990 1003 dialeticam,
1020 973 1098 993 cum
1127 961 1165 993 in
1196 960 1434 993 infamatoriis
1456 972 1526 1004 que
1552 960 1721 1005 porrigit,
1749 960 1843 993 dicat
1871 961 2111 1006 repugnantia
2140 961 2273 1006 posito.
2302 960 2401 995 Facit

523 1031 617 1063 enim
648 1036 771 1062 contra
797 1029 1053 1061 documentum
1081 1026 1284 1060 Aristotilis
1311 1025 1419 1059 nobis
1449 1026 1619 1059 traditum
1642 1027 1678 1059 in
1698 1027 1880 1072 principio
1906 1027 2166 1072 leopicorum;
2195 1027 2284 1061 dicit
2303 1028 2399 1062 enim

523 1097 617 1130 idem
645 1095 868 1136 Aristotiles,
892 1094 990 1140 quod
1011 1106 1078 1127 nos
1099 1094 1381 1139 disputationem
1409 1093 1648 1135 sustinentes,
1676 1093 1789 1126 nichil
1814 1105 2026 1139 repugnans
2054 1094 2231 1128 debemus
2259 1094 2399 1136 dicere;

522 1163 605 1196 huic
634 1163 852 1195 documento
882 1173 955 1194 non
985 1161 1183 1206 providens
1212 1160 1463 1202 cancellarius,
1495 1160 1624 1194 volens
1652 1160 1838 1206 disputare
1868 1167 1993 1194 contra
2019 1161 2237 1203 facultatem,
2265 1161 2303 1194 in
2327 1173 2400 1207 quo

523 1230 642 1262 minus
670 1228 837 1261 consulte
867 1228 952 1273 agit,
982 1227 1114 1261 asserit
1133 1227 1177 1267 ,in
1205 1227 1283 1260 suis
1308 1228 1381 1272 jam
1409 1227 1516 1260 dictis
1543 1226 1679 1268 verbis,
1701 1234 1886 1260 trecentos
1915 1239 1998 1260 esse
2026 1234 2199 1273 regentes
2226 1228 2264 1261 in
2288 1227 2402 1261 facul-

524 1303 608 1337 tate,
628 1303 662 1328 et
682 1296 719 1328 in
740 1294 980 1340 sequentibus
1002 1294 1079 1327 suis
1100 1293 1223 1327 verbis
1244 1294 1387 1335 asserit,
1406 1294 1503 1339 quod
1525 1306 1598 1326 non
1620 1300 1706 1327 sunt
1720 1294 1792 1327 nisi
1813 1306 1878 1327 sex
1896 1294 2027 1340 viginti
2048 1294 2213 1340 magistri
2229 1293 2402 1340 regentes

522 1364 559 1396 in
579 1363 762 1403 facultate,
782 1368 817 1394 et
837 1362 888 1394 sic
910 1361 998 1394 dicit
1017 1361 1269 1406 repugnantia.
1289 1362 1339 1393 Ita
1360 1367 1480 1394 tamen
1502 1361 1695 1406 responsio
1717 1360 1849 1394 melius
1870 1360 2022 1394 haberet
2041 1361 2162 1394 locum
2183 1361 2222 1393 in
2244 1372 2402 1406 sequen-

524 1429 620 1463 tibus
647 1441 751 1474 quam
772 1428 842 1461 hic.
865 1429 956 1462 Cum
979 1428 1066 1461 dicit
1085 1428 1182 1460 idem
1203 1427 1442 1461 cancellarius
1468 1427 1566 1473 quod
1588 1427 1704 1460 nostri
1732 1427 1897 1473 magistri
1925 1439 1999 1460 non
2019 1427 2156 1460 habent
2180 1427 2252 1460 nisi
2273 1427 2400 1461 decem

523 1503 558 1529 et
584 1503 665 1529 octo
694 1495 936 1541 sophysmata,
967 1502 1002 1527 et
1028 1495 1125 1539 quod
1155 1495 1292 1527 faciunt
1320 1501 1464 1540 portare
1493 1506 1556 1527 sua
1585 1494 1828 1540 sophysmata,
1861 1494 1959 1539 quod
1987 1500 2043 1527 est
2069 1494 2157 1527 alias
2184 1494 2400 1534 inauditum,

524 1563 620 1596 salva
642 1575 727 1608 pace
750 1575 826 1604 sua,
849 1574 922 1594 non
943 1561 1037 1594 bene
1062 1561 1167 1603 dicit·,
1191 1573 1271 1594 nam
1302 1561 1340 1594 in
1365 1560 1434 1594 hoc
1456 1561 1696 1594 cancellarius
1723 1567 1866 1606 reputat
1890 1567 2038 1594 nostros
2063 1561 2262 1594 modernos
2288 1561 2403 1607 magi-

524 1636 620 1663 stros
637 1630 848 1675 ignorantes
866 1641 930 1661 seu
948 1628 1198 1674 negligentes,
1217 1628 1279 1673 qui
1296 1635 1415 1661 tamen
1433 1634 1518 1661 sunt
1532 1628 1796 1673 intelligentes,
1815 1627 1971 1660 subtiles
1988 1634 2024 1661 et
2038 1628 2215 1673 provecti,
2232 1627 2402 1673 quoniam

524 1697 618 1729 inter
652 1708 715 1729 eos
750 1695 985 1728 inveniuntur
1010 1695 1118 1728 modo
1147 1694 1272 1740 plures
1302 1694 1390 1727 boni
1422 1694 1633 1740 philosophi
1661 1706 1766 1739 quam
1800 1694 2053 1728 invenirentur
2083 1694 2242 1727 dialetici
2270 1694 2308 1727 in
2334 1695 2402 1728 s‘uo

524 1770 698 1808 tempore.
729 1764 773 1795 Et
798 1763 890 1795 sorte
918 1762 1005 1795 dicit
1038 1762 1106 1795 hoc
1141 1762 1394 1804 cancellarius,
1423 1762 1579 1794 credens
1614 1773 1678 1795 eos
1711 1762 1830 1794 facere
1860 1761 1964 1803 illud,
1994 1761 2093 1806 quod
2126 1761 2284 1806 ipsemet
2309 1761 2402 1795 forte

523 1829 676 1863 faciebat
695 1830 731 1862 in
753 1829 830 1862 suis
852 1828 1090 1874 temporibus.
1120 1830 1193 1861 Nec
1214 1829 1379 1874 magistri
1401 1829 1517 1862 nostri
1539 1828 1647 1862 modo
1668 1835 1753 1861 sunt
1773 1828 1882 1861 otiosi
1900 1840 1907 1861 :
1930 1828 2054 1870 immo,
2077 1828 2109 1861 si
2129 1840 2288 1873 unquam
2309 1827 2403 1861 bene

523 1897 655 1930 lectum
684 1896 751 1929 suit
776 1896 834 1929 vel
864 1896 1084 1941 disputatum
1113 1896 1150 1928 in
1178 1895 1362 1941 aliquibus
1392 1896 1581 1929 transactis
1611 1894 1852 1941 temporibus,
1882 1895 1943 1928 isti
1969 1901 2070 1928 actus
2098 1894 2206 1928 modo
2226 1907 2244 1927 a
2265 1894 2403 1928 nostris

523 1963 708 2008 magistris
735 1962 867 1995 melius
895 1969 1127 2004 exercentur3
1158 1969 1193 1995 et
1221 1962 1305 1995 ideo
1334 1974 1376 1995 ex
1404 1962 1478 1995 otio
1507 1974 1580 1995 non
1607 1968 1735 1995 vacant
1759 1961 1858 1995 ludis
1885 1961 2123 2003 tassillorum,
2145 1961 2315 2003 luxuriis,
2336 1973 2403 1995 nec

523 2029 604 2062 aliis
632 2028 845 2062 enormibus
873 2041 943 2073 que
971 2029 1024 2062 eis
1051 2029 1205 2074 imponit
1231 2029 1488 2070 cancellarius;
1517 2029 1626 2061 immo
1654 2035 1740 2061 sunt
1761 2028 1866 2073 justi,
1888 2028 2119 2061 continentes
2147 2034 2183 2060 et
2206 2028 2254 2061 ita
2278 2027 2403 2062 stricte.

523 2095 747 2129 conscientie
775 2101 811 2128 et
836 2095 946 2136 bone,
979 2094 1074 2128 sicut
1101 2095 1193 2140 ipse.
1226 2096 1298 2127 Nec
1325 2095 1405 2140 ipse
1433 2095 1591 2128 discrete
1619 2095 1694 2140 agit
1725 2095 1762 2127 in
1791 2094 1874 2127 talia
1904 2094 2130 2127 infamatoria
2160 2093 2402 2139 proponendo

524 2168 648 2195 contra
676 2168 807 2194 tantam
836 2161 1119 2203 multitudinem,
1142 2168 1273 2206 quanta
1295 2168 1351 2194 est
1370 2161 1564 2194 multitudo
1589 2161 1848 2209 magistrorum
1879 2161 1923 2194 de
1951 2160 2119 2194 facultate
2146 2160 2291 2203 artium,
2321 2172 2404 2194 cum

525 2240 591 2261 nec
612 2228 694 2261 talia
716 2228 868 2261 deberet
887 2240 1093 2273 proponere
1114 2234 1238 2261 contra
1258 2239 1389 2268 unum;
1412 2239 1547 2260 nomen
1567 2228 1663 2260 enim
1685 2227 1821 2260 bonum
1843 2234 1877 2260 et
1898 2228 1989 2260 sama
2010 2234 2096 2261 sunt
2115 2227 2323 2270 thesaurus,
2343 2227 2403 2261 cui

524 2295 718 2328 thesaurus
749 2295 955 2328 divitiarum
984 2302 1041 2328 est
1066 2294 1379 2340 incomparabilis3
1402 2307 1483 2327 nam
1506 2294 1708 2327 secundum
1737 2294 1835 2339 quod
1856 2293 1942 2327 alibi
1964 2293 2169 2335 scribstur‘,
2191 2293 2323 2327 melius
2347 2300 2404 2327 est

526 2374 658 2394 nomen
679 2361 814 2394 bonum
831 2374 937 2407 quam
954 2361 1079 2395 divitie
1100 2361 1224 2394 multe.
1244 2361 1346 2394 Istud
1366 2368 1485 2394 autem
1506 2373 1640 2394 nomen
1658 2360 1809 2403 bonum,
1828 2361 1907 2394 sine
1928 2361 2068 2394 ratione
2099 2372 2142 2394 ex
2173 2367 2274 2406 parte
2294 2360 2404 2407 magi-

525 2434 695 2470 strorum,
728 2428 855 2461 nititur
884 2428 1136 2470 cancellarius,
1168 2428 1265 2473 quod
1296 2440 1369 2461 non
1400 2434 1532 2473 potest,
1559 2428 1626 2470 eis,
1657 2428 1753 2461 sicut
1781 2428 2003 2461 indiscretus
2032 2427 2070 2460 in
2097 2427 2167 2460 hoc
2201 2434 2237 2461 et
2267 2427 2403 2470 fatuus,

527 2495 680 2527 auferre.

615 2561 671 2593 Ad
701 2561 850 2594 tercium
880 2562 1070 2595 articulum
1101 2562 1257 2595 dicimus
1287 2562 1385 2607 quod
1415 2561 1580 2607 magistri
1610 2561 1728 2595 nostri
1758 2574 1831 2594 non
1861 2561 1982 2595 locant
2015 2573 2100 2594 suas
2130 2560 2248 2594 scolas
2278 2558 2402 2606 precio

529 2626 638 2659 totius
659 2627 761 2669 anni;
785 2628 883 2672 quod
904 2634 1022 2661 tamen
1044 2628 1131 2661 dicit
1151 2628 1402 2661 cancellarius.
1425 2630 1539 2661 Immo
1561 2634 1733 2661 statutum
1755 2634 1812 2661 est
1830 2627 1868 2660 in
1888 2627 2074 2661 facultate⁶
2096 2627 2194 2673 quod
2214 2626 2402 2672 magister,

529 2704 593 2737 per
608 2693 865 2736 juramentum,
889 2706 953 2738 pro
975 2694 1098 2739 precio
1120 2694 1314 2736 scolarum,
1337 2707 1355 2728 a
1376 2694 1722 2728 determinatoribus
1747 2705 1822 2727 non
1842 2693 1995 2739 recipiet
2014 2693 2086 2727 nisi
2106 2693 2196 2727 duas
2216 2699 2338 2739 partes
2357 2693 2403 2726 de

528 2758 652 2802 precio
680 2758 859 2791 scolarum
888 2760 998 2793 totius
1019 2761 1117 2802 anni,
1140 2760 1188 2794 sit
1207 2760 1258 2793 ibi
1280 2773 1374 2794 unus
1396 2761 1657 2794 determinator
1678 2761 1755 2794 sive
1783 2760 1926 2806 plures;
1950 2766 1986 2793 et
2011 2759 2172 2793 scolares
2201 2771 2283 2793 eum
2310 2759 2404 2793 reci-

529 2824 678 2869 piuntur
696 2824 732 2857 in
753 2825 915 2858 examine
937 2826 1271 2867 determinatorum,
1289 2828 1414 2873 jurant
1434 2827 1531 2873 quod
1552 2839 1626 2860 non
1646 2827 1790 2861 solvent
1809 2826 1881 2860 nisi
1902 2826 1991 2860 duas
2011 2832 2132 2871 partes
2153 2826 2267 2871 precii
2287 2825 2404 2860 scola-

530 2902 608 2923 rum
630 2890 740 2924 totius
761 2891 863 2933 anni;
887 2898 922 2924 et
941 2892 985 2925 ad
1005 2892 1194 2926 utilitatem
1221 2894 1555 2936 determinatorum,
1580 2893 1679 2939 quod
1707 2905 1780 2926 non
1809 2892 1950 2926 solebat
1979 2892 2071 2935 fieri,
2099 2892 2303 2926 ordinatum
2333 2898 2402 2934 est,

531 2963 566 2989 et
591 2955 658 2990 hoc
681 2957 806 3001 jurant
835 2957 1147 3001 determinatores,
1177 2959 1275 3005 quod
1302 2972 1375 2993 non
1404 2959 1591 2993 habebunt
1617 2971 1762 3001 cereos;
1795 2971 1888 3005 quos
1918 2965 2038 2992 tamen
2062 2957 2196 2992 habere
2221 2958 2401 2992 solebant.

2569 2703 2580 3528 Qnm.-u—.—ut——mm—-oe
2572 2638 2580 2698 -μξη
2576 2622 2580 2632 -
2577 2608 2580 2616 .,
