2580 3528
459 375 526 408 380
1045 379 1366 404 cnni'rnLAan
1401 379 1590 401 milvinis.
1628 378 1759 400 PARIS.
2241 366 2341 407 [1259

461 458 557 491 dicto
578 457 701 490 debito
727 455 991 489 mercatoribus
1012 467 1121 500 supra
1143 454 1270 496 dictis3
1292 465 1359 486 nec
1387 453 1525 486 eisdem
1547 451 1811 485 mercatoribus
1837 451 1881 484 de
1903 450 2094 496 premissis
2118 450 2339 483 satisfactum

460 525 601 565 existat,
629 523 848 568 supradictis
878 522 1044 556 terminis
1065 522 1138 566 jam
1165 520 1326 566 elapsis:
1350 526 1476 565 petunt
1502 519 1588 552 dicti
1609 525 1829 551 mercatores
1853 518 1982 551 dictam
2005 517 2285 551 Universitatem
2307 523 2344 550 et.

461 598 639 624 rectorem
668 590 784 635 ipsius
814 588 1071 622 Universitatis
1096 594 1132 620 et
1155 587 1257 632 ipsos
1283 586 1479 631 magistros
1505 592 1541 618 et
1563 585 1724 618 scolares
1750 584 1844 617 dicte
1872 584 2128 618 Universitatis
2153 595 2193 617 ac
2215 595 2339 616 eorum

463 658 658 698 sindicum,
691 662 962 701 procuratorem
989 666 1054 687 seu
1082 660 1254 693 actorem,
1281 653 1324 686 ad
1349 652 1479 685 dictam
1508 663 1684 684 summam
1710 657 1854 684 centum
1875 650 2050 684 librarum
2078 650 2287 696 parisiens,
2308 657 2344 683 et

464 724 508 758 ad
530 724 697 769 dampna,
719 734 897 767 expensas
921 728 954 754 et
978 722 1157 753 interesse
1184 731 1254 764 que
1286 726 1321 752 et
1353 730 1442 763 quas
1477 718 1647 751 estimant
1678 717 1964 763 quadringentas
1989 717 2101 751 libras
2133 717 2340 763 parisiens,

464 798 501 824 et
528 791 572 824 ad
605 790 863 835 promissarum
900 799 1120 821 summarum
1156 786 1422 819 restitutionem
1461 791 1497 817 et
1525 784 1808 818 satisfactionem
1845 784 2043 817 faciendam
2079 783 2342 818 mercatoribus

463 857 672 890 memoratis
695 868 759 901 per
787 867 852 887 vos
883 853 1143 898 condempnari
1175 852 1440 885 sententialiter
1465 858 1500 884 et
1524 850 1711 896 compelli;
1744 863 1923 896 expensas
1952 851 2062 885 factas
2096 858 2344 896 protestantur

463 923 659 964 faciendas,
684 922 783 955 salvo
804 922 900 966 jure,
923 926 986 954 etc.

554 990 630 1022 Lite
665 989 784 1033 itaque
833 999 943 1032 super
986 986 1150 1031 predicto
1189 985 1315 1018 libello
1350 985 1512 1030 legitime
1551 991 1763 1024 contestata,
1795 997 1834 1017 ac
1874 984 1918 1017 de
1951 984 2155 1030 calumpnia
2191 985 2344 1030 prestito

459 1058 679 1101 juramentO,
724 1054 901 1099 factisque
953 1052 1200 1098 positionibus
1237 1059 1271 1085 et
1311 1051 1619 1096 responsionibus
1663 1051 1885 1093 subsecutis,
1925 1051 2137 1097 prefixoque
2180 1051 2344 1097 partibus

464 1123 619 1156 termino
647 1121 893 1167 peremptorio
919 1120 963 1153 ad
989 1119 1233 1152 exhibendum
1250 1120 1346 1163 jura,
1365 1119 1601 1160 munimenta,
1628 1118 1787 1151 rationes
1813 1125 1848 1151 et
1877 1118 2116 1164 allegationes
2145 1118 2230 1152 hinc
2259 1118 2344 1152 inde

465 1191 509 1223 ‹le
536 1190 694 1234 ipsarum
724 1188 877 1233 partium
907 1187 1110 1227 voluntate3
1143 1185 1314 1218 omnihus
1345 1185 1452 1218 etiam
1486 1185 1649 1231 legitime
1676 1197 1715 1218 ac
1737 1185 1804 1218 rite
1835 1186 1991 1231 peractis
2025 1197 2095 1231 que
2120 1186 2343 1231 judiciorum

464 1257 580 1290 series
611 1254 835 1300 requirebat;
867 1254 1000 1287 auditis
1034 1253 1118 1286 hinc
1148 1253 1233 1285 inde
1268 1252 1482 1298 propositis,
1511 1253 1675 1297 visisque
1705 1252 1959 1286 instrumentis
1993 1265 2058 1298 pro
2089 1259 2188 1299 parte
2223 1253 2345 1299 predi-

464 1331 603 1356 ctorum
632 1328 871 1354 mercatorum
904 1320 1106 1365 productis,
1133 1326 1167 1352 et
1193 1319 1491 1352 confessionibus
1526 1319 1638 1365 partis
1668 1319 1818 1353 alterius
1843 1320 1880 1352 in
1905 1320 2046 1365 judicio
2076 1320 2192 1362 factis,
2227 1320 2345 1354 consi-

465 1390 659 1434 derataque
693 1388 849 1421 efficacia
880 1386 1128 1432 probatorum,
1151 1393 1186 1419 et
1206 1398 1318 1431 super
1355 1386 1426 1419 hiis
1456 1386 1579 1419 habito
1610 1386 1765 1419 consilio
1796 1398 1876 1419 cum
1911 1387 2052 1432 peritis,
2083 1399 2122 1420 ac
2152 1386 2344 1421 nobiscum

465 1456 727 1490 deliberatione
762 1454 935 1500 plenaria,
958 1460 992 1486 et
1019 1453 1165 1486 obtenta
1188 1465 1206 1486 a
1237 1453 1385 1486 domino
1416 1465 1505 1498 papa
1536 1453 1580 1486 de
1605 1453 1754 1486 ferenda
1788 1454 1967 1487 sententia
2001 1453 2147 1487 licentia
2181 1454 2344 1500 speciali,

465 1523 601 1557 Christi
628 1522 773 1555 nomine
803 1522 981 1562 invocato,
1010 1520 1213 1565 predictum
1239 1520 1453 1565 magistrum
1478 1519 1679 1553 Johannem
1706 1520 1865 1562 Blontin,
1894 1527 2164 1566 procuratorem
2191 1521 2344 1555 rectoris

465 1597 501 1623 et
527 1589 774 1623 universitatis
800 1588 1056 1633 magistrorum
1088 1593 1123 1619 et
1148 1586 1341 1620 scolarium
1377 1586 1638 1620 Parisiensium
1673 1587 1934 1632 predictorum,
1956 1599 1995 1620 ac
2020 1588 2122 1633 ipsos
2150 1594 2342 1631 rectorem,

466 1656 760 1696 Universitatem,
796 1655 991 1700 magistros
1026 1661 1061 1687 et
1095 1653 1256 1687 scolares
1291 1653 1533 1695 Parisienses,
1570 1666 1634 1699 per
1670 1654 1789 1699 ipsum
1825 1661 2097 1700 procuratorem
2127 1655 2164 1688 in
2199 1661 2344 1689 centum

465 1721 570 1754 libris
588 1720 778 1766 parisiens.
798 1719 922 1759 sortis,
940 1726 976 1752 et
992 1719 1222 1764 septuaginta
1245 1718 1391 1751 (luobus
1412 1718 1518 1751 libris
1540 1718 1705 1763 ejusdem
1728 1725 1871 1752 monete
1888 1731 1954 1764 pro
1977 1719 2155 1765 dampnis,
2173 1720 2345 1766 expensis

465 1795 500 1821 et
529 1789 721 1828 interesse,
745 1799 814 1831 que
845 1786 930 1819 dicti
961 1792 1182 1818 mercatores
1217 1785 1498 1818 substinuerunt
1519 1792 1553 1819 et
1582 1786 1826 1819 incurrerunt'
1849 1786 2040 1820 occasione
2066 1786 2161 1820 dicte
2190 1787 2345 1833 pecunie

464 1867 538 1888 non
573 1854 704 1894 solute,
737 1853 829 1885 sicut
860 1848 925 1898 per
958 1852 1228 1885 consessionem
1260 1852 1377 1897 ipsius
1412 1852 1576 1897 magistri
1609 1852 1786 1886 Johannis
1819 1853 1856 1885 in
1884 1853 2025 1898 judicio
2068 1854 2195 1887 factam
2236 1853 2345 1888 nobis

465 1922 627 1955 constitit
661 1921 860 1961 evidenter,
893 1926 928 1952 et
956 1919 1000 1952 ad
1035 1920 1194 1965 ipsarum
1231 1931 1452 1952 summarum
1493 1919 1761 1952 restitutionem
1791 1919 1990 1953 faciendam
2026 1920 2109 1954 hinc
2138 1921 2182 1954 ad
2211 1921 2343 1954 festum

465 1989 635 2022 Omnium
663 1989 874 2021 Sanctorum
901 1986 1064 2032 proxime
1092 1992 1285 2019 venturum
1316 1986 1581 2019 mercatoribus
1608 1987 1830 2028 memoratis,
1858 1987 2123 2020 sententialiter
2147 1988 2346 2034 condemp-

465 2068 606 2096 namus,
641 2055 880 2087 decernentes
911 2054 1070 2098 prefatos
1098 2059 1290 2094 rectorem,
1319 2053 1612 2094 Universitatem,
1642 2054 1838 2099 magistros
1863 2061 1899 2087 et
1928 2054 2088 2087 scolares
2117 2054 2345 2089 parisienses

466 2134 548 2155 esse
578 2122 622 2154 ad
657 2120 949 2154 satisfaciendum
978 2119 1152 2165 predictis
1188 2119 1452 2152 mercatoribus
1486 2119 1804 2165 compellendos¹¹.
1835 2120 1892 2153 Ab
1927 2120 2007 2154 aliis
2035 2132 2122 2155 vero
2150 2121 2187 2154 in
2218 2121 2344 2155 libello

466 2189 588 2234 petitis
614 2188 731 2233 ipsum
761 2193 1031 2232 procuratorem
1061 2186 1214 2219 rectoris
1241 2186 1490 2219 universitatis
1515 2187 1771 2232 magistrorum
1794 2194 1829 2220 et
1849 2187 2044 2221 scolarium
2069 2188 2344 2231 Parisiensium,

467 2263 499 2289 et
524 2256 624 2300 ipsos
651 2261 841 2295 rectorem7
868 2253 1163 2294 Universitatem,
1193 2253 1389 2297 magistros
1413 2259 1448 2286 et
1473 2253 1634 2286 scolares
1658 2254 1898 2295 parisienses,
1917 2266 1981 2299 per
2003 2255 2122 2300 ipsum
2149 2255 2346 2288 sententia-

466 2323 549 2355 liter
578 2321 814 2359 absolvimus,
846 2333 925 2353 cum
959 2320 1002 2352 de
1033 2320 1124 2365 ipsis
1159 2331 1232 2352 non
1267 2319 1472 2353 constiterit
1501 2332 1619 2353 coram
1652 2320 1772 2354 nobis.
1805 2322 1846 2353 In
1880 2322 1984 2366 cujus
2014 2322 2067 2354 rei
2098 2322 2344 2355 testimonium

467 2401 619 2434 presens
642 2387 825 2433 publicum
854 2387 1134 2419 instrumentum
1158 2398 1222 2431 per
1252 2386 1545 2419 Bartholomeum
1570 2387 1613 2419 de
1637 2388 1785 2429 Berton,
1808 2388 2028 2433 suscriptum
2055 2388 2249 2430 notarium,
2266 2388 2346 2422 fieri

467 2456 632 2495 serimus,
655 2461 687 2487 ct
714 2454 829 2486 nostri
860 2453 973 2498 sigilli
1004 2453 1204 2485 munimine
1231 2452 1408 2486 roborari.
1435 2454 1517 2486 Lata
1541 2454 1607 2486 fuit
1629 2453 1696 2487 hec
1717 2454 1896 2487 sententia
1925 2455 2105 2500 Anagnie,
2127 2455 2164 2487 in
2185 2454 2345 2500 hospitio

469 2522 553 2554 dicti
588 2521 725 2553 domini
760 2520 966 2560 cardinalis,
998 2532 1093 2552 anno
1132 2519 1278 2552 Domini
1313 2519 1509 2552 millesimo
1540 2520 1616 2554 CC0
1655 2521 1960 2566 quinquagesimo
1998 2533 2109 2563 nono,
2145 2521 2345 2555 indictione

469 2587 641 2627 secunda,
665 2586 893 2631 pontificatus
919 2586 1056 2618 domini
1078 2586 1275 2619 Alexandri
1298 2599 1387 2631 pape
1408 2587 1524 2631 quarti
1551 2599 1645 2620 anno
1668 2588 1808 2632 quinto,
1826 2588 1885 2620 die
1906 2588 2030 2632 quinta
2054 2588 2192 2620 mensis
2212 2588 2343 2621 martii.

468 2653 705 2686 Prescntibus
735 2653 882 2685 (lmuino
906 2653 1048 2693 Odone,
1070 2653 1298 2694 vicecomite,
1322 2653 1460 2686 domini
1485 2666 1574 2699 pape
1596 2654 1803 2699 capellano;
1828 2654 1976 2687 domino
1999 2654 2197 2687 Raineri0¹¹
2217 2654 2345 2688 Uberti

469 2721 513 2753 de
535 2719 733 2759 Florentia,
759 2719 905 2751 Nicolao
931 2719 1064 2752 clerico
1087 2719 1130 2752 de
1152 2719 1342 2757 Lauduno,
1360 2726 1395 2753 et
1420 2720 1596 2753 Accursio
1622 2721 1755 2762 cleric-0
1776 2727 1812 2754 et
1837 2721 2003 2754 familiari
2032 2721 2186 2766 predicti
2206 2721 2345 2754 domini

468 2786 673 2825 cardinalis,
698 2785 850 2818 testibus
872 2786 1007 2818 vocatis
1038 2793 1073 2818 et
1102 2786 1252 2830 rogatis.
1282 2788 1325 2819 Et
1351 2799 1420 2831 ego
1450 2787 1729 2820 Bartholomeus
1760 2787 1803 2820 de
1835 2789 1983 2829 Berton,
2014 2787 2193 2833 imperiali
2222 2794 2345 2821 aucto-

468 2854 571 2886 ritate
601 2852 775 2891 notarius,
799 2852 999 2896 prescripto
1030 2853 1210 2885 sententie
1232 2852 1426 2897 prolationi
1458 2853 1618 2895 interfui,
1645 2860 1679 2887 et
1706 2866 1782 2887 eam
1812 2854 1856 2887 de
1884 2854 2051 2887 mandato
2073 2861 2108 2887 et
2132 2854 2344 2887 auctoritate

469 2918 621 2966 predicti
643 2917 781 2949 (lumini
803 2918 996 2950 cardinalis
1017 2919 1148 2963 scripsi
1170 2925 1205 2951 et
1226 2918 1406 2964 publicavi
1428 2927 1589 2965 rogatus.
