2580 3528
507 407 571 439 554
1083 413 1401 437 anRTULAan
1437 411 1626 433 rntvizas.
1664 410 1793 432 PAnis.
2278 403 2376 444 [1277

506 490 711 535 cujusmodi
736 489 923 535 proportio
951 496 1007 522 est
1031 489 1067 521 in
1093 487 1295 521 seminibus
1324 492 1528 531 parentum7
1555 497 1598 517 ex
1624 484 1687 517 illo
1716 484 1869 517 humore
1895 492 2022 530 posset
2050 487 2218 531 generari
2247 486 2374 528 hom03

505 564 540 590 et
560 557 645 590 sic'¹⁹
666 557 773 590 homo
795 563 918 601 posset
940 555 1163 588 sufficienter
1183 553 1350 599 generari
1372 565 1414 585 ex
1435 552 1709 597 putrefactione.

595 625 668 657 189.
696 623 802 666 Quod
826 635 905 655 cum
928 621 1169 666 intelligentia
1195 621 1241 653 sit
1270 620 1375 664 plena
1403 619 1543 657 formis,
1567 618 1743 663 imprimit
1770 618 1852 651 illas
1879 619 2013 653 formas
2041 620 2078 653 in
2106 621 2289 654 materiam
2311 633 2377 666 per

503 702 655 735 corpora
676 690 823 723 celestia
844 696 1008 733 tanquam
1031 700 1095 732 per
1116 687 1367 720 instrumenta.

595 758 667 790 190.
695 756 800 799 Quod
828 756 940 800 prima
968 766 1073 787 cansa
1104 760 1160 786 est
1188 764 1295 786 causa
1321 753 1481 784 omnium
1509 752 1765 785 remotissima.
1792 773 1836 777 —
1863 754 1987 795 Error,
2015 753 2046 787 si
2073 754 2299 800 intelligatur
2327 755 2375 788 ita

502 823 653 864 scilicet,
676 823 772 867 quod
794 834 866 854 non
887 821 1206 866 propinquissima.

593 891 665 922 191.
694 889 798 931 Quod
824 889 938 920 forme
964 900 1036 920 non
1062 887 1243 931 recipiunt
1267 886 1501 921 divisionem.
1529 886 1599 919 nisi
1621 898 1686 931 per
1707 887 1904 920 materiam.
1926 908 1970 913 —
1992 889 2115 929 Error,
2142 888 2213 922 nisi
2240 888 2375 922 intelli-

501 963 605 1001 gatur
627 955 670 987 de
692 955 817 987 formis
839 954 979 986 eductis
1001 954 1044 986 de
1066 953 1225 998 potentia
1247 952 1408 985 materie.

590 1023 662 1054 192.
691 1021 796 1064 Quod
818 1020 1012 1053 materialis
1033 1021 1145 1053 forma
1167 1031 1240 1052 non
1262 1026 1383 1064 potest
1403 1019 1532 1052 creari.

590 1089 662 1121 193.
690 1088 795 1130 Quod
827 1087 1034 1119 intellectus
1064 1093 1185 1131 potest
1211 1086 1366 1119 transire
1395 1086 1439 1118 de
1469 1098 1623 1131 corpore
1649 1086 1686 1119 in
1713 1099 1861 1132 corpus,
1890 1087 1937 1120 ita
1965 1088 2063 1133 quod
2091 1088 2138 1121 sit
2163 1089 2372 1122 successive

500 1162 617 1187 motor
637 1155 863 1187 diversorum
886 1165 1092 1198 corporum.

590 1223 663 1255 194.
691 1221 797 1264 Quod
816 1221 932 1253 anima
958 1220 1070 1253 nichil
1090 1220 1179 1261 vult,
1202 1220 1273 1253 nisi
1302 1227 1397 1253 mota
1417 1220 1461 1253 ab
1486 1220 1570 1253 alio.
1595 1221 1699 1254 Unde
1723 1221 1816 1254 illud
1842 1228 1898 1255 est
1922 1222 2052 1255 falsum
2077 1234 2084 1255 :
2107 1223 2224 1256 anima
2251 1223 2371 1269 seipsa

498 1287 585 1321 vult.
607 1308 650 1312 —-
673 1289 794 1329 Error.
816 1288 846 1320 si
867 1287 1092 1332 intelligatur
1112 1294 1205 1320 mota
1229 1286 1273 1319 ab
1293 1287 1364 1326 alio
1386 1287 1527 1320 scilicet
1546 1287 1590 1320 ab
1611 1287 1799 1333 appetibili
1820 1288 1879 1322 vel
1900 1288 2057 1334 objecto,
2080 1289 2127 1323 ita
2149 1290 2247 1335 quod
2267 1301 2372 1336 appe-

499 1354 598 1387 tibile
619 1354 676 1388 vel
697 1354 876 1399 objectum
900 1355 943 1387 sit
967 1361 1038 1387 tota
1060 1354 1149 1387 ratio
1169 1361 1289 1387 motus
1310 1354 1428 1399 ipsius
1447 1354 1656 1388 voluntatis.

588 1423 660 1454 195.
689 1421 794 1464 Quod
824 1422 947 1462 satum.
979 1421 1077 1466 qnod
1105 1427 1160 1453 est
1191 1421 1384 1466 dispositio
1417 1421 1593 1463 universi,
1622 1422 1788 1467 procedit
1815 1434 1858 1455 ex
1889 1423 2119 1468 providentia
2147 1423 2268 1457 divina
2297 1436 2371 1457 non

497 1488 704 1530 inmediate,
732 1488 796 1521 sed
831 1488 1010 1520 mediante
1036 1495 1134 1521 motu
1161 1500 1355 1533 corporum
1382 1488 1632 1533 superiorum;
1661 1495 1696 1522 et
1725 1489 1824 1534 quod
1852 1489 1950 1523 istud
1974 1490 2084 1523 fatum
2115 1503 2189 1524 non
2216 1491 2372 1536 imponit

497 1555 749 1587 necessitatem
771 1555 1020 1594 inferioribus,
1042 1555 1124 1599 qnia
1145 1554 1280 1588 habent
1300 1555 1605 1597 contrarietatem,
1627 1556 1692 1589 sed
1714 1556 1982 1602 superioribus.

586 1623 659 1654 196.
686 1621 792 1664 Quod
822 1621 1008 1666 dignitatis
1043 1629 1099 1654 est
1127 1622 1164 1654 in
1194 1622 1314 1655 causis
1345 1622 1611 1667 superioribus,
1644 1635 1754 1668 posse
1784 1623 1902 1656 facere
1932 1631 2077 1669 peccata
2108 1631 2143 1657 et
2171 1625 2370 1658 monstra”

498 1694 619 1732 preter
639 1688 890 1730 intentionem,
912 1701 992 1721 cum
1014 1695 1139 1722 natura
1159 1688 1228 1722 hoc
1248 1689 1377 1734 possit.

586 1756 658 1788 197.
687 1755 792 1797 Quod
820 1755 938 1800 aliqua
966 1762 1121 1800 possunt
1147 1756 1339 1789 casualiter
1368 1757 1515 1790 evenire
1546 1764 1714 1802 respectu
1744 1769 1852 1790 cause
1880 1757 2016 1803 primm
2047 1765 2082 1791 et
2111 1758 2210 1803 quod
2239 1757 2370 1792 falsum

495 1827 560 1862 est,
584 1821 701 1853 onmia
722 1833 803 1854 esse
825 1822 1056 1866 preordinata
1076 1835 1094 1855 a
1115 1834 1222 1855 causa
1244 1823 1370 1868 prima,
1393 1823 1476 1868 quia
1497 1830 1582 1856 tunc
1604 1824 1794 1857 evenirent
1814 1824 1859 1857 de
1880 1824 2111 1857 necessitate.

585 1888 657 1921 198.
686 1888 791 1931 Quod
819 1888 855 1921 in
883 1889 1003 1922 causis
1029 1889 1274 1923 efficientibus
1306 1902 1413 1922 causa
1441 1890 1601 1923 secunda
1628 1890 1737 1924 habet
1763 1891 1956 1933 actionem,
1986 1903 2092 1936 quam
2122 1903 2195 1925 non
2231 1892 2371 1937 accepit

495 1970 512 1990 a
534 1970 640 1991 causa
661 1959 786 2003 prima.

585 2026 657 2058 199.
685 2026 790 2068 Quod
820 2026 856 2058 in
882 2027 1002 2060 causis
1030 2027 1274 2060 efficientibus
1304 2035 1469 2061 cessante
1498 2029 1612 2073 prima
1640 2041 1714 2061 non
1743 2035 1863 2062 cessat
1892 2029 2052 2062 secunda
2081 2029 2124 2062 ab
2155 2029 2367 2075 operatione

495 2103 571 2132 sna,
594 2092 678 2124 dum
700 2099 817 2125 tamen
839 2094 998 2126 secunda
1020 2101 1192 2139 operetur
1213 2095 1414 2128 secundum
1436 2102 1598 2128 naturam
1620 2107 1734 2128 suam.
1799 2088 1807 2097 ⁴

583 2159 658 2191 200.
687 2159 791 2201 Quod
813 2172 917 2193 evum
939 2167 974 2193 et
994 2168 1137 2206 tempus
1158 2160 1270 2194 nichil
1291 2168 1377 2194 sunt
1395 2161 1433 2194 in
1454 2174 1506 2203 re⁷
1529 2162 1594 2195 sed
1616 2162 1734 2195 solum
1756 2162 1793 2195 in
1814 2162 2120 2208 apprehensione.

582 2226 658 2258 201.
685 2226 803 2268 Quod,
834 2227 894 2271 qui
920 2234 1071 2272 generat
1095 2228 1270 2260 mundum
1297 2228 1497 2261 secundum
1526 2235 1652 2270 totum7
1682 2229 1784 2274 ponit
1808 2242 1973 2271 vacuum,
2002 2230 2085 2274 quia
2111 2229 2214 2263 locus
2240 2241 2369 2263 neces-

495 2291 589 2323 sario
620 2293 782 2336 precedit
810 2301 1021 2338 generatum
1050 2294 1087 2326 in
1118 2294 1216 2335 loco3
1250 2301 1285 2327 et
1312 2302 1397 2328 tunc
1425 2302 1507 2328 ante
1537 2296 1662 2328 mundi
1690 2296 1963 2341 generationem
1998 2296 2130 2329 fuisset
2158 2296 2262 2329 locus
2287 2296 2367 2330 sine

496 2357 624 2399 locato,
647 2359 743 2403 quod
765 2366 821 2392 est
840 2373 1004 2393 vacuum.

583 2425 658 2457 202.
686 2426 792 2468 Quod
812 2426 988 2460 elementa
1012 2428 1163 2472 previa⁹¹
1187 2429 1424 2474 generatione
1446 2436 1531 2462 sunt
1550 2430 1640 2462 facta
1661 2441 1704 2462 ex
1725 2429 1788 2462 illo
1809 2429 1936 2470 chaos3
1960 2429 2026 2463 sed
2047 2436 2132 2462 sunt
2152 2436 2288 2463 eterna.

584 2492 660 2524 203.
687 2492 792 2534 Quod
827 2493 1037 2526 universum
1075 2507 1147 2527 non
1185 2502 1306 2540 potest
1341 2495 1511 2537 deficere,
1541 2496 1623 2541 quia
1653 2496 1808 2541 primum
1843 2507 1957 2541 agens
1987 2495 2096 2529 hahet
2126 2502 2366 2530 transmutare

497 2557 703 2589 eternaliter
722 2559 896 2600 vicissim,
919 2572 1014 2593 nunc
1042 2561 1085 2593 ad
1112 2562 1215 2594 istam
1242 2562 1406 2604 sormam,
1432 2575 1528 2595 nunc
1554 2563 1598 2596 ad
1624 2562 1734 2604 illam,
1757 2569 1793 2595 et
1812 2562 2012 2596 similiter⁹²
2034 2562 2182 2596 materia
2207 2569 2286 2596 nata
2311 2569 2368 2596 est

497 2624 739 2656 transmutari.

585 2689 660 2721 204.
687 2690 793 2732 Quod
823 2691 1023 2725 substantie
1054 2701 1216 2738 separate
1246 2702 1331 2728 sunt
1359 2695 1492 2728 alicubi
1523 2707 1587 2740 per
1617 2695 1882 2741 operationem3
1913 2702 1947 2728 et
1977 2695 2074 2740 quod
2105 2707 2178 2728 non
2207 2702 2364 2740 possunt

496 2755 632 2787 moveri
659 2755 702 2787 ab
728 2763 886 2790 extremo
913 2758 949 2790 in
975 2766 1187 2802 extremum,
1214 2773 1280 2794 nec
1306 2762 1342 2794 in
1367 2762 1539 2803 medium,
1567 2762 1637 2795 nisi
1663 2762 1746 2807 quia
1771 2768 1927 2807 possunt
1953 2761 2047 2795 velle
2075 2761 2217 2806 operari
2241 2768 2302 2794 aut
2326 2761 2363 2794 in

498 2821 630 2862 medio,
658 2829 718 2854 aut
744 2823 780 2854 in
811 2825 992 2857 extremis.
1019 2847 1062 2850 —
1085 2828 1208 2869 Error,
1240 2828 1271 2860 si
1301 2828 1537 2873 intelligatur,
1569 2829 1648 2861 sine
1674 2829 1885 2873 operatione
1913 2827 2151 2861 substantiam
2178 2839 2252 2861 non
2282 2839 2365 2861 esse

497 2887 534 2919 in
554 2887 647 2929 loco,
670 2900 736 2921 nec
758 2890 911 2922 transire
933 2891 976 2923 de
998 2891 1077 2924 loco
1098 2893 1142 2925 ad
1163 2893 1296 2927 locum.

584 2955 660 2987 205.
688 2956 793 2998 Quod
821 2963 963 3001 tempus
988 2965 1043 2990 est
1068 2959 1247 2992 infinitum
1274 2968 1446 3005 quantum
1471 2962 1515 2994 ad
1545 2968 1738 3006 utrumque
1760 2967 1973 3003 extremum,
1997 2961 2082 2994 licet
2108 2961 2205 2994 enim
2233 2961 2365 3006 impos—

622 3013 659 3036 70.
