2580 3528
221 403 320 445 1266]
562 414 611 437 AB
642 414 751 437 Anno
784 414 1030 453 uccssusoui:
1063 416 1112 438 An
1146 416 1377 440 ramerum
1411 418 1452 440 1v
1488 419 1577 442 asc..
1614 420 1750 443 fasne.
2031 415 2096 447 449

219 483 383 534 sigillum
408 493 573 522 nostrum
597 499 753 522 unacum
778 488 902 534 sigillo
928 489 1093 534 ejusdem
1117 490 1255 524 domini
1276 490 1453 525 ,Iohannis
1479 492 1648 526 duximus
1671 496 1939 540 apponendum.
1966 498 2093 531 Actum

218 565 314 588 anno
343 554 490 588 Domini
519 554 658 589 M⁰CC⁰
686 555 916 602 sexagesimo
945 563 1061 599 sexto,
1092 569 1218 590 mense
1246 557 1356 591 Julio.

311 651 448 684 Originale
462 651 490 676 iu
505 651 581 676 Arch.
597 655 653 677 nat.
667 652 752 677 Paris.
768 654 796 678 S.
811 654 883 682 6213,
900 658 931 678 n⁰
946 654 986 678 41.
1003 654 1112 679 Restant
1125 655 1178 679 duo
1193 655 1308 679 taeniola
1323 656 1470 682 membran.
1485 670 1517 674 —
1537 657 1646 682 Cartul.
1662 658 1695 682 de
1710 657 1738 683 la
1754 659 1898 684 sorbonne
1913 659 1939 683 in
1954 660 2022 684 Bibl.
2042 664 2096 685 nat.

217 695 314 725 Poris..
328 703 379 720 ms.
394 696 442 720 lat.
458 696 544 726 16069,
565 697 610 720 fol.
629 698 652 721 2.
669 697 699 721 N*
716 698 747 721 19
765 701 792 722 et
809 699 840 722 20
859 698 937 724 Arch.
957 701 1011 723 nat.
1031 698 1146 723 offerunt
1169 702 1357 724 testamentum
1378 700 1468 733 ipsum
1489 701 1567 725 istius
1590 701 1719 726 Jobannis
1738 703 1770 726 de
1789 703 1877 727 Duaco
1896 704 2046 736 presbytcri
2066 706 2098 729 de

218 739 312 770 Benis;
327 739 403 773 prius
425 741 560 773 exemplar
583 741 632 772 (19)
655 750 697 766 an.
718 742 780 766 1274
797 751 886 767 mense
906 743 984 772 Maio,
1000 743 1112 767 alterum
1136 752 1226 768 mense
1244 745 1338 777 Aprili,
1358 745 1449 769 datum
1469 749 1518 770 est.
1538 759 1568 764 —
1582 747 1655 770 Anno
1676 747 1746 775 1268,
1762 755 1851 772 mense
1865 748 2002 778 Januario,
2018 749 2097 773 etiam

218 785 361 818 Aegydius,
375 785 521 818 episcopus·
533 785 704 815 Nicosiensis,
720 790 823 819 partem
839 795 949 811 suorum
964 787 1094 812 bonorum
1109 797 1158 820 per
1172 792 1359 814 testamentum
1374 790 1479 822 erogari
1494 790 1579 814 voluit
1594 799 1606 814 (ι
1622 791 1770 815 scolaribus
1785 792 1904 816 Pal-isius
1919 793 2096 822 studentibus,

218 829 332 854 maxime
344 829 399 854 illis
411 830 445 854 de
459 834 589 855 conventu
603 831 649 863 qui
663 831 761 856 dicitur
775 832 898 864 magistri
912 832 1020 857 Roberti
1032 833 1064 857 de
1079 833 1199 857 Sorboua
1215 842 1236 858 n.
1253 834 1332 858 Arch.
1347 837 1400 858 nat.
1416 835 1500 859 Paris.
1518 835 1544 859 S.
1559 836 1631 864 6213,
1642 840 1672 859 n⁰
1686 836 1724 860 ³7.
1740 837 1787 860 An.
1800 837 1870 866 1273,
1881 837 1936 862 Jul.
1947 839 1970 866 6,
1981 838 2097 862 Jacobus

218 873 306 899 dictus
321 874 464 903 Robiuan,
480 875 623 900 canonicus
638 876 665 900 S.
682 876 801 909 Dionysii
821 877 968 906 Remensis,
989 881 1129 902 exsecutor
1142 879 1294 903 testamenti
1309 879 1442 912 Radulpbi
1461 879 1525 904 dieti
1544 881 1704 912 Asgrenons,
1720 882 1853 913 quondam
1867 881 1933 906 civis
1951 883 2096 911 Remcnsis,

219 918 334 944 Roberto
348 919 381 943 de
405 919 525 943 Sorbona
538 928 588 952 pro
609 921 773 952 pauperibus
789 921 956 946 studentibus
971 921 997 946 in
1017 922 1165 955 theologica
1185 923 1309 948 facultate
1325 932 1338 948 α
1353 927 1457 948 centum
1472 924 1556 948 libras
1571 927 1659 949 turon.
1673 925 1706 949 de
1727 925 1843 950 denariis
1858 935 1889 950 cx
1907 926 1995 958 legato
2014 930 2097 951 testa-

219 963 302 988 menti
315 963 380 988 dicti
394 964 446 989 R...
465 964 651 997 percipiendas
671 973 703 989 ex
721 965 810 990 debito
825 966 927 990 domini
941 966 1045 990 comitis
1060 967 1093 991 de
1107 967 1207 992 Grandi
1222 968 1300 992 Proto
1316 977 1328 991 r
1344 969 1475 993 concessit
1488 972 1514 993 et
1527 969 1644 994 donavit.
1661 969 1729 994 lbid.
1746 974 1775 994 n⁰
1794 971 1832 995 21.
1850 972 1922 995 Anno
1939 971 2000 995 1269
2016 971 2096 1003 (1270)

219 1015 309 1032 mense
323 1008 418 1032 Martio
433 1016 503 1040 mag.
519 1009 676 1033 Lambertus
692 1010 807 1034 decanus
822 1010 916 1035 eccles.
934 1011 1074 1043 Senogien.
1087 1020 1100 1035 s
1111 1012 1276 1044 pauperibus
1293 1013 1429 1045 magistris
1445 1013 1594 1038 scolaribus
1609 1015 1834 1038 commorantibus
1854 1015 1881 1038 in
1901 1015 1958 1039 vico
1974 1016 2097 1047 magistri

219 1051 326 1077 Roberti
341 1052 374 1076 de
388 1053 509 1077 Sorbona
523 1070 552 1078 ...
567 1053 695 1086 epistolas
711 1054 786 1078 Pauli
798 1055 917 1087 glosatos
932 1063 996 1079 cum
1008 1056 1112 1080 duobus
1127 1057 1308 1089 evangelistis,
1323 1057 1443 1082 Jobanne
1458 1058 1580 1082 videlicet
1594 1061 1620 1082 et
1634 1058 1704 1083 Luca
1715 1067 1737 1088 n,
1753 1059 1862 1091 legavit.
1874 1059 1940 1083 lbid.
1953 1063 1982 1083 n⁰
1996 1061 2035 1089 36,
2047 1064 2096 1086 etc.

219 1097 284 1121 Vide
297 1097 408 1129 insuper
422 1105 505 1130 supra
520 1102 550 1121 n⁰
564 1099 619 1127 ³25,
635 1102 706 1123 nota.
1744 1099 1748 1102 ⁴

219 1249 334 1288 409.
359 1259 512 1287 ordinatio
527 1269 546 1287 a
566 1261 679 1288 Simone
693 1260 790 1296 legato
809 1261 935 1297 decreta,
958 1271 1017 1298 qua
1035 1263 1198 1299 praeterita
1218 1265 1367 1290 nationum
1394 1265 1594 1291 Universitatis
1615 1267 1711 1293 Paris.
1737 1266 1864 1293 dissidia
1886 1269 2036 1305 comparuit,
2063 1268 2099 1295 de

307 1309 417 1343 fictur-is
432 1313 464 1335 ut
477 1313 686 1344 componantur·
696 1309 836 1346 providet,
854 1312 974 1338 rectoris
989 1311 1116 1347 eligendi
1131 1312 1243 1339 modum
1258 1313 1372 1340 statuit.

1261 1416 1335 1446 1280,
1351 1416 1461 1449 Augusti
1469 1418 1515 1447 27,
1531 1418 1601 1450 apud
1613 1418 1636 1444 S.
1652 1418 1812 1445 conantum.

312 1494 437 1529 Simon
466 1496 699 1530 miseratione
729 1497 851 1530 divina
881 1497 975 1531 tituli
1006 1498 1135 1531 Sancte
1165 1498 1302 1533 Cecilie
1332 1499 1524 1546 presbyter
1550 1501 1745 1534 cardinalis
1774 1502 1973 1548 apostolice
1999 1504 2117 1537 sedis'

219 1551 364 1608 legatus
386 1562 444 1607 [ad
477 1569 688 1609 perpetuam
725 1564 778 1597 rei
815 1564 1039 1598 memoriam.
1078 1565 1351 1611 Beneplacitum
1386 1573 1443 1600 est
1471 1568 1628 1601 Domino
1663 1569 1700 1601 in
1735 1581 1822 1614 pace
1852 1569 2027 1611 fidelium,
2066 1577 2102 1604 et

221 1628 470 1663 reconciliatio
500 1629 726 1663 discordium
757 1630 793 1664 in
824 1638 1023 1678 conspectu
1053 1633 1133 1677 ejus
1164 1632 1381 1666 sacrificium
1412 1641 1469 1667 est
1493 1634 1530 1667 in
1559 1635 1747 1668 suavitatis
1777 1636 1939 1678 odorem,
1966 1636 2101 1682 quibus

221 1694 418 1729 salubriter
441 1695 479 1729 id
503 1695 658 1730 efficitur
682 1703 722 1731 ut
744 1698 941 1732 aufferatur
965 1699 1151 1744 iniquitas,
1178 1699 1335 1745 impetus
1360 1701 1604 1743 refrenentur,
1636 1702 1894 1748 extinguantur
1918 1703 2100 1746 scandala,

222 1762 436 1796 retundatur
465 1763 663 1806 effrenitas,
694 1765 912 1810 reprimatur
941 1765 1073 1811 injuria
1107 1773 1143 1799 et
1176 1767 1359 1800 discordia
1394 1768 1642 1813 conquiescat,
1679 1769 1804 1814 sicque
1840 1769 1909 1803 sub
1939 1771 2037 1815 pacis
2067 1777 2104 1804 et

221 1819 677 1876 tranquillitatisimperio
706 1831 871 1866 foveatur
905 1833 1047 1874 caritas,
1084 1844 1206 1866 rerum
1241 1834 1474 1879 dispendium
1512 1835 1668 1869 evitetur
1696 1842 1732 1869 et
1764 1835 1867 1869 labor
1896 1837 2101 1871 mortalium

221 1886 504 1925 immiscentium
534 1888 792 1938 questionibus
822 1894 975 1928 infinitis
1001 1895 1120 1941 sopito
1150 1895 1267 1929 litium
1294 1897 1448 1942 strepitu
1473 1897 1519 1930 ad
1543 1898 1702 1943 quietem
1729 1905 1765 1932 et
1788 1899 2011 1944 operationis
2036 1911 2102 1933 sue

222 1952 385 1992 debitum
415 1959 573 1993 officium
604 1972 644 1994 se
669 1967 868 1995 convertat.
899 1962 992 1996 Sane
1023 1974 1134 2008 super
1163 1963 1321 1997 diversis
1351 1965 1584 2009 questionum
1614 1965 1777 1998 articulis
1807 1966 1992 2011 magistris
2022 1973 2103 2000 actu

222 2024 438 2071 regentibus
467 2026 630 2060 Parisius
659 2027 698 2060 in
726 2028 857 2061 artium
886 2028 1055 2062 facultate
1081 2029 1188 2063 trium
1215 2030 1421 2072 nacionum,
1447 2030 1620 2065 videlicet
1643 2032 1899 2078 Pycardorum,
1927 2034 2103 2067 Norman-

223 2085 353 2125 n'orum
383 2098 420 2126 et
447 2092 689 2139 Anglicorum
719 2106 763 2128 ex
792 2107 863 2129 una
892 2102 992 2141 parte
1023 2102 1058 2129 et
1087 2096 1311 2130 Gallicorum
1347 2109 1390 2131 ex
1424 2098 1548 2139 altera,
1585 2105 1621 2132 et
1649 2099 1740 2145 ipsis
1775 2100 1881 2133 etiam
1918 2101 2102 2145 magistris

223 2158 389 2192 nacionis
418 2159 651 2194 Picardorum
677 2172 845 2196 seorsum
871 2174 952 2196 cum
980 2163 1165 2209 magistris
1198 2164 1362 2198 nacionis
1387 2164 1611 2199 Gallicorum
1644 2165 1851 2211 periculose
1883 2167 2102 2200 contenden-

224 2224 323 2259 tibus
347 2221 384 2259 et
407 2222 621 2272 dampnose,
637 2227 884 2263 deliberamus
909 2241 1021 2275 super
1045 2229 1113 2264 hoc
1136 2230 1370 2276 interponere
1390 2233 1492 2277 juxta
1517 2231 1626 2265 officii
1652 2233 1767 2266 nostri
1793 2232 1954 2266 debitum
1982 2240 2102 2279 partes

226 2298 370 2326 nostras
399 2298 436 2326 et
464 2305 530 2339 pro
559 2305 668 2328 causa
692 2306 763 2340 que
789 2307 862 2329 non
892 2296 1011 2330 solum
1042 2297 1204 2342 ipsorum
1231 2298 1488 2343 magistrorum
1520 2298 1690 2344 speciale,
1721 2311 1846 2332 verum
1873 2300 1979 2333 ctiam
2005 2311 2103 2333 com-

225 2370 334 2392 mune
365 2359 526 2393 omnium
558 2361 709 2406 respicit
736 2361 916 2396 interesse
946 2363 983 2396 in
1013 2363 1151 2397 medias
1181 2370 1302 2410 partes
1335 2365 1423 2398 tanti
1459 2365 1603 2398 dissidii
1634 2365 1816 2411 prosilire.
1848 2367 2001 2411 Propter
2034 2366 2102 2400 hoc

226 2425 347 2471 itaque
378 2425 542 2471 partibus
572 2427 664 2473 ipsis
693 2427 738 2462 ad
764 2434 923 2462 nostram
951 2430 1170 2475 presentiam
1196 2430 1355 2464 evocatis
1385 2430 1558 2464 articulos
1587 2432 1860 2465 contentionum
1891 2431 2102 2477 hujusmodi

227 2490 335 2525 nobis
365 2493 497 2539 exponi
527 2493 779 2528 mandavimus
808 2501 844 2529 et
873 2495 910 2529 in
940 2496 1086 2542 scriptis
1116 2497 1222 2530 etiam
1253 2496 1429 2531 exhiberi.

315 2559 593 2605 proposuerunt
633 2561 745 2607 igitur
784 2569 1039 2607 procuratores
1082 2563 1246 2597 nacionis
1284 2563 1507 2598 Gallicorum
1546 2571 1671 2598 contra
1715 2565 1829 2611 ipsam
1869 2566 2101 2600 Picardorum

226 2625 430 2667 nacionem,
453 2627 579 2672 primo
608 2627 706 2673 quod
736 2640 817 2662 cuin
846 2628 1031 2663 Johannes
1061 2629 1106 2663 de
1135 2629 1297 2664 Vlliaco¹
1329 2630 1366 2664 in
1396 2630 1521 2664 eadem
1552 2632 1704 2665 nacione
1734 2631 1957 2666 Gallicorum
1992 2645 2103 2679 spon-

227 2697 329 2726 tanea
358 2692 545 2727 voluntate
570 2693 760 2741 inciperet,
795 2695 898 2729 nacio
924 2695 1157 2730 Picardorum
1190 2696 1353 2731 indebite
1384 2709 1424 2731 se
1450 2709 1653 2744 opponens,
1682 2710 1763 2732 cum
1794 2710 1838 2732 ex
1867 2699 1988 2745 seipsa
2020 2712 2102 2734 esse

226 2758 413 2801 confinxit,
444 2766 481 2794 et
509 2767 658 2807 propter
682 2761 751 2796 hoc
776 2762 882 2796 etiam
912 2763 1009 2809 cepit
1038 2763 1155 2809 ipsum
1182 2763 1319 2810 diuque
1344 2764 1501 2798 detinuit
1525 2771 1561 2798 et
1584 2764 1655 2798 sibi
1681 2765 1812 2799 multas
1837 2766 1989 2812 injurias
2012 2767 2104 2800 irro-

227 2825 337 2871 gavit,
368 2826 427 2860 vel
456 2839 539 2861 eum
568 2828 648 2874 capi
679 2828 737 2863 vel
767 2829 924 2863 detineri
954 2829 1099 2876 sibique
1129 2830 1227 2877 ipsas
1257 2831 1412 2877 irrogari
1446 2831 1639 2874 mandavit,
1675 2844 1741 2866 seu
1775 2831 1842 2866 hec
1876 2839 1949 2867 rata
1980 2833 2105 2867 habuit

229 2902 303 2926 non
332 2892 412 2927 sine
442 2893 560 2940 ipsius
590 2895 754 2929 nacionis
783 2895 971 2930 Gallicane
1000 2903 1210 2943 contemptu
1241 2904 1277 2931 et
1305 2898 1508 2944 prejudicio
1538 2899 1742 2933 manifesto.
1775 2900 1819 2933 Et
1847 2911 1927 2933 cum
1959 2899 2003 2932 dc
2034 2899 2103 2932 hiis

229 2963 266 2991 et
299 2958 518 3004 quibusdam
554 2961 636 2996 aliis
672 2962 885 3008 injuriarum
922 2963 1086 2998 articulis
1124 2965 1316 2998 occasione
1350 2964 1561 3011 hujusmodi
1596 2965 1804 2999 subsecutis
1839 2967 1875 2999 in
1912 2966 2101 3011 quenulam

354 3017 452 3044 Chare.
474 3018 553 3044 Unio,
570 3019 667 3046 Paris.
684 3019 707 3046 1.
1949 3024 1978 3047 ⁵7
