<?xml version="1.0" encoding="UTF-8"?>
<!DOCTYPE html PUBLIC "-//W3C//DTD XHTML 1.0 Transitional//EN"
    "http://www.w3.org/TR/xhtml1/DTD/xhtml1-transitional.dtd">
<html xmlns="http://www.w3.org/1999/xhtml" xml:lang="en" lang="en">
 <head>
  <title>
</title>
<meta http-equiv="Content-Type" content="text/html;charset=utf-8" />
  <meta name='ocr-system' content='tesseract 3.04.00' />
  <meta name='ocr-capabilities' content='ocr_page ocr_carea ocr_par ocr_line ocrx_word'/>
</head>
<body>
  <div class='ocr_page' id='page_1' title='image "./chartulariumuniv01univuoft_0426.png"; bbox 0 0 2580 3528; ppageno 0'>
   <div class='ocr_carea' id='block_1_1' title="bbox 477 376 2357 417">
    <p class='ocr_par' dir='ltr' id='par_1_1' title="bbox 477 376 2357 417">
     <span class='ocr_line' id='line_1_1' title="bbox 477 376 2357 417; baseline -0.008 -2"><span class='ocrx_word' id='word_1_1' title='bbox 477 383 544 415; x_wconf 81' lang='lat'>384</span> <span class='ocrx_word' id='word_1_2' title='bbox 1053 387 1383 411; x_wconf 47' lang='lat' dir='ltr'>cnaurrlaxnirm</span> <span class='ocrx_word' id='word_1_3' title='bbox 1419 385 1611 407; x_wconf 66' lang='lat' dir='ltr'>cmvfins.</span> <span class='ocrx_word' id='word_1_4' title='bbox 1648 384 1777 406; x_wconf 68' lang='lat' dir='ltr'>rmus.</span> <span class='ocrx_word' id='word_1_5' title='bbox 2257 376 2357 417; x_wconf 83' lang='lat'>[1259</span> 
     </span>
    </p>
   </div>
   <div class='ocr_carea' id='block_1_2' title="bbox 478 458 2358 656">
    <p class='ocr_par' dir='ltr' id='par_1_2' title="bbox 478 458 2358 656">
     <span class='ocr_line' id='line_1_2' title="bbox 478 458 2356 510; baseline -0.003 -11"><span class='ocrx_word' id='word_1_6' title='bbox 478 465 749 499; x_wconf 81' lang='lat' dir='ltr'>examinacione</span> <span class='ocrx_word' id='word_1_7' title='bbox 780 464 969 510; x_wconf 87' lang='lat' dir='ltr'>premissa.</span> <span class='ocrx_word' id='word_1_8' title='bbox 1002 465 1129 496; x_wconf 88' lang='lat' dir='ltr'>Datum</span> <span class='ocrx_word' id='word_1_9' title='bbox 1161 474 1254 494; x_wconf 87' lang='lat' dir='ltr'>anno</span> <span class='ocrx_word' id='word_1_10' title='bbox 1286 460 1431 493; x_wconf 84' lang='lat' dir='ltr'>Domini</span> <span class='ocrx_word' id='word_1_11' title='bbox 1462 459 1590 492; x_wconf 76' lang='lat' dir='ltr'>M⁰CC⁰</span> <span class='ocrx_word' id='word_1_12' title='bbox 1618 458 1925 503; x_wconf 89' lang='lat' dir='ltr'>quinquagesimo</span> <span class='ocrx_word' id='word_1_13' title='bbox 1956 470 2068 500; x_wconf 88' lang='lat' dir='ltr'>nono,</span> <span class='ocrx_word' id='word_1_14' title='bbox 2095 471 2220 492; x_wconf 88' lang='lat' dir='ltr'>mense</span> <span class='ocrx_word' id='word_1_15' title='bbox 2246 460 2356 505; x_wconf 71' lang='lat' dir='ltr'>Maio,</span> 
     </span>
     <span class='ocr_line' id='line_1_3' title="bbox 478 532 816 578; baseline -0.003 -13"><span class='ocrx_word' id='word_1_16' title='bbox 478 533 516 578; x_wconf 88' lang='lat' dir='ltr'>iij</span> <span class='ocrx_word' id='word_1_17' title='bbox 548 545 633 565; x_wconf 89' lang='lat' dir='ltr'>non.</span> <span class='ocrx_word' id='word_1_18' title='bbox 667 532 816 565; x_wconf 79' lang='lat' dir='ltr'>mensis.</span> 
     </span>
     <span class='ocr_line' id='line_1_4' title="bbox 573 623 2358 656; baseline -0.007 -3"><span class='ocrx_word' id='word_1_19' title='bbox 573 630 649 654; x_wconf 81' lang='lat' dir='ltr'>Arch.</span> <span class='ocrx_word' id='word_1_20' title='bbox 662 630 782 654; x_wconf 79' lang='lat' dir='ltr'>Univers.</span> <span class='ocrx_word' id='word_1_21' title='bbox 795 629 880 653; x_wconf 83' lang='lat' dir='ltr'>Paris.</span> <span class='ocrx_word' id='word_1_22' title='bbox 892 637 941 651; x_wconf 83' lang='lat' dir='ltr'>ms.</span> <span class='ocrx_word' id='word_1_23' title='bbox 953 629 982 651; x_wconf 72' lang='lat'>94</span> <span class='ocrx_word' id='word_1_24' title='bbox 998 627 1133 650; x_wconf 84' lang='lat' dir='ltr'>continens</span> <span class='ocrx_word' id='word_1_25' title='bbox 1146 627 1239 650; x_wconf 74' lang='lat' dir='ltr'>Chare.</span> <span class='ocrx_word' id='word_1_26' title='bbox 1257 624 1390 652; x_wconf 76' lang='lat' dir='ltr'>Univers..</span> <span class='ocrx_word' id='word_1_27' title='bbox 1406 632 1432 655; x_wconf 89' lang='lat' dir='ltr'>p.</span> <span class='ocrx_word' id='word_1_28' title='bbox 1448 625 1486 651; x_wconf 85' lang='lat'>70,</span> <span class='ocrx_word' id='word_1_29' title='bbox 1498 627 1527 646; x_wconf 86' lang='lat' dir='ltr'>n⁰</span> <span class='ocrx_word' id='word_1_30' title='bbox 1539 624 1577 646; x_wconf 78' lang='lat'>64.</span> <span class='ocrx_word' id='word_1_31' title='bbox 1590 623 1659 648; x_wconf 84' lang='lat' dir='ltr'>Bibl.</span> <span class='ocrx_word' id='word_1_32' title='bbox 1672 623 1788 650; x_wconf 55' lang='grc' dir='ltr'>(ΖΜ-ηομ,</span> <span class='ocrx_word' id='word_1_33' title='bbox 1801 631 1849 646; x_wconf 72' lang='lat' dir='ltr'>ms.</span> <span class='ocrx_word' id='word_1_34' title='bbox 1866 624 1912 647; x_wconf 75' lang='lat'>662</span> <span class='ocrx_word' id='word_1_35' title='bbox 1927 623 1994 655; x_wconf 77' lang='lat' dir='ltr'>(eod.</span> <span class='ocrx_word' id='word_1_36' title='bbox 2007 624 2138 656; x_wconf 59' lang='lat' dir='ltr'>Hereum),</span> <span class='ocrx_word' id='word_1_37' title='bbox 2155 625 2199 648; x_wconf 75' lang='lat' dir='ltr'>fol,</span> <span class='ocrx_word' id='word_1_38' title='bbox 2214 624 2286 653; x_wconf 55' lang='lat'>1251»,</span> <span class='ocrx_word' id='word_1_39' title='bbox 2298 633 2358 648; x_wconf 68' lang='lat' dir='ltr'>cum</span> 
     </span>
    </p>
   </div>
   <div class='ocr_carea' id='block_1_3' title="bbox 478 667 2360 747">
    <p class='ocr_par' dir='ltr' id='par_1_3' title="bbox 478 667 2360 747">
     <span class='ocr_line' id='line_1_5' title="bbox 478 667 2360 700; baseline -0.003 -2"><span class='ocrx_word' id='word_1_40' title='bbox 478 675 602 698; x_wconf 79' lang='lat' dir='ltr'>rubrica:</span> <span class='ocrx_word' id='word_1_41' title='bbox 619 683 629 697; x_wconf 80' lang='grc' dir='ltr'>(ι</span> <span class='ocrx_word' id='word_1_42' title='bbox 642 675 774 697; x_wconf 80' lang='lat' dir='ltr'>Statutum</span> <span class='ocrx_word' id='word_1_43' title='bbox 791 673 922 696; x_wconf 76' lang='lat' dir='ltr'>facultatis</span> <span class='ocrx_word' id='word_1_44' title='bbox 939 676 966 695; x_wconf 88' lang='lat' dir='ltr'>ut</span> <span class='ocrx_word' id='word_1_45' title='bbox 982 672 1070 695; x_wconf 76' lang='lat' dir='ltr'>nullus</span> <span class='ocrx_word' id='word_1_46' title='bbox 1086 670 1216 694; x_wconf 65' lang='lat' dir='ltr'>examinet</span> <span class='ocrx_word' id='word_1_47' title='bbox 1234 668 1382 692; x_wconf 73' lang='lat' dir='ltr'>bucularius</span> <span class='ocrx_word' id='word_1_48' title='bbox 1398 667 1576 691; x_wconf 74' lang='lat' dir='ltr'>licenciundos</span> <span class='ocrx_word' id='word_1_49' title='bbox 1592 667 1618 691; x_wconf 91' lang='lat' dir='ltr'>in</span> <span class='ocrx_word' id='word_1_50' title='bbox 1634 667 1731 691; x_wconf 80' lang='lat' dir='ltr'>Sancta</span> <span class='ocrx_word' id='word_1_51' title='bbox 1745 667 1879 691; x_wconf 81' lang='lat' dir='ltr'>Genovern</span> <span class='ocrx_word' id='word_1_52' title='bbox 1894 668 1945 692; x_wconf 78' lang='lat' dir='ltr'>nisi</span> <span class='ocrx_word' id='word_1_53' title='bbox 1961 676 1976 691; x_wconf 79' lang='lat' dir='ltr'>a</span> <span class='ocrx_word' id='word_1_54' title='bbox 1996 669 2121 692; x_wconf 70' lang='lat' dir='ltr'>facultate</span> <span class='ocrx_word' id='word_1_55' title='bbox 2136 669 2279 700; x_wconf 75' lang='lat' dir='ltr'>deputatus</span> <span class='ocrx_word' id='word_1_56' title='bbox 2295 677 2360 693; x_wconf 71' lang='lat' dir='ltr'>u.—</span> 
     </span>
     <span class='ocr_line' id='line_1_6' title="bbox 478 719 733 747; baseline -0.004 -5"><span class='ocrx_word' id='word_1_57' title='bbox 478 719 603 747; x_wconf 83' lang='lat' dir='ltr'>Bulaeus,</span> <span class='ocrx_word' id='word_1_58' title='bbox 618 719 664 747; x_wconf 81' lang='lat' dir='ltr'>Ill,</span> <span class='ocrx_word' id='word_1_59' title='bbox 680 720 733 741; x_wconf 86' lang='lat'><strong>350.</strong></span> 
     </span>
    </p>
   </div>
   <div class='ocr_carea' id='block_1_4' title="bbox 573 796 2361 831">
    <p class='ocr_par' dir='ltr' id='par_1_4' title="bbox 573 796 2361 831">
     <span class='ocr_line' id='line_1_7' title="bbox 573 796 2361 831; baseline -0.002 -5"><span class='ocrx_word' id='word_1_60' title='bbox 573 803 595 826; x_wconf 86' lang='lat'>1.</span> <span class='ocrx_word' id='word_1_61' title='bbox 612 803 674 826; x_wconf 91' lang='lat' dir='ltr'>Cod.</span> <span class='ocrx_word' id='word_1_62' title='bbox 692 803 801 825; x_wconf 71' lang='lat' dir='ltr'>Hal-cur.</span> <span class='ocrx_word' id='word_1_63' title='bbox 815 809 820 824; x_wconf 79' lang='lat' dir='ltr'>z</span> <span class='ocrx_word' id='word_1_64' title='bbox 840 810 850 824; x_wconf 75' lang='grc' dir='ltr'><em>α</em></span> <span class='ocrx_word' id='word_1_65' title='bbox 864 800 980 831; x_wconf 86' lang='lat' dir='ltr'>alioquin</span> <span class='ocrx_word' id='word_1_66' title='bbox 993 808 1014 823; x_wconf 72' lang='lat'>1).</span> <span class='ocrx_word' id='word_1_67' title='bbox 1028 813 1055 817; x_wconf 90' lang='lat'>—</span> <span class='ocrx_word' id='word_1_68' title='bbox 1071 800 1093 822; x_wconf 82' lang='lat'>2.</span> <span class='ocrx_word' id='word_1_69' title='bbox 1106 799 1170 822; x_wconf 89' lang='lat' dir='ltr'>Cod.</span> <span class='ocrx_word' id='word_1_70' title='bbox 1182 798 1304 822; x_wconf 71' lang='lat' dir='ltr'>Univers.</span> <span class='ocrx_word' id='word_1_71' title='bbox 1320 805 1326 820; x_wconf 86' lang='lat'>:</span> <span class='ocrx_word' id='word_1_72' title='bbox 1344 805 1355 820; x_wconf 78' lang='lat' dir='ltr'>(t</span> <span class='ocrx_word' id='word_1_73' title='bbox 1372 796 1584 820; x_wconf 75' lang='lat' dir='ltr'>observationem</span> <span class='ocrx_word' id='word_1_74' title='bbox 1600 805 1622 820; x_wconf 87' lang='lat'>».</span> <span class='ocrx_word' id='word_1_75' title='bbox 1637 810 1670 815; x_wconf 85' lang='lat'>—-</span> <span class='ocrx_word' id='word_1_76' title='bbox 1683 798 1705 820; x_wconf 83' lang='lat'>3.</span> <span class='ocrx_word' id='word_1_77' title='bbox 1723 805 1736 821; x_wconf 88' lang='lat'>«</span> <span class='ocrx_word' id='word_1_78' title='bbox 1750 797 1916 821; x_wconf 77' lang='lat' dir='ltr'>bacnlarium</span> <span class='ocrx_word' id='word_1_79' title='bbox 1927 815 1943 821; x_wconf 88' lang='lat'>..</span> <span class='ocrx_word' id='word_1_80' title='bbox 1957 797 2059 829; x_wconf 79' lang='lat' dir='ltr'>privari</span> <span class='ocrx_word' id='word_1_81' title='bbox 2074 806 2086 821; x_wconf 70' lang='lat' dir='ltr'>u</span> <span class='ocrx_word' id='word_1_82' title='bbox 2102 806 2153 822; x_wconf 71' lang='lat' dir='ltr'>om,</span> <span class='ocrx_word' id='word_1_83' title='bbox 2169 798 2232 822; x_wconf 86' lang='lat' dir='ltr'>Cod.</span> <span class='ocrx_word' id='word_1_84' title='bbox 2247 799 2361 823; x_wconf 79' lang='lat' dir='ltr'>Hurcur.</span> 
     </span>
    </p>
   </div>
   <div class='ocr_carea' id='block_1_5' title="bbox 479 966 2360 1007">
    <p class='ocr_par' dir='ltr' id='par_1_5' title="bbox 479 966 2360 1007">
     <span class='ocr_line' id='line_1_8' title="bbox 479 966 2360 1007; baseline -0.001 -8"><span class='ocrx_word' id='word_1_85' title='bbox 479 966 592 1003; x_wconf 83' lang='grc'><strong>334.</strong></span> <span class='ocrx_word' id='word_1_86' title='bbox 617 973 774 999; x_wconf 76' lang='lat' dir='ltr'>Ludovicus</span> <span class='ocrx_word' id='word_1_87' title='bbox 789 973 836 1006; x_wconf 82' lang='lat' dir='ltr'>IX,</span> <span class='ocrx_word' id='word_1_88' title='bbox 856 981 907 998; x_wconf 72' lang='lat' dir='ltr'>rex</span> <span class='ocrx_word' id='word_1_89' title='bbox 923 973 1104 1005; x_wconf 78' lang='lat' dir='ltr'><strong><em>Francorum,</em></strong></span> <span class='ocrx_word' id='word_1_90' title='bbox 1122 970 1266 1005; x_wconf 77' lang='lat' dir='ltr'>fratribus</span> <span class='ocrx_word' id='word_1_91' title='bbox 1284 969 1352 997; x_wconf 78' lang='lat' dir='ltr'>ord.</span> <span class='ocrx_word' id='word_1_92' title='bbox 1373 970 1567 997; x_wconf 78' lang='lat' dir='ltr'>Cartusiensis</span> <span class='ocrx_word' id='word_1_93' title='bbox 1582 969 1674 996; x_wconf 88' lang='lat' dir='ltr'>locum</span> <span class='ocrx_word' id='word_1_94' title='bbox 1690 973 1718 996; x_wconf 84' lang='lat' dir='ltr'>et</span> <span class='ocrx_word' id='word_1_95' title='bbox 1732 969 1846 996; x_wconf 86' lang='lat' dir='ltr'>domum</span> <span class='ocrx_word' id='word_1_96' title='bbox 1861 969 1898 997; x_wconf 85' lang='lat' dir='ltr'>de</span> <span class='ocrx_word' id='word_1_97' title='bbox 1919 970 1998 997; x_wconf 82' lang='lat' dir='ltr'><em>Valle</em></span> <span class='ocrx_word' id='word_1_98' title='bbox 2019 970 2110 997; x_wconf 77' lang='lat' dir='ltr'>Viridi</span> <span class='ocrx_word' id='word_1_99' title='bbox 2120 979 2212 1007; x_wconf 81' lang='lat' dir='ltr'><strong><em>prope</em></strong></span> <span class='ocrx_word' id='word_1_100' title='bbox 2226 971 2360 998; x_wconf 72' lang='lat' dir='ltr'>Parisios</span> 
     </span>
    </p>
   </div>
   <div class='ocr_carea' id='block_1_6' title="bbox 568 1022 2072 1088">
    <p class='ocr_par' dir='ltr' id='par_1_6' title="bbox 568 1022 2072 1088">
     <span class='ocr_line' id='line_1_9' title="bbox 568 1022 705 1049; baseline 0 -1"><span class='ocrx_word' id='word_1_101' title='bbox 568 1022 705 1049; x_wconf 82' lang='lat' dir='ltr'>concedit.</span> 
     </span>
     <span class='ocr_line' id='line_1_10' title="bbox 1539 1055 2072 1088; baseline 0 -6"><span class='ocrx_word' id='word_1_102' title='bbox 1539 1056 1617 1085; x_wconf 82' lang='lat'><strong><em>1259,</em></strong></span> <span class='ocrx_word' id='word_1_103' title='bbox 1632 1063 1722 1082; x_wconf 70' lang='lat' dir='ltr'>monce</span> <span class='ocrx_word' id='word_1_104' title='bbox 1736 1055 1810 1086; x_wconf 75' lang='lat' dir='ltr'>Malo,</span> <span class='ocrx_word' id='word_1_105' title='bbox 1827 1056 1897 1088; x_wconf 80' lang='lat' dir='ltr'>apud</span> <span class='ocrx_word' id='word_1_106' title='bbox 1910 1056 2072 1082; x_wconf 71' lang='lat' dir='ltr'>Melodunum.</span> 
     </span>
    </p>
   </div>
   <div class='ocr_carea' id='block_1_7' title="bbox 479 1131 2367 2913">
    <p class='ocr_par' dir='ltr' id='par_1_7' title="bbox 479 1131 2367 2913">
     <span class='ocr_line' id='line_1_11' title="bbox 569 1131 2359 1176; baseline -0.001 -10"><span class='ocrx_word' id='word_1_107' title='bbox 569 1135 609 1166; x_wconf 92' lang='lat' dir='ltr'>In</span> <span class='ocrx_word' id='word_1_108' title='bbox 644 1133 790 1165; x_wconf 90' lang='lat' dir='ltr'>nomine</span> <span class='ocrx_word' id='word_1_109' title='bbox 826 1138 948 1164; x_wconf 83' lang='lat' dir='ltr'>sancte</span> <span class='ocrx_word' id='word_1_110' title='bbox 979 1137 1014 1164; x_wconf 87' lang='lat' dir='ltr'>et</span> <span class='ocrx_word' id='word_1_111' title='bbox 1044 1131 1231 1164; x_wconf 84' lang='lat' dir='ltr'>individue</span> <span class='ocrx_word' id='word_1_112' title='bbox 1266 1131 1468 1173; x_wconf 76' lang='lat' dir='ltr'>Trinitatis,</span> <span class='ocrx_word' id='word_1_113' title='bbox 1499 1143 1615 1164; x_wconf 86' lang='lat' dir='ltr'>amen.</span> <span class='ocrx_word' id='word_1_114' title='bbox 1648 1131 1854 1164; x_wconf 85' lang='lat' dir='ltr'>Lodovicus</span> <span class='ocrx_word' id='word_1_115' title='bbox 1889 1131 1956 1164; x_wconf 90' lang='lat' dir='ltr'>Dei</span> <span class='ocrx_word' id='word_1_116' title='bbox 1989 1131 2104 1176; x_wconf 87' lang='lat' dir='ltr'>gratia</span> <span class='ocrx_word' id='word_1_117' title='bbox 2139 1132 2359 1165; x_wconf 74' lang='lat' dir='ltr'>Francorum</span> 
     </span>
     <span class='ocr_line' id='line_1_12' title="bbox 479 1197 2362 1244; baseline -0.001 -11"><span class='ocrx_word' id='word_1_118' title='bbox 479 1212 553 1233; x_wconf 85' lang='lat' dir='ltr'>rex.</span> <span class='ocrx_word' id='word_1_119' title='bbox 585 1199 761 1233; x_wconf 65' lang='lat' dir='ltr'>Nox-erint</span> <span class='ocrx_word' id='word_1_120' title='bbox 793 1198 956 1231; x_wconf 81' lang='lat' dir='ltr'>universi</span> <span class='ocrx_word' id='word_1_121' title='bbox 987 1204 1178 1243; x_wconf 78' lang='lat' dir='ltr'>presentes</span> <span class='ocrx_word' id='word_1_122' title='bbox 1209 1197 1343 1243; x_wconf 89' lang='lat' dir='ltr'>pariter</span> <span class='ocrx_word' id='word_1_123' title='bbox 1372 1204 1408 1231; x_wconf 91' lang='lat' dir='ltr'>et</span> <span class='ocrx_word' id='word_1_124' title='bbox 1436 1198 1561 1239; x_wconf 88' lang='lat' dir='ltr'>futuri,</span> <span class='ocrx_word' id='word_1_125' title='bbox 1589 1198 1687 1243; x_wconf 90' lang='lat' dir='ltr'>quod</span> <span class='ocrx_word' id='word_1_126' title='bbox 1712 1198 1757 1231; x_wconf 90' lang='lat' dir='ltr'>ad</span> <span class='ocrx_word' id='word_1_127' title='bbox 1782 1204 1944 1231; x_wconf 88' lang='lat' dir='ltr'>nostram</span> <span class='ocrx_word' id='word_1_128' title='bbox 1968 1197 2184 1232; x_wconf 88' lang='lat' dir='ltr'>accedentes</span> <span class='ocrx_word' id='word_1_129' title='bbox 2209 1210 2362 1244; x_wconf 58' lang='lat' dir='ltr'>presen-</span> 
     </span>
     <span class='ocr_line' id='line_1_13' title="bbox 479 1264 2360 1311; baseline -0.001 -11"><span class='ocrx_word' id='word_1_130' title='bbox 479 1267 561 1300; x_wconf 92' lang='lat' dir='ltr'>tiam</span> <span class='ocrx_word' id='word_1_131' title='bbox 602 1267 730 1299; x_wconf 84' lang='lat' dir='ltr'>fratres</span> <span class='ocrx_word' id='word_1_132' title='bbox 769 1265 919 1299; x_wconf 90' lang='lat' dir='ltr'>Ordinis</span> <span class='ocrx_word' id='word_1_133' title='bbox 963 1264 1212 1299; x_wconf 74' lang='lat' dir='ltr'>Cat-tusiensis</span> <span class='ocrx_word' id='word_1_134' title='bbox 1255 1264 1363 1297; x_wconf 88' lang='lat' dir='ltr'>nobis</span> <span class='ocrx_word' id='word_1_135' title='bbox 1406 1264 1593 1298; x_wconf 87' lang='lat' dir='ltr'>humiliter</span> <span class='ocrx_word' id='word_1_136' title='bbox 1631 1264 1895 1310; x_wconf 74' lang='lat' dir='ltr'>supplicarunt,</span> <span class='ocrx_word' id='word_1_137' title='bbox 1941 1271 1980 1298; x_wconf 91' lang='lat' dir='ltr'>ut</span> <span class='ocrx_word' id='word_1_138' title='bbox 2022 1277 2136 1311; x_wconf 85' lang='lat' dir='ltr'>prope</span> <span class='ocrx_word' id='word_1_139' title='bbox 2179 1265 2360 1299; x_wconf 86' lang='lat' dir='ltr'>civitatem</span> 
     </span>
     <span class='ocr_line' id='line_1_14' title="bbox 479 1331 2362 1378; baseline 0 -12"><span class='ocrx_word' id='word_1_140' title='bbox 479 1340 638 1366; x_wconf 89' lang='lat' dir='ltr'>nostram</span> <span class='ocrx_word' id='word_1_141' title='bbox 679 1332 937 1374; x_wconf 87' lang='lat' dir='ltr'>Parisiensem,</span> <span class='ocrx_word' id='word_1_142' title='bbox 977 1331 1014 1364; x_wconf 92' lang='lat' dir='ltr'>in</span> <span class='ocrx_word' id='word_1_143' title='bbox 1058 1343 1128 1376; x_wconf 91' lang='lat' dir='ltr'>qua</span> <span class='ocrx_word' id='word_1_144' title='bbox 1168 1331 1286 1365; x_wconf 82' lang='lat' dir='ltr'>fluunt</span> <span class='ocrx_word' id='word_1_145' title='bbox 1323 1343 1415 1377; x_wconf 88' lang='lat' dir='ltr'>aque</span> <span class='ocrx_word' id='word_1_146' title='bbox 1455 1332 1662 1378; x_wconf 81' lang='lat' dir='ltr'>largissime</span> <span class='ocrx_word' id='word_1_147' title='bbox 1702 1332 1871 1365; x_wconf 88' lang='lat' dir='ltr'>salutaris</span> <span class='ocrx_word' id='word_1_148' title='bbox 1913 1331 2091 1372; x_wconf 81' lang='lat' dir='ltr'>doctrine,</span> <span class='ocrx_word' id='word_1_149' title='bbox 2129 1332 2221 1366; x_wconf 89' lang='lat' dir='ltr'>adeo</span> <span class='ocrx_word' id='word_1_150' title='bbox 2262 1332 2362 1378; x_wconf 90' lang='lat' dir='ltr'>quod</span> 
     </span>
     <span class='ocr_line' id='line_1_15' title="bbox 479 1398 2362 1445; baseline 0 -12"><span class='ocrx_word' id='word_1_151' title='bbox 479 1400 640 1433; x_wconf 87' lang='lat' dir='ltr'>ssuminis</span> <span class='ocrx_word' id='word_1_152' title='bbox 676 1400 832 1445; x_wconf 89' lang='lat' dir='ltr'>impetus</span> <span class='ocrx_word' id='word_1_153' title='bbox 867 1399 1047 1432; x_wconf 86' lang='lat' dir='ltr'>civitatem</span> <span class='ocrx_word' id='word_1_154' title='bbox 1078 1399 1193 1444; x_wconf 86' lang='lat' dir='ltr'>ipsam</span> <span class='ocrx_word' id='word_1_155' title='bbox 1223 1398 1402 1432; x_wconf 88' lang='lat' dir='ltr'>letificans</span> <span class='ocrx_word' id='word_1_156' title='bbox 1432 1405 1468 1432; x_wconf 91' lang='lat' dir='ltr'>et</span> <span class='ocrx_word' id='word_1_157' title='bbox 1497 1399 1679 1432; x_wconf 88' lang='lat' dir='ltr'>inundans</span> <span class='ocrx_word' id='word_1_158' title='bbox 1715 1398 1958 1433; x_wconf 88' lang='lat' dir='ltr'>universalem</span> <span class='ocrx_word' id='word_1_159' title='bbox 1993 1399 2121 1445; x_wconf 86' lang='lat' dir='ltr'>irrigat</span> <span class='ocrx_word' id='word_1_160' title='bbox 2154 1399 2362 1441; x_wconf 85' lang='lat' dir='ltr'>ecclesiam,</span> 
     </span>
     <span class='ocr_line' id='line_1_16' title="bbox 480 1465 2363 1512; baseline 0 -12"><span class='ocrx_word' id='word_1_161' title='bbox 480 1479 545 1512; x_wconf 90' lang='lat' dir='ltr'>pro</span> <span class='ocrx_word' id='word_1_162' title='bbox 572 1466 684 1500; x_wconf 90' lang='lat' dir='ltr'>divini</span> <span class='ocrx_word' id='word_1_163' title='bbox 712 1466 869 1499; x_wconf 87' lang='lat' dir='ltr'>nominis</span> <span class='ocrx_word' id='word_1_164' title='bbox 899 1477 1022 1498; x_wconf 87' lang='lat' dir='ltr'>amore</span> <span class='ocrx_word' id='word_1_165' title='bbox 1047 1465 1226 1499; x_wconf 88' lang='lat' dir='ltr'>vellemus</span> <span class='ocrx_word' id='word_1_166' title='bbox 1257 1465 1375 1499; x_wconf 90' lang='lat' dir='ltr'>eidem</span> <span class='ocrx_word' id='word_1_167' title='bbox 1402 1465 1532 1499; x_wconf 91' lang='lat' dir='ltr'>Ordini</span> <span class='ocrx_word' id='word_1_168' title='bbox 1562 1465 1607 1498; x_wconf 90' lang='lat' dir='ltr'>de</span> <span class='ocrx_word' id='word_1_169' title='bbox 1637 1465 1718 1498; x_wconf 91' lang='lat' dir='ltr'>loco</span> <span class='ocrx_word' id='word_1_170' title='bbox 1748 1465 1871 1511; x_wconf 89' lang='lat' dir='ltr'>aliquo</span> <span class='ocrx_word' id='word_1_171' title='bbox 1896 1466 2118 1511; x_wconf 86' lang='lat' dir='ltr'>competenti</span> <span class='ocrx_word' id='word_1_172' title='bbox 2144 1465 2363 1500; x_wconf 81' lang='lat' dir='ltr'>liberalitate</span> 
     </span>
     <span class='ocr_line' id='line_1_17' title="bbox 480 1531 2363 1579; baseline 0 -13"><span class='ocrx_word' id='word_1_173' title='bbox 480 1534 579 1579; x_wconf 89' lang='lat' dir='ltr'>regia</span> <span class='ocrx_word' id='word_1_174' title='bbox 610 1533 815 1578; x_wconf 82' lang='lat' dir='ltr'>providere,</span> <span class='ocrx_word' id='word_1_175' title='bbox 847 1538 1013 1577; x_wconf 87' lang='lat' dir='ltr'>petentes</span> <span class='ocrx_word' id='word_1_176' title='bbox 1043 1531 1230 1565; x_wconf 90' lang='lat' dir='ltr'>humiliter</span> <span class='ocrx_word' id='word_1_177' title='bbox 1259 1539 1294 1565; x_wconf 90' lang='lat' dir='ltr'>et</span> <span class='ocrx_word' id='word_1_178' title='bbox 1323 1532 1513 1574; x_wconf 75' lang='lat' dir='ltr'>instanter,</span> <span class='ocrx_word' id='word_1_179' title='bbox 1541 1539 1579 1566; x_wconf 88' lang='lat' dir='ltr'>ut</span> <span class='ocrx_word' id='word_1_180' title='bbox 1607 1532 1727 1566; x_wconf 89' lang='lat' dir='ltr'>locum</span> <span class='ocrx_word' id='word_1_181' title='bbox 1758 1539 1923 1566; x_wconf 88' lang='lat' dir='ltr'>nostrum</span> <span class='ocrx_word' id='word_1_182' title='bbox 1950 1545 1989 1566; x_wconf 94' lang='lat' dir='ltr'>ac</span> <span class='ocrx_word' id='word_1_183' title='bbox 2016 1533 2162 1566; x_wconf 92' lang='lat' dir='ltr'>domum</span> <span class='ocrx_word' id='word_1_184' title='bbox 2189 1533 2234 1566; x_wconf 86' lang='lat' dir='ltr'>de</span> <span class='ocrx_word' id='word_1_185' title='bbox 2258 1533 2363 1568; x_wconf 82' lang='lat' dir='ltr'>Valle</span> 
     </span>
     <span class='ocr_line' id='line_1_18' title="bbox 479 1599 2364 1645; baseline 0.001 -12"><span class='ocrx_word' id='word_1_186' title='bbox 479 1600 597 1634; x_wconf 73' lang='lat' dir='ltr'>Viridi</span> <span class='ocrx_word' id='word_1_187' title='bbox 632 1612 744 1645; x_wconf 90' lang='lat' dir='ltr'>prope</span> <span class='ocrx_word' id='word_1_188' title='bbox 779 1600 959 1632; x_wconf 90' lang='lat' dir='ltr'>civitatem</span> <span class='ocrx_word' id='word_1_189' title='bbox 991 1599 1202 1644; x_wconf 77' lang='lat' dir='ltr'>predictam,</span> <span class='ocrx_word' id='word_1_190' title='bbox 1235 1599 1349 1632; x_wconf 90' lang='lat' dir='ltr'>muris</span> <span class='ocrx_word' id='word_1_191' title='bbox 1379 1599 1535 1632; x_wconf 86' lang='lat' dir='ltr'>excelsis</span> <span class='ocrx_word' id='word_1_192' title='bbox 1565 1606 1601 1632; x_wconf 90' lang='lat' dir='ltr'>et</span> <span class='ocrx_word' id='word_1_193' title='bbox 1630 1599 1832 1632; x_wconf 88' lang='lat' dir='ltr'>commodis</span> <span class='ocrx_word' id='word_1_194' title='bbox 1862 1599 2174 1642; x_wconf 86' lang='lat' dir='ltr'>circumcinctum,</span> <span class='ocrx_word' id='word_1_195' title='bbox 2218 1599 2364 1645; x_wconf 82' lang='lat' dir='ltr'>pietatis</span> 
     </span>
     <span class='ocr_line' id='line_1_19' title="bbox 481 1665 2366 1711; baseline 0.001 -12"><span class='ocrx_word' id='word_1_196' title='bbox 481 1667 612 1700; x_wconf 87' lang='lat' dir='ltr'>intuitu</span> <span class='ocrx_word' id='word_1_197' title='bbox 640 1666 874 1711; x_wconf 85' lang='lat' dir='ltr'>dignaremur</span> <span class='ocrx_word' id='word_1_198' title='bbox 903 1665 974 1699; x_wconf 89' lang='lat' dir='ltr'>sibi</span> <span class='ocrx_word' id='word_1_199' title='bbox 1004 1666 1222 1708; x_wconf 83' lang='lat' dir='ltr'>concedere,</span> <span class='ocrx_word' id='word_1_200' title='bbox 1253 1673 1291 1699; x_wconf 91' lang='lat' dir='ltr'>ut</span> <span class='ocrx_word' id='word_1_201' title='bbox 1316 1666 1354 1699; x_wconf 91' lang='lat' dir='ltr'>in</span> <span class='ocrx_word' id='word_1_202' title='bbox 1383 1666 1464 1711; x_wconf 91' lang='lat' dir='ltr'>ipso</span> <span class='ocrx_word' id='word_1_203' title='bbox 1495 1673 1530 1699; x_wconf 91' lang='lat' dir='ltr'>et</span> <span class='ocrx_word' id='word_1_204' title='bbox 1560 1678 1624 1711; x_wconf 90' lang='lat' dir='ltr'>per</span> <span class='ocrx_word' id='word_1_205' title='bbox 1653 1666 1774 1711; x_wconf 89' lang='lat' dir='ltr'>ipsum</span> <span class='ocrx_word' id='word_1_206' title='bbox 1804 1672 1901 1700; x_wconf 90' lang='lat' dir='ltr'>totus</span> <span class='ocrx_word' id='word_1_207' title='bbox 1937 1666 2028 1699; x_wconf 88' lang='lat' dir='ltr'>ordo</span> <span class='ocrx_word' id='word_1_208' title='bbox 2058 1666 2301 1700; x_wconf 86' lang='lat' dir='ltr'>reviresceret</span> <span class='ocrx_word' id='word_1_209' title='bbox 2327 1673 2366 1701; x_wconf 85' lang='lat' dir='ltr'>et</span> 
     </span>
     <span class='ocr_line' id='line_1_20' title="bbox 481 1733 2364 1778; baseline 0.001 -12"><span class='ocrx_word' id='word_1_210' title='bbox 481 1733 641 1774; x_wconf 87' lang='lat' dir='ltr'>floreret,</span> <span class='ocrx_word' id='word_1_211' title='bbox 680 1733 804 1778; x_wconf 88' lang='lat' dir='ltr'>sicque</span> <span class='ocrx_word' id='word_1_212' title='bbox 842 1733 973 1766; x_wconf 86' lang='lat' dir='ltr'>domus</span> <span class='ocrx_word' id='word_1_213' title='bbox 1014 1733 1092 1778; x_wconf 88' lang='lat' dir='ltr'>ipsa</span> <span class='ocrx_word' id='word_1_214' title='bbox 1130 1744 1237 1766; x_wconf 88' lang='lat' dir='ltr'>secus</span> <span class='ocrx_word' id='word_1_215' title='bbox 1268 1733 1479 1766; x_wconf 87' lang='lat' dir='ltr'>salutarium</span> <span class='ocrx_word' id='word_1_216' title='bbox 1514 1745 1687 1778; x_wconf 89' lang='lat' dir='ltr'>aquarum</span> <span class='ocrx_word' id='word_1_217' title='bbox 1718 1733 1875 1778; x_wconf 87' lang='lat' dir='ltr'>plantata</span> <span class='ocrx_word' id='word_1_218' title='bbox 1912 1733 2091 1766; x_wconf 88' lang='lat' dir='ltr'>decursus</span> <span class='ocrx_word' id='word_1_219' title='bbox 2131 1733 2288 1767; x_wconf 83' lang='lat' dir='ltr'>fructum</span> <span class='ocrx_word' id='word_1_220' title='bbox 2325 1733 2364 1767; x_wconf 88' lang='lat' dir='ltr'>in</span> 
     </span>
     <span class='ocr_line' id='line_1_21' title="bbox 482 1799 2364 1845; baseline 0.001 -12"><span class='ocrx_word' id='word_1_221' title='bbox 482 1807 643 1845; x_wconf 87' lang='lat' dir='ltr'>tempore</span> <span class='ocrx_word' id='word_1_222' title='bbox 674 1812 740 1833; x_wconf 87' lang='lat' dir='ltr'>suo</span> <span class='ocrx_word' id='word_1_223' title='bbox 772 1800 896 1833; x_wconf 86' lang='lat' dir='ltr'>datura</span> <span class='ocrx_word' id='word_1_224' title='bbox 927 1800 1190 1845; x_wconf 69' lang='lat' dir='ltr'>gratissimum,</span> <span class='ocrx_word' id='word_1_225' title='bbox 1222 1806 1335 1833; x_wconf 89' lang='lat' dir='ltr'>totum</span> <span class='ocrx_word' id='word_1_226' title='bbox 1366 1800 1639 1834; x_wconf 86' lang='lat' dir='ltr'>Cartusiensem</span> <span class='ocrx_word' id='word_1_227' title='bbox 1671 1799 1846 1834; x_wconf 88' lang='lat' dir='ltr'>Ordinem</span> <span class='ocrx_word' id='word_1_228' title='bbox 1877 1800 2101 1834; x_wconf 86' lang='lat' dir='ltr'>fecundaret.</span> <span class='ocrx_word' id='word_1_229' title='bbox 2138 1801 2214 1834; x_wconf 91' lang='lat' dir='ltr'>Nos</span> <span class='ocrx_word' id='word_1_230' title='bbox 2243 1806 2364 1835; x_wconf 81' lang='lat' dir='ltr'>autem</span> 
     </span>
     <span class='ocr_line' id='line_1_22' title="bbox 481 1867 2365 1913; baseline 0.001 -14"><span class='ocrx_word' id='word_1_231' title='bbox 481 1868 609 1900; x_wconf 84' lang='lat' dir='ltr'>fratres</span> <span class='ocrx_word' id='word_1_232' title='bbox 633 1867 733 1912; x_wconf 88' lang='lat' dir='ltr'>ipsos</span> <span class='ocrx_word' id='word_1_233' title='bbox 760 1874 795 1900; x_wconf 92' lang='lat' dir='ltr'>et</span> <span class='ocrx_word' id='word_1_234' title='bbox 820 1879 945 1899; x_wconf 91' lang='lat' dir='ltr'>eorum</span> <span class='ocrx_word' id='word_1_235' title='bbox 973 1867 1148 1900; x_wconf 90' lang='lat' dir='ltr'>Ordinem</span> <span class='ocrx_word' id='word_1_236' title='bbox 1175 1868 1251 1900; x_wconf 89' lang='lat' dir='ltr'>Deo</span> <span class='ocrx_word' id='word_1_237' title='bbox 1277 1874 1419 1913; x_wconf 87' lang='lat' dir='ltr'>gratum</span> <span class='ocrx_word' id='word_1_238' title='bbox 1448 1867 1617 1912; x_wconf 89' lang='lat' dir='ltr'>specialis</span> <span class='ocrx_word' id='word_1_239' title='bbox 1644 1867 1852 1900; x_wconf 86' lang='lat' dir='ltr'>dilectionis</span> <span class='ocrx_word' id='word_1_240' title='bbox 1878 1874 1914 1900; x_wconf 85' lang='lat' dir='ltr'>et</span> <span class='ocrx_word' id='word_1_241' title='bbox 1937 1867 2072 1901; x_wconf 81' lang='lat' dir='ltr'>favoris</span> <span class='ocrx_word' id='word_1_242' title='bbox 2096 1867 2211 1912; x_wconf 87' lang='lat' dir='ltr'>gratia</span> <span class='ocrx_word' id='word_1_243' title='bbox 2235 1879 2365 1913; x_wconf 86' lang='lat' dir='ltr'>prose-</span> 
     </span>
     <span class='ocr_line' id='line_1_23' title="bbox 482 1933 2364 1979; baseline 0.001 -13"><span class='ocrx_word' id='word_1_244' title='bbox 482 1941 635 1979; x_wconf 88' lang='lat' dir='ltr'>quentes</span> <span class='ocrx_word' id='word_1_245' title='bbox 666 1934 735 1979; x_wconf 89' lang='lat' dir='ltr'>piis</span> <span class='ocrx_word' id='word_1_246' title='bbox 766 1946 891 1967; x_wconf 83' lang='lat' dir='ltr'>eornm</span> <span class='ocrx_word' id='word_1_247' title='bbox 922 1933 1253 1979; x_wconf 88' lang='lat' dir='ltr'>supplicationibus</span> <span class='ocrx_word' id='word_1_248' title='bbox 1285 1934 1480 1968; x_wconf 88' lang='lat' dir='ltr'>annuimus</span> <span class='ocrx_word' id='word_1_249' title='bbox 1506 1941 1542 1968; x_wconf 90' lang='lat' dir='ltr'>et</span> <span class='ocrx_word' id='word_1_250' title='bbox 1566 1934 1686 1967; x_wconf 90' lang='lat' dir='ltr'>locum</span> <span class='ocrx_word' id='word_1_251' title='bbox 1712 1934 1916 1979; x_wconf 88' lang='lat' dir='ltr'>predictum</span> <span class='ocrx_word' id='word_1_252' title='bbox 1946 1946 1985 1967; x_wconf 90' lang='lat' dir='ltr'>ac</span> <span class='ocrx_word' id='word_1_253' title='bbox 2011 1934 2159 1967; x_wconf 87' lang='lat' dir='ltr'>domum</span> <span class='ocrx_word' id='word_1_254' title='bbox 2185 1934 2230 1967; x_wconf 91' lang='lat' dir='ltr'>de</span> <span class='ocrx_word' id='word_1_255' title='bbox 2258 1933 2364 1968; x_wconf 82' lang='lat' dir='ltr'>Valle</span> 
     </span>
     <span class='ocr_line' id='line_1_24' title="bbox 482 2000 2365 2047; baseline 0 -13"><span class='ocrx_word' id='word_1_256' title='bbox 482 2001 611 2041; x_wconf 90' lang='lat' dir='ltr'>Viridi,</span> <span class='ocrx_word' id='word_1_257' title='bbox 634 2001 729 2033; x_wconf 87' lang='lat' dir='ltr'>sicut</span> <span class='ocrx_word' id='word_1_258' title='bbox 757 2013 838 2033; x_wconf 91' lang='lat' dir='ltr'>eum</span> <span class='ocrx_word' id='word_1_259' title='bbox 866 2000 1092 2042; x_wconf 81' lang='lat' dir='ltr'>tenebamus,</span> <span class='ocrx_word' id='word_1_260' title='bbox 1115 2001 1288 2034; x_wconf 86' lang='lat' dir='ltr'>fratribus</span> <span class='ocrx_word' id='word_1_261' title='bbox 1318 2001 1409 2047; x_wconf 91' lang='lat' dir='ltr'>ipsis</span> <span class='ocrx_word' id='word_1_262' title='bbox 1439 2001 1575 2034; x_wconf 90' lang='lat' dir='ltr'>ibidem</span> <span class='ocrx_word' id='word_1_263' title='bbox 1606 2013 1748 2034; x_wconf 89' lang='lat' dir='ltr'>summo</span> <span class='ocrx_word' id='word_1_264' title='bbox 1782 2001 1862 2047; x_wconf 85' lang='lat' dir='ltr'>regi</span> <span class='ocrx_word' id='word_1_265' title='bbox 1892 2007 2069 2046; x_wconf 87' lang='lat' dir='ltr'>perpetuo</span> <span class='ocrx_word' id='word_1_266' title='bbox 2105 2001 2297 2035; x_wconf 88' lang='lat' dir='ltr'>servituris</span> <span class='ocrx_word' id='word_1_267' title='bbox 2326 2001 2365 2035; x_wconf 91' lang='lat' dir='ltr'>in</span> 
     </span>
     <span class='ocr_line' id='line_1_25' title="bbox 483 2067 2364 2113; baseline 0.001 -13"><span class='ocrx_word' id='word_1_268' title='bbox 483 2079 607 2112; x_wconf 87' lang='lat' dir='ltr'>puram</span> <span class='ocrx_word' id='word_1_269' title='bbox 630 2074 663 2100; x_wconf 85' lang='lat' dir='ltr'>et</span> <span class='ocrx_word' id='word_1_270' title='bbox 688 2074 897 2112; x_wconf 89' lang='lat' dir='ltr'>perpetuam</span> <span class='ocrx_word' id='word_1_271' title='bbox 920 2067 1155 2101; x_wconf 88' lang='lat' dir='ltr'>elemosinam</span> <span class='ocrx_word' id='word_1_272' title='bbox 1180 2068 1417 2101; x_wconf 77' lang='lat' dir='ltr'>concedimus</span> <span class='ocrx_word' id='word_1_273' title='bbox 1441 2075 1476 2101; x_wconf 88' lang='lat' dir='ltr'>et</span> <span class='ocrx_word' id='word_1_274' title='bbox 1498 2068 1689 2110; x_wconf 81' lang='lat' dir='ltr'>donamus,</span> <span class='ocrx_word' id='word_1_275' title='bbox 1708 2067 1829 2101; x_wconf 90' lang='lat' dir='ltr'>locum</span> <span class='ocrx_word' id='word_1_276' title='bbox 1853 2068 1986 2113; x_wconf 78' lang='lat' dir='ltr'>ipsum,</span> <span class='ocrx_word' id='word_1_277' title='bbox 2009 2079 2187 2113; x_wconf 89' lang='lat' dir='ltr'>personas</span> <span class='ocrx_word' id='word_1_278' title='bbox 2210 2074 2246 2101; x_wconf 88' lang='lat' dir='ltr'>et</span> <span class='ocrx_word' id='word_1_279' title='bbox 2267 2067 2364 2103; x_wconf 84' lang='lat' dir='ltr'>bona</span> 
     </span>
     <span class='ocr_line' id='line_1_26' title="bbox 483 2133 2364 2180; baseline 0.001 -14"><span class='ocrx_word' id='word_1_280' title='bbox 483 2146 699 2178; x_wconf 89' lang='lat' dir='ltr'>quecunque</span> <span class='ocrx_word' id='word_1_281' title='bbox 729 2134 773 2166; x_wconf 89' lang='lat' dir='ltr'>ad</span> <span class='ocrx_word' id='word_1_282' title='bbox 798 2134 917 2179; x_wconf 89' lang='lat' dir='ltr'>ipsum</span> <span class='ocrx_word' id='word_1_283' title='bbox 945 2134 1162 2179; x_wconf 88' lang='lat' dir='ltr'>pertinentia</span> <span class='ocrx_word' id='word_1_284' title='bbox 1188 2134 1224 2166; x_wconf 90' lang='lat' dir='ltr'>in</span> <span class='ocrx_word' id='word_1_285' title='bbox 1250 2141 1374 2167; x_wconf 88' lang='lat' dir='ltr'>nostra</span> <span class='ocrx_word' id='word_1_286' title='bbox 1401 2135 1500 2180; x_wconf 86' lang='lat' dir='ltr'>regia</span> <span class='ocrx_word' id='word_1_287' title='bbox 1527 2134 1753 2180; x_wconf 88' lang='lat' dir='ltr'>protectione</span> <span class='ocrx_word' id='word_1_288' title='bbox 1783 2134 2029 2180; x_wconf 90' lang='lat' dir='ltr'>suscipientes</span> <span class='ocrx_word' id='word_1_289' title='bbox 2059 2141 2095 2167; x_wconf 88' lang='lat' dir='ltr'>et</span> <span class='ocrx_word' id='word_1_290' title='bbox 2122 2134 2290 2168; x_wconf 88' lang='lat' dir='ltr'>volentes</span> <span class='ocrx_word' id='word_1_291' title='bbox 2318 2133 2364 2167; x_wconf 89' lang='lat' dir='ltr'>ab</span> 
     </span>
     <span class='ocr_line' id='line_1_27' title="bbox 483 2200 2362 2246; baseline 0.001 -14"><span class='ocrx_word' id='word_1_292' title='bbox 483 2200 581 2232; x_wconf 91' lang='lat' dir='ltr'>omni</span> <span class='ocrx_word' id='word_1_293' title='bbox 607 2201 739 2245; x_wconf 88' lang='lat' dir='ltr'>injusta</span> <span class='ocrx_word' id='word_1_294' title='bbox 765 2200 1018 2234; x_wconf 89' lang='lat' dir='ltr'>molestatione</span> <span class='ocrx_word' id='word_1_295' title='bbox 1044 2213 1191 2234; x_wconf 87' lang='lat' dir='ltr'>manere</span> <span class='ocrx_word' id='word_1_296' title='bbox 1217 2201 1350 2246; x_wconf 85' lang='lat' dir='ltr'>quieta.</span> <span class='ocrx_word' id='word_1_297' title='bbox 1380 2202 1564 2234; x_wconf 87' lang='lat' dir='ltr'>Donamus</span> <span class='ocrx_word' id='word_1_298' title='bbox 1589 2201 1741 2246; x_wconf 88' lang='lat' dir='ltr'>insuper</span> <span class='ocrx_word' id='word_1_299' title='bbox 1766 2207 1801 2234; x_wconf 89' lang='lat' dir='ltr'>et</span> <span class='ocrx_word' id='word_1_300' title='bbox 1826 2201 2063 2234; x_wconf 90' lang='lat' dir='ltr'>concedimus</span> <span class='ocrx_word' id='word_1_301' title='bbox 2088 2201 2125 2234; x_wconf 92' lang='lat' dir='ltr'>in</span> <span class='ocrx_word' id='word_1_302' title='bbox 2151 2207 2362 2246; x_wconf 82' lang='lat' dir='ltr'>perpetuam</span> 
     </span>
     <span class='ocr_line' id='line_1_28' title="bbox 484 2267 2364 2313; baseline 0.001 -14"><span class='ocrx_word' id='word_1_303' title='bbox 484 2267 718 2300; x_wconf 80' lang='lat' dir='ltr'>elemosinam</span> <span class='ocrx_word' id='word_1_304' title='bbox 746 2268 888 2312; x_wconf 82' lang='lat' dir='ltr'>pietatis</span> <span class='ocrx_word' id='word_1_305' title='bbox 914 2268 1061 2309; x_wconf 87' lang='lat' dir='ltr'>intuitu,</span> <span class='ocrx_word' id='word_1_306' title='bbox 1088 2274 1124 2301; x_wconf 85' lang='lat' dir='ltr'>et</span> <span class='ocrx_word' id='word_1_307' title='bbox 1148 2280 1213 2313; x_wconf 93' lang='lat' dir='ltr'>pro</span> <span class='ocrx_word' id='word_1_308' title='bbox 1238 2275 1362 2301; x_wconf 87' lang='lat' dir='ltr'>nostre</span> <span class='ocrx_word' id='word_1_309' title='bbox 1388 2275 1423 2301; x_wconf 88' lang='lat' dir='ltr'>et</span> <span class='ocrx_word' id='word_1_310' title='bbox 1445 2275 1719 2301; x_wconf 89' lang='lat' dir='ltr'>antecessorum</span> <span class='ocrx_word' id='word_1_311' title='bbox 1743 2275 1953 2301; x_wconf 89' lang='lat' dir='ltr'>nostrorum</span> <span class='ocrx_word' id='word_1_312' title='bbox 1977 2268 2177 2301; x_wconf 90' lang='lat' dir='ltr'>animarum</span> <span class='ocrx_word' id='word_1_313' title='bbox 2202 2268 2364 2301; x_wconf 88' lang='lat' dir='ltr'>remedio</span> 
     </span>
     <span class='ocr_line' id='line_1_29' title="bbox 483 2333 2365 2380; baseline 0.001 -14"><span class='ocrx_word' id='word_1_314' title='bbox 483 2333 655 2366; x_wconf 82' lang='lat' dir='ltr'>fratribus</span> <span class='ocrx_word' id='word_1_315' title='bbox 685 2334 775 2379; x_wconf 80' lang='lat' dir='ltr'>ipsis</span> <span class='ocrx_word' id='word_1_316' title='bbox 806 2334 896 2367; x_wconf 91' lang='lat' dir='ltr'>inibi</span> <span class='ocrx_word' id='word_1_317' title='bbox 927 2335 1082 2367; x_wconf 90' lang='lat' dir='ltr'>Domino</span> <span class='ocrx_word' id='word_1_318' title='bbox 1113 2335 1305 2368; x_wconf 86' lang='lat' dir='ltr'>servituris</span> <span class='ocrx_word' id='word_1_319' title='bbox 1335 2335 1379 2368; x_wconf 88' lang='lat' dir='ltr'>ad</span> <span class='ocrx_word' id='word_1_320' title='bbox 1409 2347 1535 2368; x_wconf 90' lang='lat' dir='ltr'>eorum</span> <span class='ocrx_word' id='word_1_321' title='bbox 1567 2335 1875 2368; x_wconf 89' lang='lat' dir='ltr'>sustentacionem</span> <span class='ocrx_word' id='word_1_322' title='bbox 1902 2335 2063 2380; x_wconf 89' lang='lat' dir='ltr'>quinque</span> <span class='ocrx_word' id='word_1_323' title='bbox 2093 2334 2236 2368; x_wconf 86' lang='lat' dir='ltr'>modios</span> <span class='ocrx_word' id='word_1_324' title='bbox 2266 2334 2365 2368; x_wconf 85' lang='lat' dir='ltr'>bladi</span> 
     </span>
     <span class='ocr_line' id='line_1_30' title="bbox 484 2401 2366 2447; baseline 0.002 -15"><span class='ocrx_word' id='word_1_325' title='bbox 484 2401 528 2433; x_wconf 87' lang='lat' dir='ltr'>de</span> <span class='ocrx_word' id='word_1_326' title='bbox 564 2401 744 2434; x_wconf 73' lang='lat' dir='ltr'>Gonessia</span> <span class='ocrx_word' id='word_1_327' title='bbox 782 2401 825 2433; x_wconf 91' lang='lat' dir='ltr'>ad</span> <span class='ocrx_word' id='word_1_328' title='bbox 855 2413 1061 2434; x_wconf 84' lang='lat' dir='ltr'>mensuram</span> <span class='ocrx_word' id='word_1_329' title='bbox 1103 2408 1138 2434; x_wconf 88' lang='lat' dir='ltr'>et</span> <span class='ocrx_word' id='word_1_330' title='bbox 1174 2402 1335 2434; x_wconf 90' lang='lat' dir='ltr'>modium</span> <span class='ocrx_word' id='word_1_331' title='bbox 1371 2402 1480 2447; x_wconf 89' lang='lat' dir='ltr'>paris.</span> <span class='ocrx_word' id='word_1_332' title='bbox 1513 2402 1550 2435; x_wconf 91' lang='lat' dir='ltr'>in</span> <span class='ocrx_word' id='word_1_333' title='bbox 1579 2402 1750 2447; x_wconf 86' lang='lat' dir='ltr'>granerio</span> <span class='ocrx_word' id='word_1_334' title='bbox 1787 2408 1914 2435; x_wconf 89' lang='lat' dir='ltr'>nostro</span> <span class='ocrx_word' id='word_1_335' title='bbox 1951 2402 2064 2435; x_wconf 89' lang='lat' dir='ltr'>Paris.</span> <span class='ocrx_word' id='word_1_336' title='bbox 2109 2401 2366 2447; x_wconf 82' lang='lat' dir='ltr'>percipiendos</span> 
     </span>
     <span class='ocr_line' id='line_1_31' title="bbox 484 2467 2365 2514; baseline 0.001 -15"><span class='ocrx_word' id='word_1_337' title='bbox 484 2467 664 2500; x_wconf 84' lang='lat' dir='ltr'>annuatim</span> <span class='ocrx_word' id='word_1_338' title='bbox 687 2467 730 2499; x_wconf 86' lang='lat' dir='ltr'>ad</span> <span class='ocrx_word' id='word_1_339' title='bbox 752 2468 882 2500; x_wconf 88' lang='lat' dir='ltr'>festum</span> <span class='ocrx_word' id='word_1_340' title='bbox 905 2468 1074 2501; x_wconf 90' lang='lat' dir='ltr'>Omnium</span> <span class='ocrx_word' id='word_1_341' title='bbox 1099 2469 1327 2510; x_wconf 86' lang='lat' dir='ltr'>Sanctorum,</span> <span class='ocrx_word' id='word_1_342' title='bbox 1345 2481 1437 2514; x_wconf 88' lang='lat' dir='ltr'>qnos</span> <span class='ocrx_word' id='word_1_343' title='bbox 1457 2482 1476 2502; x_wconf 87' lang='lat' dir='ltr'>a</span> <span class='ocrx_word' id='word_1_344' title='bbox 1498 2469 1696 2514; x_wconf 89' lang='lat' dir='ltr'>prepositis</span> <span class='ocrx_word' id='word_1_345' title='bbox 1717 2476 1752 2502; x_wconf 92' lang='lat' dir='ltr'>et</span> <span class='ocrx_word' id='word_1_346' title='bbox 1773 2469 1950 2502; x_wconf 89' lang='lat' dir='ltr'>ministris</span> <span class='ocrx_word' id='word_1_347' title='bbox 1971 2468 2121 2510; x_wconf 89' lang='lat' dir='ltr'>nostris,</span> <span class='ocrx_word' id='word_1_348' title='bbox 2144 2468 2365 2513; x_wconf 84' lang='lat' dir='ltr'>quicumque</span> 
     </span>
     <span class='ocr_line' id='line_1_32' title="bbox 484 2534 2366 2580; baseline 0.001 -15"><span class='ocrx_word' id='word_1_349' title='bbox 484 2545 548 2577; x_wconf 89' lang='lat' dir='ltr'>pro</span> <span class='ocrx_word' id='word_1_350' title='bbox 580 2540 741 2578; x_wconf 84' lang='lat' dir='ltr'>tempore</span> <span class='ocrx_word' id='word_1_351' title='bbox 772 2535 916 2575; x_wconf 86' lang='lat' dir='ltr'>suerint,</span> <span class='ocrx_word' id='word_1_352' title='bbox 950 2535 1089 2568; x_wconf 79' lang='lat' dir='ltr'>eisdem</span> <span class='ocrx_word' id='word_1_353' title='bbox 1119 2535 1292 2568; x_wconf 88' lang='lat' dir='ltr'>fra-tribus</span> <span class='ocrx_word' id='word_1_354' title='bbox 1318 2535 1411 2569; x_wconf 90' lang='lat' dir='ltr'>solvi</span> <span class='ocrx_word' id='word_1_355' title='bbox 1438 2536 1517 2569; x_wconf 91' lang='lat' dir='ltr'>sine</span> <span class='ocrx_word' id='word_1_356' title='bbox 1544 2535 1793 2569; x_wconf 91' lang='lat' dir='ltr'>diminucione</span> <span class='ocrx_word' id='word_1_357' title='bbox 1818 2535 1876 2569; x_wconf 90' lang='lat' dir='ltr'>vel</span> <span class='ocrx_word' id='word_1_358' title='bbox 1903 2535 2115 2568; x_wconf 87' lang='lat' dir='ltr'>difficultate</span> <span class='ocrx_word' id='word_1_359' title='bbox 2142 2534 2366 2580; x_wconf 84' lang='lat' dir='ltr'>precipimus</span> 
     </span>
     <span class='ocr_line' id='line_1_33' title="bbox 485 2599 2366 2646; baseline 0.001 -15"><span class='ocrx_word' id='word_1_360' title='bbox 485 2599 527 2631; x_wconf 89' lang='lat' dir='ltr'>ad</span> <span class='ocrx_word' id='word_1_361' title='bbox 556 2600 747 2632; x_wconf 86' lang='lat' dir='ltr'>terminum</span> <span class='ocrx_word' id='word_1_362' title='bbox 773 2600 1000 2644; x_wconf 85' lang='lat' dir='ltr'>prelibatum.</span> <span class='ocrx_word' id='word_1_363' title='bbox 1026 2602 1194 2634; x_wconf 82' lang='lat' dir='ltr'>Preterea</span> <span class='ocrx_word' id='word_1_364' title='bbox 1216 2602 1394 2635; x_wconf 89' lang='lat' dir='ltr'>donamus</span> <span class='ocrx_word' id='word_1_365' title='bbox 1415 2602 1553 2635; x_wconf 88' lang='lat' dir='ltr'>eisdem</span> <span class='ocrx_word' id='word_1_366' title='bbox 1578 2609 1614 2635; x_wconf 91' lang='lat' dir='ltr'>et</span> <span class='ocrx_word' id='word_1_367' title='bbox 1634 2602 1871 2635; x_wconf 90' lang='lat' dir='ltr'>concedimus</span> <span class='ocrx_word' id='word_1_368' title='bbox 1895 2601 2054 2642; x_wconf 88' lang='lat' dir='ltr'>domum,</span> <span class='ocrx_word' id='word_1_369' title='bbox 2080 2613 2186 2646; x_wconf 89' lang='lat' dir='ltr'>quam</span> <span class='ocrx_word' id='word_1_370' title='bbox 2209 2600 2366 2634; x_wconf 88' lang='lat' dir='ltr'>emimus</span> 
     </span>
     <span class='ocr_line' id='line_1_34' title="bbox 486 2665 2365 2714; baseline 0.002 -17"><span class='ocrx_word' id='word_1_371' title='bbox 486 2678 503 2697; x_wconf 88' lang='lat' dir='ltr'>a</span> <span class='ocrx_word' id='word_1_372' title='bbox 529 2665 655 2698; x_wconf 85' lang='lat' dir='ltr'>liberis</span> <span class='ocrx_word' id='word_1_373' title='bbox 678 2666 836 2699; x_wconf 80' lang='lat' dir='ltr'>defuncti</span> <span class='ocrx_word' id='word_1_374' title='bbox 859 2668 954 2700; x_wconf 87' lang='lat' dir='ltr'>Petri</span> <span class='ocrx_word' id='word_1_375' title='bbox 976 2668 1085 2702; x_wconf 84' lang='lat' dir='ltr'>Cocci</span> <span class='ocrx_word' id='word_1_376' title='bbox 1107 2668 1211 2701; x_wconf 88' lang='lat' dir='ltr'>sitam</span> <span class='ocrx_word' id='word_1_377' title='bbox 1232 2669 1333 2713; x_wconf 86' lang='lat' dir='ltr'>juxta</span> <span class='ocrx_word' id='word_1_378' title='bbox 1355 2669 1598 2702; x_wconf 84' lang='lat' dir='ltr'>Gentiliacum</span> <span class='ocrx_word' id='word_1_379' title='bbox 1620 2681 1701 2702; x_wconf 90' lang='lat' dir='ltr'>cum</span> <span class='ocrx_word' id='word_1_380' title='bbox 1723 2668 1906 2714; x_wconf 89' lang='lat' dir='ltr'>porprisio</span> <span class='ocrx_word' id='word_1_381' title='bbox 1928 2674 1964 2701; x_wconf 86' lang='lat' dir='ltr'>et</span> <span class='ocrx_word' id='word_1_382' title='bbox 1984 2668 2091 2701; x_wconf 84' lang='lat' dir='ltr'>terris</span> <span class='ocrx_word' id='word_1_383' title='bbox 2114 2666 2365 2712; x_wconf 88' lang='lat' dir='ltr'>adjacentibus</span> 
     </span>
     <span class='ocr_line' id='line_1_35' title="bbox 487 2732 2367 2780; baseline 0.002 -17"><span class='ocrx_word' id='word_1_384' title='bbox 487 2738 520 2764; x_wconf 87' lang='lat' dir='ltr'>et</span> <span class='ocrx_word' id='word_1_385' title='bbox 550 2732 653 2764; x_wconf 89' lang='lat' dir='ltr'>vinea</span> <span class='ocrx_word' id='word_1_386' title='bbox 683 2745 721 2764; x_wconf 81' lang='lat' dir='ltr'>ar</span> <span class='ocrx_word' id='word_1_387' title='bbox 753 2733 832 2765; x_wconf 86' lang='lat' dir='ltr'>aliis</span> <span class='ocrx_word' id='word_1_388' title='bbox 863 2734 942 2778; x_wconf 86' lang='lat' dir='ltr'>ejus</span> <span class='ocrx_word' id='word_1_389' title='bbox 973 2735 1210 2779; x_wconf 89' lang='lat' dir='ltr'>pertinenciis</span> <span class='ocrx_word' id='word_1_390' title='bbox 1241 2735 1284 2768; x_wconf 91' lang='lat' dir='ltr'>ab</span> <span class='ocrx_word' id='word_1_391' title='bbox 1315 2735 1406 2780; x_wconf 91' lang='lat' dir='ltr'>ipsis</span> <span class='ocrx_word' id='word_1_392' title='bbox 1436 2736 1702 2780; x_wconf 89' lang='lat' dir='ltr'>imperpetuum</span> <span class='ocrx_word' id='word_1_393' title='bbox 1734 2735 1882 2780; x_wconf 88' lang='lat' dir='ltr'>pacifice</span> <span class='ocrx_word' id='word_1_394' title='bbox 1912 2734 2149 2780; x_wconf 86' lang='lat' dir='ltr'>possidenda.</span> <span class='ocrx_word' id='word_1_395' title='bbox 2186 2733 2292 2777; x_wconf 87' lang='lat' dir='ltr'>Quod</span> <span class='ocrx_word' id='word_1_396' title='bbox 2326 2739 2367 2767; x_wconf 90' lang='lat' dir='ltr'>ut</span> 
     </span>
     <span class='ocr_line' id='line_1_36' title="bbox 488 2798 2365 2847; baseline 0.002 -18"><span class='ocrx_word' id='word_1_397' title='bbox 488 2805 660 2843; x_wconf 85' lang='lat' dir='ltr'>perpetue</span> <span class='ocrx_word' id='word_1_398' title='bbox 682 2798 886 2832; x_wconf 82' lang='lat' dir='ltr'>stabilitatis</span> <span class='ocrx_word' id='word_1_399' title='bbox 917 2800 1029 2833; x_wconf 88' lang='lat' dir='ltr'>robur</span> <span class='ocrx_word' id='word_1_400' title='bbox 1056 2801 1229 2843; x_wconf 88' lang='lat' dir='ltr'>obtineat,</span> <span class='ocrx_word' id='word_1_401' title='bbox 1259 2809 1466 2847; x_wconf 86' lang='lat' dir='ltr'>presentem</span> <span class='ocrx_word' id='word_1_402' title='bbox 1492 2802 1659 2847; x_wconf 86' lang='lat' dir='ltr'>paginam</span> <span class='ocrx_word' id='word_1_403' title='bbox 1685 2801 1798 2847; x_wconf 85' lang='lat' dir='ltr'>sigilli</span> <span class='ocrx_word' id='word_1_404' title='bbox 1824 2801 1941 2834; x_wconf 91' lang='lat' dir='ltr'>nostri</span> <span class='ocrx_word' id='word_1_405' title='bbox 1965 2801 2177 2834; x_wconf 87' lang='lat' dir='ltr'>auctoritate</span> <span class='ocrx_word' id='word_1_406' title='bbox 2203 2812 2242 2834; x_wconf 90' lang='lat' dir='ltr'>ac</span> <span class='ocrx_word' id='word_1_407' title='bbox 2272 2799 2365 2846; x_wconf 87' lang='lat' dir='ltr'>regii</span> 
     </span>
     <span class='ocr_line' id='line_1_37' title="bbox 488 2865 2366 2913; baseline 0.002 -17"><span class='ocrx_word' id='word_1_408' title='bbox 488 2865 645 2897; x_wconf 89' lang='lat' dir='ltr'>nominis</span> <span class='ocrx_word' id='word_1_409' title='bbox 676 2865 858 2898; x_wconf 82' lang='lat' dir='ltr'>karactere</span> <span class='ocrx_word' id='word_1_410' title='bbox 889 2867 1041 2900; x_wconf 87' lang='lat' dir='ltr'>inferius</span> <span class='ocrx_word' id='word_1_411' title='bbox 1071 2875 1241 2902; x_wconf 88' lang='lat' dir='ltr'>annotato</span> <span class='ocrx_word' id='word_1_412' title='bbox 1272 2869 1424 2902; x_wconf 89' lang='lat' dir='ltr'>fecimus</span> <span class='ocrx_word' id='word_1_413' title='bbox 1455 2868 1683 2902; x_wconf 89' lang='lat' dir='ltr'>communiri.</span> <span class='ocrx_word' id='word_1_414' title='bbox 1715 2870 1846 2902; x_wconf 90' lang='lat' dir='ltr'>Actum</span> <span class='ocrx_word' id='word_1_415' title='bbox 1877 2868 1973 2913; x_wconf 88' lang='lat' dir='ltr'>apud</span> <span class='ocrx_word' id='word_1_416' title='bbox 2002 2867 2238 2901; x_wconf 70' lang='lat' dir='ltr'>Mel&#39;edunum</span> <span class='ocrx_word' id='word_1_417' title='bbox 2271 2878 2366 2900; x_wconf 91' lang='lat' dir='ltr'>anno</span> 
     </span>
    </p>
   </div>
   <div class='ocr_carea' id='block_1_8' title="bbox 488 2931 2365 2981">
    <p class='ocr_par' dir='ltr' id='par_1_8' title="bbox 488 2931 2365 2981">
     <span class='ocr_line' id='line_1_38' title="bbox 488 2931 2365 2981; baseline 0.002 -18"><span class='ocrx_word' id='word_1_418' title='bbox 488 2931 668 2964; x_wconf 90' lang='lat' dir='ltr'>dominice</span> <span class='ocrx_word' id='word_1_419' title='bbox 694 2931 952 2966; x_wconf 86' lang='lat' dir='ltr'>incarnationis</span> <span class='ocrx_word' id='word_1_420' title='bbox 978 2935 1105 2969; x_wconf 83' lang='lat' dir='ltr'>M⁰CC⁰</span> <span class='ocrx_word' id='word_1_421' title='bbox 1130 2935 1435 2981; x_wconf 87' lang='lat' dir='ltr'>quinquagesimo</span> <span class='ocrx_word' id='word_1_422' title='bbox 1462 2948 1572 2977; x_wconf 68' lang='lat' dir='ltr'>nono,</span> <span class='ocrx_word' id='word_1_423' title='bbox 1600 2947 1725 2968; x_wconf 90' lang='lat' dir='ltr'>mense</span> <span class='ocrx_word' id='word_1_424' title='bbox 1751 2935 1858 2977; x_wconf 87' lang='lat' dir='ltr'>Maio,</span> <span class='ocrx_word' id='word_1_425' title='bbox 1887 2934 1991 2980; x_wconf 89' lang='lat' dir='ltr'>regni</span> <span class='ocrx_word' id='word_1_426' title='bbox 2014 2946 2101 2968; x_wconf 92' lang='lat' dir='ltr'>vero</span> <span class='ocrx_word' id='word_1_427' title='bbox 2128 2933 2245 2967; x_wconf 90' lang='lat' dir='ltr'>nostri</span> <span class='ocrx_word' id='word_1_428' title='bbox 2270 2945 2365 2967; x_wconf 86' lang='lat' dir='ltr'>anno</span> 
     </span>
    </p>
   </div>
   <div class='ocr_carea' id='block_1_9' title="bbox 2537 0 2580 3528">
    <p class='ocr_par' dir='ltr' id='par_1_9' title="bbox 2537 0 2580 3528">
     <span class='ocr_line' id='line_1_39' title="bbox 2537 0 2580 3528; baseline 0 0"><span class='ocrx_word' id='word_1_429' title='bbox 2537 0 2580 3528; x_wconf 95' lang='lat' dir='ltr'> </span> 
     </span>
    </p>
   </div>
  </div>
 </body>
</html>
