2580 3528
448 374 513 407 382
1033 383 1356 405 CHARTL'LARIUM
1389 382 1582 404 UMVEns.
1620 382 1750 404 PAms.
1875 373 1879 376 ”
2232 371 2333 413 [1259

449 458 644 491 scolarium
684 464 753 491 tam
793 457 1051 503 religiosorum
1093 469 1197 502 quam
1241 456 1460 489 secularium
1501 456 1721 490 seducentes
1755 456 1929 490 societate
1965 456 2042 489 sive
2076 455 2168 489 alios
2203 462 2225 489 'a
2265 467 2332 489 suo

448 525 635 558 consortio
663 531 887 570 separantes,
917 536 996 556 cum
1026 535 1195 568 separare
1222 523 1314 556 alios
1341 535 1359 556 a
1388 535 1427 556 se
1455 530 1490 556 et
1516 522 1724 556 subducere
1750 522 1808 556 vel
1836 522 2051 556 subtrahere
2079 522 2199 556 taliter
2223 534 2264 555 se
2288 522 2334 556 ab

449 591 530 625 aliis
556 591 651 624 idem
678 591 824 636 penitus
846 597 1070 636 reputemus,
1093 597 1217 623 contra
1239 602 1332 635 quos
1354 590 1460 622 etiam
1482 589 1694 622 nominatim
1716 589 1835 622 taliter
1855 589 2088 635 procedetur,
2115 589 2213 635 quod
2241 601 2334 635 pena

450 659 605 691 docente
631 658 786 698 discent,
813 669 918 702 quam
946 657 993 690 sit
1017 657 1248 690 temerarium
1274 656 1451 689 mandatis
1477 655 1689 700 apostolicis
1715 667 1790 688 non
1814 667 1954 701 parere,
1977 668 2058 689 cuin
2084 656 2334 700 intelligamus

451 732 487 758 et
510 725 666 758 velimus
692 724 848 769 intelligi
874 723 1085 768 hujusmodi
1112 723 1377 768 separationem
1400 734 1620 767 quocunque
1642 722 1789 755 nomine
1815 721 2020 767 appelletur
2044 729 2080 756 et
2104 723 2232 768 quavis
2257 729 2334 756 arte

451 792 508 825 vel
534 791 683 837 ingenio
708 791 779 831 fiat,
803 797 927 823 contra
948 790 1227 830 ordinationem,
1251 789 1465 831 sententias,
1488 795 1619 822 statuta
1645 795 1680 822 et
1703 788 1843 822 litteras
1864 795 2008 822 nostras
2033 789 2112 822 fieri
2137 797 2173 823 et
2197 796 2335 823 temere

451 858 665 903 attemptari.
689 859 767 890 Dat.
790 857 955 902 Anagnie
976 869 1061 889 non.
1085 856 1235 901 Aprilis,
1257 855 1489 901 pontificatus
1511 855 1628 888 nostri
1649 867 1744 888 anno
1765 855 1905 901 quinto.

545 955 681 986 originale
700 955 725 977 in
744 954 820 977 Arch.
842 958 895 978 nat.
912 954 996 977 Paris.
1014 955 1042 977 L.
1058 955 1112 982 253,
1130 958 1159 976 n⁰
1174 954 1228 977 244.
1245 953 1394 984 Supersunt
1414 953 1459 976 fila
1478 953 1589 977 cannah.
1607 954 1636 977 ln
1657 953 1811 977 membrana
1831 962 1924 978 aversa
1941 962 1946 977 ε
1966 962 1978 978 «
1995 954 2195 978 Predieatorum
2210 963 2232 978 ».
2249 954 2334 979 Μέτη.

451 1002 484 1024 de
499 1001 525 1024 la
539 1000 597 1024 Soc.
612 1001 645 1022 de
660 998 744 1023 l'hist.
761 1000 793 1022 cle
809 999 894 1023 Paris
909 1003 933 1022 et
947 1000 980 1022 de
995 999 1238 1026 l'lle-de-France,
1256 998 1285 1026 X,
1302 998 1355 1021 263.
1371 1011 1403 1015 —
1420 998 1484 1021 Cod.
1501 998 1642 1021 Rutenens.
1660 998 1801 1022 constitut.
1818 998 1881 1022 Ord.
1898 999 2003 1027 Prned.‚
2018 1008 2045 1031 p.
2060 1000 2114 1022 260.

450 1203 562 1239 332.
586 1211 754 1238 ΑΙε-ῑαηᾶεν
769 1211 851 1237 [Vin
872 1210 976 1236 litteris
997 1210 1037 1236 ad
1056 1210 1248 1245 Reginaldum
1269 1210 1434 1247 episcopum
1454 1210 1649 1237 Parisiensem
1672 1211 1857 1247 conqueritur·
1875 1210 1911 1237 de
1932 1211 2122 1247 quorumdam
2142 1210 2334 1247 contumacia,

541 1261 590 1296 qui
607 1260 751 1287 Guillelmi
765 1260 800 1286 de
817 1262 844 1286 S.
862 1261 965 1286 Amore
981 1259 1145 1286 eoesulantis
1157 1263 1260 1295 partes
1276 1259 1374 1285 acrius
1390 1263 1494 1286 tenent.

1673 1310 1752 1339 1259.
1768 1309 1859 1342 aprilis
1872 1310 1898 1340 5,
1913 1310 2049 1343 Anagniae.

540 1385 746 1418 Alexander
780 1384 976 1430 episcopus
1011 1395 1140 1417 servus
1179 1395 1369 1417 servorum
1404 1384 1471 1417 Dei
1505 1383 1706 1417 venerabili
1740 1384 1840 1418 fratri
1869 1411 1889 1417 ..
1923 1385 2097 1430 episcopo
2137 1382 2336 1418 Parisiensi

452 1452 604 1485 salutem
645 1459 679 1485 et
717 1451 952 1497 apostolicam
987 1450 1294 1484 benedictionem.
1332 1451 1571 1497 Indignanter
1605 1451 1812 1497 accepimus
1848 1458 1883 1484 et
1917 1451 1983 1484 tibi
2022 1451 2215 1485 referimus
2254 1463 2337 1485 cum

453 1519 593 1560 dolore,
617 1519 714 1563 quod
736 1518 880 1563 quidam
902 1518 1067 1563 magistri
1089 1524 1124 1551 et
1144 1517 1305 1551 scolares
1326 1518 1488 1551 Parisius
1510 1524 1777 1552 commorantes
1799 1530 1873 1551 non
1894 1518 2043 1552 unitatis
2064 1525 2100 1551 et
2124 1517 2335 1558 concordie,

453 1586 519 1619 sed
545 1585 790 1618 dissensionis
811 1591 846 1618 et
866 1585 1027 1618 scandali
1048 1591 1242 1626 amatoreS,
1270 1585 1477 1618 Parisiense
1499 1585 1674 1626 studium,
1697 1585 1795 1630 quod
1817 1585 1948 1630 sopitis
1973 1585 2236 1619 controversiis
2261 1591 2339 1619 erat

454 1652 490 1685 in
511 1652 705 1697 tranquillo
727 1658 820 1685 statu
842 1652 1013 1697 positum,
1036 1651 1249 1697 perturbare
1270 1664 1309 1685 ac
1331 1651 1518 1698 religiosis
1540 1651 1757 1697 quibusdam
1780 1658 1815 1685 et
1833 1651 1914 1685 aliis
1935 1664 1954 1685 a
1975 1663 2042 1685 suo
2065 1663 2128 1685 eos
2149 1651 2207 1686 vel
2229 1663 2270 1685 se
2290 1651 2336 1686 ab

453 1723 616 1769 ipsorum
656 1723 840 1756 societatis
879 1723 1066 1756 consortio
1107 1723 1311 1768 separando
1346 1735 1477 1769 graves
1512 1723 1647 1756 inferre
1682 1723 1870 1757 molestias
1905 1723 2119 1765 moliuntur,
2154 1734 2198 1756 eo
2237 1722 2338 1769 quod

454 1790 647 1824 Guillermi
681 1790 724 1823 de
756 1791 885 1823 Sancto
920 1791 1054 1823 Amore
1090 1790 1207 1836 ipsius
1242 1790 1441 1824 turbatoris
1471 1790 1597 1832 studii,
1629 1790 1707 1824 suis
1738 1789 1971 1836 exigentibus
1999 1789 2130 1836 culpis,
2165 1790 2336 1836 quoniam

454 1864 664 1890 transeunte
692 1857 817 1902 lingua
845 1858 924 1902 ejus
953 1869 1064 1902 super
1090 1864 1222 1890 terrain
1251 1864 1424 1903 posuerat
1448 1864 1584 1890 temere
1609 1869 1651 1890 os
1676 1857 1714 1890 in
1739 1856 1871 1898 celum,
1899 1869 1965 1902 per
1989 1868 2056 1890 nos
2082 1856 2183 1900 (citra
2209 1856 2338 1890 condi-

453 1936 565 1969 gnum
587 1931 719 1965 tamen,
737 1924 820 1969 quia
842 1936 968 1969 penam
992 1931 1174 1957 meruerat
1194 1924 1412 1970 graviorem)
1429 1924 1472 1957 ab
1494 1924 1568 1957 illis
1585 1923 1761 1969 partibus,
1781 1935 1826 1957 ne
1842 1923 1923 1957 illas
1940 1929 2149 1968 corrumpat
2166 1923 2337 1973 ulterius,

455 1991 622 2036 separati,
652 1990 865 2024 relevationi
894 2003 959 2024 seu
988 1991 1211 2025 revocationi
1242 1998 1402 2024 renuunt
1430 1991 1652 2033 consentire,
1684 1990 1911 2024 honestatem
1940 1990 1977 2023 in
2004 1989 2073 2023 hoc
2101 1996 2136 2023 et
2156 1989 2336 2035 justitiam

454 2057 726 2102 amplectentes.
758 2058 848 2091 Cum
880 2058 993 2103 igitur
1022 2058 1238 2092 intentionis
1266 2065 1302 2091 et
1330 2058 1526 2091 voluntatis
1557 2064 1682 2091 nostre
1712 2069 1865 2103 prorsus
1895 2057 2037 2099 existat,
2067 2057 2202 2090 dictum
2233 2056 2338 2091 Guil-

456 2129 621 2168 lermum,
651 2130 755 2173 cujus
784 2129 828 2161 de
858 2129 980 2163 multis
1007 2129 1111 2162 malis
1137 2142 1206 2174 que
1233 2129 1408 2162 hactenus
1434 2129 1664 2162 commisisse
1690 2129 1855 2162 noscitur
1883 2128 1982 2162 nulla
2004 2128 2203 2174 penitentie
2231 2128 2338 2174 signa

456 2202 715 2237 monstrantur,
752 2208 946 2240 numquam
977 2196 1138 2229 relevare
1169 2196 1205 2228 in
1235 2196 1370 2241 aliquo,
1406 2196 1464 2229 vel
1494 2195 1538 2229 ad
1566 2208 1631 2229 sua
1655 2195 1832 2229 beneficia
1865 2207 1930 2229 seu
1958 2195 2120 2228 Parisius
2150 2206 2337 2237 revocare,

455 2262 667 2295 fraternitati
694 2269 752 2295 tue
774 2275 838 2307 per
858 2263 1057 2308 apostolica
1084 2263 1217 2308 scripta
1246 2263 1410 2296 districte
1432 2263 1670 2308 precipiendo
1692 2263 1906 2296 mandamus
1930 2262 2102 2308 quatinus
2127 2261 2338 2295 convocatis

455 2329 625 2361 omnibus
660 2330 844 2374 magistris
880 2336 913 2362 et
947 2329 1151 2363 scolaribus
1180 2330 1342 2363 Parisius
1371 2329 1605 2363 studentibus
1637 2329 1705 2362 sub
1736 2329 2122 2363 excommunicationis
2155 2340 2247 2374 pena
2282 2327 2336 2362 eis

456 2396 618 2429 districte
644 2396 836 2441 precipias,
859 2403 897 2429 ut
918 2396 1039 2430 nullos
1061 2397 1258 2442 religiosos
1280 2409 1345 2430 seu
1367 2408 1619 2442 quoscumque
1640 2396 1731 2430 alios
1753 2396 1946 2429 occasione
1966 2395 2177 2441 hujusmodi
2202 2394 2339 2428 moles·-

458 2469 530 2494 tare
555 2469 777 2507 presumant,
800 2475 839 2495 se
865 2463 908 2495 ab
935 2475 1059 2496 eorum
1087 2464 1164 2497 sive
1191 2464 1292 2509 ipsos
1318 2476 1335 2496 a
1361 2476 1428 2496 suo
1450 2463 1636 2497 consortio
1661 2463 1878 2509 separando,
1902 2463 1963 2508 qui
1989 2463 2117 2508 prefati
2142 2462 2338 2496 Guillermi

459 2528 669 2561 relevationi
696 2529 752 2562 vel
781 2530 1001 2563 revocationi
1031 2543 1103 2564 non
1132 2537 1294 2576 prestant
1321 2542 1526 2568 assensum,
1550 2543 1630 2563 cum
1657 2530 1759 2563 illuni
1785 2536 1949 2575 prestare
1976 2541 2049 2563 non
2078 2528 2246 2571 debeant,
2268 2540 2337 2563 nec

458 2594 615 2627 hominis
636 2596 794 2640 jurgiosi
821 2603 856 2629 et
880 2597 916 2629 in
938 2609 1001 2630 sua
1023 2597 1196 2630 obstinati
1217 2598 1376 2642 procatia
1398 2597 1656 2630 relevationem
1684 2609 1749 2630 seu
1776 2596 2044 2630 revocationem
2071 2595 2167 2629 salva
2193 2596 2338 2641 possim

457 2661 678 2693 conscientia
701 2662 896 2706 postulare,
920 2663 1206 2697 denunciaturus
1228 2663 1488 2697 nichilominus
1510 2663 1695 2709 magistris
1717 2670 1752 2696 et
1772 2662 1976 2696 scolaribus
1997 2662 2219 2703 memoratis,
2237 2661 2336 2707 quod

459 2739 585 2760 omncs
613 2739 724 2771 penas
751 2735 785 2761 et
810 2729 1031 2774 privationes
1052 2730 1088 2763 in
1109 2731 1354 2773 ordinatione,
1374 2730 1581 2772 sententiis,
1603 2730 1747 2771 litteris,
1768 2729 1827 2763 vel
1853 2729 1996 2762 statutis
2021 2741 2040 2762 a
2065 2728 2173 2762 nobis
2198 2728 2336 2762 dudum

459 2793 604 2826 emissis
637 2800 824 2827 contentas
855 2795 1056 2837 incurrunt,
1088 2797 1149 2842 qui
1180 2797 1377 2842 religiosos
1407 2804 1443 2830 et
1471 2808 1722 2842 quoscumque
1755 2796 1847 2829 alios
1881 2795 2075 2829 molestare
2106 2800 2335 2840 presumunt,

460 2860 722 2904 separationem
745 2860 954 2905 hujusmodi
976 2870 1225 2907 procurantes,
1245 2876 1326 2897 cuni
1348 2875 1516 2909 separare
1538 2863 1629 2896 alios
1649 2875 1668 2896 a
1689 2874 1742 2904 se,
1761 2868 1796 2895 et
1815 2861 2022 2896 subducere
2041 2861 2099 2895 vel
2120 2860 2337 2895 subtrahere

460 2925 578 2958 taliter
597 2938 636 2959 se
657 2926 700 2959 ab
721 2927 800 2960 aliis
822 2928 916 2960 idem
940 2929 1084 2973 penitus
1106 2937 1329 2975 reputemus.
1353 2932 1432 2964 Non
1453 2929 1684 2963 obstantibus
1699 2929 1917 2974 juramentis
1942 2928 2000 2963 vel
2025 2927 2336 2973 promissionibus
