<?xml version="1.0" encoding="UTF-8"?>
<!DOCTYPE html PUBLIC "-//W3C//DTD XHTML 1.0 Transitional//EN"
    "http://www.w3.org/TR/xhtml1/DTD/xhtml1-transitional.dtd">
<html xmlns="http://www.w3.org/1999/xhtml" xml:lang="en" lang="en">
 <head>
  <title>
</title>
<meta http-equiv="Content-Type" content="text/html;charset=utf-8" />
  <meta name='ocr-system' content='tesseract 3.04.00' />
  <meta name='ocr-capabilities' content='ocr_page ocr_carea ocr_par ocr_line ocrx_word'/>
</head>
<body>
  <div class='ocr_page' id='page_1' title='image "./chartulariumuniv01univuoft_0626.png"; bbox 0 0 2580 3528; ppageno 0'>
   <div class='ocr_carea' id='block_1_1' title="bbox 520 397 2404 438">
    <p class='ocr_par' dir='ltr' id='par_1_1' title="bbox 520 397 2404 438">
     <span class='ocr_line' id='line_1_1' title="bbox 520 397 2404 438; baseline 0 -8"><span class='ocrx_word' id='word_1_1' title='bbox 520 397 585 430; x_wconf 85' lang='lat'>584</span> <span class='ocrx_word' id='word_1_2' title='bbox 1114 405 1432 428; x_wconf 74' lang='lat' dir='ltr'><strong>CHARTULARIUM</strong></span> <span class='ocrx_word' id='word_1_3' title='bbox 1467 404 1659 426; x_wconf 71' lang='lat' dir='ltr'>umveas.</span> <span class='ocrx_word' id='word_1_4' title='bbox 1696 403 1824 427; x_wconf 66' lang='lat' dir='ltr'>rmus.</span> <span class='ocrx_word' id='word_1_5' title='bbox 2011 409 2015 412; x_wconf 88' lang='grc'><em>·</em></span> <span class='ocrx_word' id='word_1_6' title='bbox 2305 397 2404 438; x_wconf 88' lang='grc'>[1280</span> 
     </span>
    </p>
   </div>
   <div class='ocr_carea' id='block_1_2' title="bbox 520 477 2403 1877">
    <p class='ocr_par' dir='ltr' id='par_1_2' title="bbox 520 477 2403 1778">
     <span class='ocr_line' id='line_1_2' title="bbox 525 477 2403 527; baseline 0 -13"><span class='ocrx_word' id='word_1_7' title='bbox 525 481 639 514; x_wconf 90' lang='lat' dir='ltr'>vanda</span> <span class='ocrx_word' id='word_1_8' title='bbox 665 481 873 527; x_wconf 81' lang='lat' dir='ltr'>gravamina</span> <span class='ocrx_word' id='word_1_9' title='bbox 899 480 964 513; x_wconf 90' lang='lat' dir='ltr'>tibi</span> <span class='ocrx_word' id='word_1_10' title='bbox 989 480 1033 513; x_wconf 92' lang='lat' dir='ltr'>ad</span> <span class='ocrx_word' id='word_1_11' title='bbox 1059 491 1184 512; x_wconf 87' lang='lat' dir='ltr'>eorum</span> <span class='ocrx_word' id='word_1_12' title='bbox 1210 479 1374 512; x_wconf 86' lang='lat' dir='ltr'>levamen</span> <span class='ocrx_word' id='word_1_13' title='bbox 1401 478 1496 511; x_wconf 87' lang='lat' dir='ltr'>sicut</span> <span class='ocrx_word' id='word_1_14' title='bbox 1520 477 1640 511; x_wconf 87' lang='lat' dir='ltr'>fidelis</span> <span class='ocrx_word' id='word_1_15' title='bbox 1666 477 1899 523; x_wconf 88' lang='lat' dir='ltr'>dispensator</span> <span class='ocrx_word' id='word_1_16' title='bbox 1918 489 2097 521; x_wconf 82' lang='lat' dir='ltr'>assumas,</span> <span class='ocrx_word' id='word_1_17' title='bbox 2118 485 2158 513; x_wconf 88' lang='lat' dir='ltr'>ut</span> <span class='ocrx_word' id='word_1_18' title='bbox 2182 479 2230 513; x_wconf 81' lang='lat' dir='ltr'>de</span> <span class='ocrx_word' id='word_1_19' title='bbox 2252 479 2403 526; x_wconf 84' lang='lat' dir='ltr'>pulvere</span> 
     </span>
     <span class='ocr_line' id='line_1_3' title="bbox 526 544 2403 593; baseline 0 -12"><span class='ocrx_word' id='word_1_20' title='bbox 526 547 723 581; x_wconf 86' lang='lat' dir='ltr'>suscitatus</span> <span class='ocrx_word' id='word_1_21' title='bbox 748 559 902 593; x_wconf 88' lang='lat' dir='ltr'>egenus,</span> <span class='ocrx_word' id='word_1_22' title='bbox 925 547 969 579; x_wconf 90' lang='lat' dir='ltr'>de</span> <span class='ocrx_word' id='word_1_23' title='bbox 995 546 1114 579; x_wconf 88' lang='lat' dir='ltr'>carnis</span> <span class='ocrx_word' id='word_1_24' title='bbox 1140 545 1324 590; x_wconf 83' lang='lat' dir='ltr'>ergastulo</span> <span class='ocrx_word' id='word_1_25' title='bbox 1347 551 1504 585; x_wconf 87' lang='lat' dir='ltr'>erectus,</span> <span class='ocrx_word' id='word_1_26' title='bbox 1527 550 1565 577; x_wconf 90' lang='lat' dir='ltr'>ut</span> <span class='ocrx_word' id='word_1_27' title='bbox 1585 555 1722 589; x_wconf 81' lang='lat' dir='ltr'>pauper</span> <span class='ocrx_word' id='word_1_28' title='bbox 1743 556 1824 577; x_wconf 90' lang='lat' dir='ltr'>cum</span> <span class='ocrx_word' id='word_1_29' title='bbox 1845 544 2074 591; x_wconf 91' lang='lat' dir='ltr'>principibus</span> <span class='ocrx_word' id='word_1_30' title='bbox 2098 545 2193 579; x_wconf 89' lang='lat' dir='ltr'>inter</span> <span class='ocrx_word' id='word_1_31' title='bbox 2217 546 2403 592; x_wconf 80' lang='lat' dir='ltr'><strong>principes</strong></span> 
     </span>
     <span class='ocr_line' id='line_1_4' title="bbox 527 609 2403 660; baseline 0 -13"><span class='ocrx_word' id='word_1_32' title='bbox 527 614 652 660; x_wconf 92' lang='lat' dir='ltr'>populi</span> <span class='ocrx_word' id='word_1_33' title='bbox 674 614 740 647; x_wconf 87' lang='lat' dir='ltr'>Dei</span> <span class='ocrx_word' id='word_1_34' title='bbox 762 613 1009 659; x_wconf 77' lang='lat' dir='ltr'>principaliter</span> <span class='ocrx_word' id='word_1_35' title='bbox 1030 612 1228 645; x_wconf 88' lang='lat' dir='ltr'>collocatus</span> <span class='ocrx_word' id='word_1_36' title='bbox 1249 611 1286 644; x_wconf 94' lang='lat' dir='ltr'>in</span> <span class='ocrx_word' id='word_1_37' title='bbox 1307 611 1463 644; x_wconf 90' lang='lat' dir='ltr'>filiorum</span> <span class='ocrx_word' id='word_1_38' title='bbox 1486 610 1603 655; x_wconf 89' lang='lat' dir='ltr'>ipsius</span> <span class='ocrx_word' id='word_1_39' title='bbox 1625 609 1862 644; x_wconf 87' lang='lat' dir='ltr'>sublevandis</span> <span class='ocrx_word' id='word_1_40' title='bbox 1882 611 2017 657; x_wconf 87' lang='lat' dir='ltr'>inopiis</span> <span class='ocrx_word' id='word_1_41' title='bbox 2037 618 2163 658; x_wconf 86' lang='lat' dir='ltr'>gratus</span> <span class='ocrx_word' id='word_1_42' title='bbox 2183 612 2295 654; x_wconf 85' lang='lat' dir='ltr'>filius,</span> <span class='ocrx_word' id='word_1_43' title='bbox 2316 613 2403 647; x_wconf 88' lang='lat' dir='ltr'>cari—</span> 
     </span>
     <span class='ocr_line' id='line_1_5' title="bbox 526 677 2403 726; baseline 0 -12"><span class='ocrx_word' id='word_1_44' title='bbox 526 681 658 714; x_wconf 89' lang='lat' dir='ltr'>tativus</span> <span class='ocrx_word' id='word_1_45' title='bbox 678 681 799 721; x_wconf 87' lang='lat' dir='ltr'>frater,</span> <span class='ocrx_word' id='word_1_46' title='bbox 823 680 1053 725; x_wconf 87' lang='lat' dir='ltr'>dispensator</span> <span class='ocrx_word' id='word_1_47' title='bbox 1073 678 1168 711; x_wconf 89' lang='lat' dir='ltr'>fidus</span> <span class='ocrx_word' id='word_1_48' title='bbox 1190 684 1224 711; x_wconf 89' lang='lat' dir='ltr'>et</span> <span class='ocrx_word' id='word_1_49' title='bbox 1245 677 1416 722; x_wconf 84' lang='lat' dir='ltr'>diligens,</span> <span class='ocrx_word' id='word_1_50' title='bbox 1440 689 1545 722; x_wconf 88' lang='lat' dir='ltr'>quam</span> <span class='ocrx_word' id='word_1_51' title='bbox 1567 677 1757 722; x_wconf 86' lang='lat' dir='ltr'>professus</span> <span class='ocrx_word' id='word_1_52' title='bbox 1779 689 1831 719; x_wconf 84' lang='lat' dir='ltr'>es,</span> <span class='ocrx_word' id='word_1_53' title='bbox 1854 677 2064 712; x_wconf 89' lang='lat' dir='ltr'>sublevator</span> <span class='ocrx_word' id='word_1_54' title='bbox 2086 678 2210 725; x_wconf 82' lang='lat' dir='ltr'>inopie</span> <span class='ocrx_word' id='word_1_55' title='bbox 2235 691 2403 726; x_wconf 82' lang='lat' dir='ltr'>compro-</span> 
     </span>
     <span class='ocr_line' id='line_1_6' title="bbox 527 743 2402 792; baseline 0.001 -12"><span class='ocrx_word' id='word_1_56' title='bbox 527 747 638 780; x_wconf 88' lang='lat' dir='ltr'>beris.</span> <span class='ocrx_word' id='word_1_57' title='bbox 662 747 698 780; x_wconf 92' lang='lat' dir='ltr'>Si</span> <span class='ocrx_word' id='word_1_58' title='bbox 723 759 808 780; x_wconf 88' lang='lat' dir='ltr'>vero</span> <span class='ocrx_word' id='word_1_59' title='bbox 830 746 967 791; x_wconf 83' lang='lat' dir='ltr'>aliquid</span> <span class='ocrx_word' id='word_1_60' title='bbox 989 744 1202 778; x_wconf 75' lang='lat' dir='ltr'>rationabile</span> <span class='ocrx_word' id='word_1_61' title='bbox 1224 751 1257 777; x_wconf 91' lang='lat' dir='ltr'>te</span> <span class='ocrx_word' id='word_1_62' title='bbox 1280 743 1481 776; x_wconf 82' lang='lat' dir='ltr'>retraheret</span> <span class='ocrx_word' id='word_1_63' title='bbox 1500 743 1653 776; x_wconf 88' lang='lat' dir='ltr'>forsitan</span> <span class='ocrx_word' id='word_1_64' title='bbox 1673 755 1691 776; x_wconf 90' lang='lat' dir='ltr'>a</span> <span class='ocrx_word' id='word_1_65' title='bbox 1713 744 1902 789; x_wconf 85' lang='lat' dir='ltr'>predictis,</span> <span class='ocrx_word' id='word_1_66' title='bbox 1924 744 2007 790; x_wconf 92' lang='lat' dir='ltr'>quia</span> <span class='ocrx_word' id='word_1_67' title='bbox 2033 745 2217 788; x_wconf 88' lang='lat' dir='ltr'>nolumus,</span> <span class='ocrx_word' id='word_1_68' title='bbox 2239 758 2307 780; x_wconf 88' lang='lat' dir='ltr'>nec</span> <span class='ocrx_word' id='word_1_69' title='bbox 2330 746 2402 792; x_wconf 86' lang='lat' dir='ltr'>ipsi</span> 
     </span>
     <span class='ocr_line' id='line_1_7' title="bbox 527 809 2399 859; baseline 0.001 -13"><span class='ocrx_word' id='word_1_70' title='bbox 527 814 693 846; x_wconf 81' lang='lat' dir='ltr'>minister</span> <span class='ocrx_word' id='word_1_71' title='bbox 718 820 753 846; x_wconf 90' lang='lat' dir='ltr'>et</span> <span class='ocrx_word' id='word_1_72' title='bbox 777 814 905 846; x_wconf 85' lang='lat' dir='ltr'>fratres</span> <span class='ocrx_word' id='word_1_73' title='bbox 930 812 1069 853; x_wconf 84' lang='lat' dir='ltr'>volunt,</span> <span class='ocrx_word' id='word_1_74' title='bbox 1092 811 1189 856; x_wconf 88' lang='lat' dir='ltr'>quod</span> <span class='ocrx_word' id='word_1_75' title='bbox 1211 811 1305 843; x_wconf 88' lang='lat' dir='ltr'>inter</span> <span class='ocrx_word' id='word_1_76' title='bbox 1326 817 1360 844; x_wconf 89' lang='lat' dir='ltr'>te</span> <span class='ocrx_word' id='word_1_77' title='bbox 1381 822 1420 843; x_wconf 88' lang='lat' dir='ltr'>ac</span> <span class='ocrx_word' id='word_1_78' title='bbox 1442 821 1506 843; x_wconf 91' lang='lat' dir='ltr'>eos</span> <span class='ocrx_word' id='word_1_79' title='bbox 1533 809 1584 843; x_wconf 91' lang='lat' dir='ltr'>ibi</span> <span class='ocrx_word' id='word_1_80' title='bbox 1609 810 1667 844; x_wconf 92' lang='lat' dir='ltr'>vel</span> <span class='ocrx_word' id='word_1_81' title='bbox 1693 810 1799 844; x_wconf 87' lang='lat' dir='ltr'>etiam</span> <span class='ocrx_word' id='word_1_82' title='bbox 1825 810 1911 844; x_wconf 91' lang='lat' dir='ltr'>alibi</span> <span class='ocrx_word' id='word_1_83' title='bbox 1935 811 2001 845; x_wconf 89' lang='lat' dir='ltr'>hac</span> <span class='ocrx_word' id='word_1_84' title='bbox 2026 812 2218 846; x_wconf 87' lang='lat' dir='ltr'>occasione</span> <span class='ocrx_word' id='word_1_85' title='bbox 2242 813 2399 859; x_wconf 82' lang='lat' dir='ltr'>litigium</span> 
     </span>
     <span class='ocr_line' id='line_1_8' title="bbox 527 876 2402 921; baseline 0.001 -8"><span class='ocrx_word' id='word_1_86' title='bbox 527 881 674 921; x_wconf 88' lang='lat' dir='ltr'>oriatur,</span> <span class='ocrx_word' id='word_1_87' title='bbox 703 880 792 912; x_wconf 87' lang='lat' dir='ltr'>illud</span> <span class='ocrx_word' id='word_1_88' title='bbox 819 880 909 911; x_wconf 85' lang='lat' dir='ltr'>infra</span> <span class='ocrx_word' id='word_1_89' title='bbox 935 879 1051 911; x_wconf 88' lang='lat' dir='ltr'>dictos</span> <span class='ocrx_word' id='word_1_90' title='bbox 1073 878 1165 910; x_wconf 91' lang='lat' dir='ltr'>duos</span> <span class='ocrx_word' id='word_1_91' title='bbox 1191 889 1338 910; x_wconf 86' lang='lat' dir='ltr'>menses</span> <span class='ocrx_word' id='word_1_92' title='bbox 1363 889 1483 910; x_wconf 87' lang='lat' dir='ltr'>coram</span> <span class='ocrx_word' id='word_1_93' title='bbox 1509 876 1783 911; x_wconf 87' lang='lat' dir='ltr'>venerabilibus</span> <span class='ocrx_word' id='word_1_94' title='bbox 1807 878 1981 912; x_wconf 84' lang='lat' dir='ltr'>fratribus</span> <span class='ocrx_word' id='word_1_95' title='bbox 2010 879 2147 913; x_wconf 89' lang='lat' dir='ltr'>nostris</span> <span class='ocrx_word' id='word_1_96' title='bbox 2171 905 2192 912; x_wconf 88' lang='lat'>..</span> <span class='ocrx_word' id='word_1_97' title='bbox 2223 880 2402 914; x_wconf 79' lang='lat' dir='ltr'>Cenoma-</span> 
     </span>
     <span class='ocr_line' id='line_1_9' title="bbox 528 944 2402 992; baseline 0.001 -13"><span class='ocrx_word' id='word_1_98' title='bbox 528 947 655 979; x_wconf 86' lang='lat' dir='ltr'>nensi⁵</span> <span class='ocrx_word' id='word_1_99' title='bbox 687 953 722 978; x_wconf 90' lang='lat' dir='ltr'>et</span> <span class='ocrx_word' id='word_1_100' title='bbox 746 972 766 978; x_wconf 88' lang='lat'>..</span> <span class='ocrx_word' id='word_1_101' title='bbox 806 945 1121 990; x_wconf 83' lang='lat' dir='ltr'>Petragoricensi⁶</span> <span class='ocrx_word' id='word_1_102' title='bbox 1151 944 1336 989; x_wconf 87' lang='lat' dir='ltr'>episcopis</span> <span class='ocrx_word' id='word_1_103' title='bbox 1365 944 1423 977; x_wconf 90' lang='lat' dir='ltr'>vel</span> <span class='ocrx_word' id='word_1_104' title='bbox 1454 955 1580 977; x_wconf 91' lang='lat' dir='ltr'>eorum</span> <span class='ocrx_word' id='word_1_105' title='bbox 1611 944 1725 977; x_wconf 87' lang='lat' dir='ltr'>altero</span> <span class='ocrx_word' id='word_1_106' title='bbox 1756 956 1939 990; x_wconf 87' lang='lat' dir='ltr'>exponere</span> <span class='ocrx_word' id='word_1_107' title='bbox 1973 945 2134 988; x_wconf 84' lang='lat' dir='ltr'>studeas,</span> <span class='ocrx_word' id='word_1_108' title='bbox 2169 952 2205 979; x_wconf 91' lang='lat' dir='ltr'>et</span> <span class='ocrx_word' id='word_1_109' title='bbox 2237 946 2308 992; x_wconf 86' lang='lat' dir='ltr'>ipsi</span> <span class='ocrx_word' id='word_1_110' title='bbox 2341 953 2402 981; x_wconf 86' lang='lat' dir='ltr'>aut</span> 
     </span>
     <span class='ocr_line' id='line_1_10' title="bbox 526 1010 2400 1059; baseline 0.001 -14"><span class='ocrx_word' id='word_1_111' title='bbox 526 1013 686 1057; x_wconf 89' lang='lat' dir='ltr'>ipsorum</span> <span class='ocrx_word' id='word_1_112' title='bbox 710 1024 803 1045; x_wconf 87' lang='lat' dir='ltr'>unus</span> <span class='ocrx_word' id='word_1_113' title='bbox 823 1012 891 1044; x_wconf 88' lang='lat' dir='ltr'>hoc</span> <span class='ocrx_word' id='word_1_114' title='bbox 913 1024 930 1044; x_wconf 90' lang='lat' dir='ltr'>a</span> <span class='ocrx_word' id='word_1_115' title='bbox 952 1018 985 1044; x_wconf 88' lang='lat' dir='ltr'>te</span> <span class='ocrx_word' id='word_1_116' title='bbox 1007 1011 1203 1056; x_wconf 81' lang='lat' dir='ltr'>diligenter</span> <span class='ocrx_word' id='word_1_117' title='bbox 1224 1010 1360 1052; x_wconf 90' lang='lat' dir='ltr'>audito,</span> <span class='ocrx_word' id='word_1_118' title='bbox 1378 1011 1409 1044; x_wconf 91' lang='lat' dir='ltr'>si</span> <span class='ocrx_word' id='word_1_119' title='bbox 1430 1011 1512 1044; x_wconf 86' lang='lat' dir='ltr'>talia</span> <span class='ocrx_word' id='word_1_120' title='bbox 1534 1023 1761 1056; x_wconf 85' lang='lat' dir='ltr'>proponeres</span> <span class='ocrx_word' id='word_1_121' title='bbox 1782 1023 1852 1056; x_wconf 90' lang='lat' dir='ltr'>que</span> <span class='ocrx_word' id='word_1_122' title='bbox 1873 1011 2021 1057; x_wconf 89' lang='lat' dir='ltr'>probata</span> <span class='ocrx_word' id='word_1_123' title='bbox 2042 1012 2220 1046; x_wconf 87' lang='lat' dir='ltr'>deberent</span> <span class='ocrx_word' id='word_1_124' title='bbox 2239 1013 2400 1059; x_wconf 83' lang='lat' dir='ltr'>legitima</span> 
     </span>
     <span class='ocr_line' id='line_1_11' title="bbox 526 1077 2399 1126; baseline 0.001 -14"><span class='ocrx_word' id='word_1_125' title='bbox 526 1079 697 1124; x_wconf 88' lang='lat' dir='ltr'>reputari,</span> <span class='ocrx_word' id='word_1_126' title='bbox 719 1078 784 1111; x_wconf 90' lang='lat' dir='ltr'>tibi</span> <span class='ocrx_word' id='word_1_127' title='bbox 810 1078 987 1123; x_wconf 87' lang='lat' dir='ltr'>prefigant</span> <span class='ocrx_word' id='word_1_128' title='bbox 1014 1090 1056 1110; x_wconf 84' lang='lat' dir='ltr'>ex</span> <span class='ocrx_word' id='word_1_129' title='bbox 1082 1084 1181 1122; x_wconf 88' lang='lat' dir='ltr'>parte</span> <span class='ocrx_word' id='word_1_130' title='bbox 1208 1084 1331 1110; x_wconf 88' lang='lat' dir='ltr'>nostra</span> <span class='ocrx_word' id='word_1_131' title='bbox 1356 1077 1550 1110; x_wconf 88' lang='lat' dir='ltr'>terminum</span> <span class='ocrx_word' id='word_1_132' title='bbox 1577 1085 1857 1123; x_wconf 83' lang='lat' dir='ltr'>competentem,</span> <span class='ocrx_word' id='word_1_133' title='bbox 1881 1091 1952 1124; x_wconf 93' lang='lat' dir='ltr'>quo</span> <span class='ocrx_word' id='word_1_134' title='bbox 1978 1085 2015 1112; x_wconf 89' lang='lat' dir='ltr'>tu</span> <span class='ocrx_word' id='word_1_135' title='bbox 2041 1079 2085 1112; x_wconf 88' lang='lat' dir='ltr'>ad</span> <span class='ocrx_word' id='word_1_136' title='bbox 2111 1091 2179 1113; x_wconf 90' lang='lat' dir='ltr'>nos</span> <span class='ocrx_word' id='word_1_137' title='bbox 2205 1080 2399 1126; x_wconf 84' lang='lat' dir='ltr'>specialem</span> 
     </span>
     <span class='ocr_line' id='line_1_12' title="bbox 524 1144 2400 1191; baseline 0.001 -13"><span class='ocrx_word' id='word_1_138' title='bbox 524 1152 793 1190; x_wconf 87' lang='lat' dir='ltr'>procuratorem</span> <span class='ocrx_word' id='word_1_139' title='bbox 822 1157 902 1177; x_wconf 88' lang='lat' dir='ltr'>cum</span> <span class='ocrx_word' id='word_1_140' title='bbox 934 1144 1042 1189; x_wconf 91' lang='lat' dir='ltr'>pleno</span> <span class='ocrx_word' id='word_1_141' title='bbox 1074 1144 1241 1177; x_wconf 86' lang='lat' dir='ltr'>mandato</span> <span class='ocrx_word' id='word_1_142' title='bbox 1272 1156 1383 1189; x_wconf 90' lang='lat' dir='ltr'>super</span> <span class='ocrx_word' id='word_1_143' title='bbox 1413 1144 1584 1178; x_wconf 90' lang='lat' dir='ltr'>omnibus</span> <span class='ocrx_word' id='word_1_144' title='bbox 1611 1145 1798 1190; x_wconf 89' lang='lat' dir='ltr'>negotium</span> <span class='ocrx_word' id='word_1_145' title='bbox 1827 1146 1947 1191; x_wconf 89' lang='lat' dir='ltr'>ipsum</span> <span class='ocrx_word' id='word_1_146' title='bbox 1974 1146 2274 1191; x_wconf 87' lang='lat' dir='ltr'>contingentibus</span> <span class='ocrx_word' id='word_1_147' title='bbox 2299 1146 2400 1181; x_wconf 89' lang='lat' dir='ltr'>suffi-</span> 
     </span>
     <span class='ocr_line' id='line_1_13' title="bbox 523 1211 2400 1258; baseline 0.001 -13"><span class='ocrx_word' id='word_1_148' title='bbox 523 1212 662 1245; x_wconf 89' lang='lat' dir='ltr'>cienter</span> <span class='ocrx_word' id='word_1_149' title='bbox 704 1212 918 1244; x_wconf 89' lang='lat' dir='ltr'>instructum</span> <span class='ocrx_word' id='word_1_150' title='bbox 965 1211 1148 1244; x_wconf 88' lang='lat' dir='ltr'>destinare</span> <span class='ocrx_word' id='word_1_151' title='bbox 1188 1223 1384 1256; x_wconf 82' lang='lat' dir='ltr'>procures,</span> <span class='ocrx_word' id='word_1_152' title='bbox 1430 1218 1466 1244; x_wconf 90' lang='lat' dir='ltr'>et</span> <span class='ocrx_word' id='word_1_153' title='bbox 1509 1211 1728 1245; x_wconf 82' lang='lat' dir='ltr'>denuntient</span> <span class='ocrx_word' id='word_1_154' title='bbox 1770 1212 2030 1246; x_wconf 87' lang='lat' dir='ltr'>nichilominus</span> <span class='ocrx_word' id='word_1_155' title='bbox 2055 1239 2075 1245; x_wconf 93' lang='lat'>..</span> <span class='ocrx_word' id='word_1_156' title='bbox 2120 1213 2322 1258; x_wconf 85' lang='lat' dir='ltr'>guardiano</span> <span class='ocrx_word' id='word_1_157' title='bbox 2363 1220 2400 1248; x_wconf 85' lang='lat' dir='ltr'>et</span> 
     </span>
     <span class='ocr_line' id='line_1_14' title="bbox 522 1278 2398 1326; baseline 0.002 -15"><span class='ocrx_word' id='word_1_158' title='bbox 522 1278 716 1312; x_wconf 88' lang='lat' dir='ltr'>conventui</span> <span class='ocrx_word' id='word_1_159' title='bbox 743 1278 932 1323; x_wconf 89' lang='lat' dir='ltr'>predictis,</span> <span class='ocrx_word' id='word_1_160' title='bbox 954 1285 994 1311; x_wconf 89' lang='lat' dir='ltr'>ut</span> <span class='ocrx_word' id='word_1_161' title='bbox 1018 1278 1089 1323; x_wconf 92' lang='lat' dir='ltr'>ipsi</span> <span class='ocrx_word' id='word_1_162' title='bbox 1109 1278 1153 1311; x_wconf 84' lang='lat' dir='ltr'>ad</span> <span class='ocrx_word' id='word_1_163' title='bbox 1174 1278 1394 1323; x_wconf 85' lang='lat' dir='ltr'>presentiam</span> <span class='ocrx_word' id='word_1_164' title='bbox 1417 1285 1576 1311; x_wconf 91' lang='lat' dir='ltr'>nostram</span> <span class='ocrx_word' id='word_1_165' title='bbox 1598 1279 1636 1311; x_wconf 92' lang='lat' dir='ltr'>in</span> <span class='ocrx_word' id='word_1_166' title='bbox 1657 1279 1786 1312; x_wconf 88' lang='lat' dir='ltr'>eodem</span> <span class='ocrx_word' id='word_1_167' title='bbox 1808 1279 1964 1312; x_wconf 91' lang='lat' dir='ltr'>termino</span> <span class='ocrx_word' id='word_1_168' title='bbox 1989 1279 2146 1325; x_wconf 90' lang='lat' dir='ltr'>aliquem</span> <span class='ocrx_word' id='word_1_169' title='bbox 2173 1279 2232 1314; x_wconf 89' lang='lat' dir='ltr'>vel</span> <span class='ocrx_word' id='word_1_170' title='bbox 2255 1280 2398 1326; x_wconf 89' lang='lat' dir='ltr'>aliquos</span> 
     </span>
     <span class='ocr_line' id='line_1_15' title="bbox 522 1338 2398 1390; baseline 0.002 -13"><span class='ocrx_word' id='word_1_171' title='bbox 522 1346 666 1378; x_wconf 86' lang='lat' dir='ltr'>fratrem</span> <span class='ocrx_word' id='word_1_172' title='bbox 693 1357 757 1378; x_wconf 93' lang='lat' dir='ltr'>seu</span> <span class='ocrx_word' id='word_1_173' title='bbox 782 1345 911 1378; x_wconf 88' lang='lat' dir='ltr'>fratres</span> <span class='ocrx_word' id='word_1_174' title='bbox 937 1345 993 1377; x_wconf 92' lang='lat' dir='ltr'>sui</span> <span class='ocrx_word' id='word_1_175' title='bbox 1022 1345 1172 1378; x_wconf 91' lang='lat' dir='ltr'>Ordinis</span> <span class='ocrx_word' id='word_1_176' title='bbox 1199 1357 1264 1390; x_wconf 90' lang='lat' dir='ltr'>pro</span> <span class='ocrx_word' id='word_1_177' title='bbox 1290 1351 1413 1378; x_wconf 88' lang='lat' dir='ltr'>nostra</span> <span class='ocrx_word' id='word_1_178' title='bbox 1434 1345 1471 1378; x_wconf 92' lang='lat' dir='ltr'>in</span> <span class='ocrx_word' id='word_1_179' title='bbox 1491 1338 1557 1378; x_wconf 87' lang='lat' dir='ltr'>hac</span> <span class='ocrx_word' id='word_1_180' title='bbox 1579 1351 1680 1390; x_wconf 84' lang='lat' dir='ltr'>parte</span> <span class='ocrx_word' id='word_1_181' title='bbox 1706 1345 1963 1379; x_wconf 81' lang='lat' dir='ltr'>informatione</span> <span class='ocrx_word' id='word_1_182' title='bbox 1990 1346 2246 1388; x_wconf 84' lang='lat' dir='ltr'>transmittant,</span> <span class='ocrx_word' id='word_1_183' title='bbox 2267 1353 2307 1380; x_wconf 91' lang='lat' dir='ltr'>ut</span> <span class='ocrx_word' id='word_1_184' title='bbox 2329 1358 2398 1381; x_wconf 89' lang='lat' dir='ltr'>nos</span> 
     </span>
     <span class='ocr_line' id='line_1_16' title="bbox 522 1411 2398 1459; baseline 0.002 -14"><span class='ocrx_word' id='word_1_185' title='bbox 522 1412 665 1445; x_wconf 88' lang='lat' dir='ltr'>tandem</span> <span class='ocrx_word' id='word_1_186' title='bbox 694 1412 738 1444; x_wconf 90' lang='lat' dir='ltr'>de</span> <span class='ocrx_word' id='word_1_187' title='bbox 764 1411 911 1457; x_wconf 84' lang='lat' dir='ltr'>negotio</span> <span class='ocrx_word' id='word_1_188' title='bbox 938 1418 974 1444; x_wconf 89' lang='lat' dir='ltr'>et</span> <span class='ocrx_word' id='word_1_189' title='bbox 1000 1411 1139 1457; x_wconf 88' lang='lat' dir='ltr'>negotii</span> <span class='ocrx_word' id='word_1_190' title='bbox 1167 1412 1451 1445; x_wconf 88' lang='lat' dir='ltr'>circumstantiis</span> <span class='ocrx_word' id='word_1_191' title='bbox 1479 1412 1624 1457; x_wconf 90' lang='lat' dir='ltr'>plenius</span> <span class='ocrx_word' id='word_1_192' title='bbox 1652 1412 1836 1446; x_wconf 86' lang='lat' dir='ltr'>informati</span> <span class='ocrx_word' id='word_1_193' title='bbox 1864 1424 1975 1458; x_wconf 89' lang='lat' dir='ltr'>super</span> <span class='ocrx_word' id='word_1_194' title='bbox 2002 1425 2044 1446; x_wconf 92' lang='lat' dir='ltr'>eo</span> <span class='ocrx_word' id='word_1_195' title='bbox 2073 1413 2170 1458; x_wconf 91' lang='lat' dir='ltr'>quod</span> <span class='ocrx_word' id='word_1_196' title='bbox 2198 1413 2398 1459; x_wconf 83' lang='lat' dir='ltr'>expediens</span> 
     </span>
     <span class='ocr_line' id='line_1_17' title="bbox 522 1478 2398 1524; baseline 0.002 -13"><span class='ocrx_word' id='word_1_197' title='bbox 522 1479 600 1511; x_wconf 84' lang='lat' dir='ltr'>fore</span> <span class='ocrx_word' id='word_1_198' title='bbox 621 1478 826 1512; x_wconf 90' lang='lat' dir='ltr'>videbimus</span> <span class='ocrx_word' id='word_1_199' title='bbox 848 1479 1072 1511; x_wconf 89' lang='lat' dir='ltr'>ordinemus.</span> <span class='ocrx_word' id='word_1_200' title='bbox 1096 1478 1202 1521; x_wconf 86' lang='lat' dir='ltr'>Quod</span> <span class='ocrx_word' id='word_1_201' title='bbox 1224 1478 1254 1512; x_wconf 91' lang='lat' dir='ltr'>si</span> <span class='ocrx_word' id='word_1_202' title='bbox 1276 1485 1313 1511; x_wconf 90' lang='lat' dir='ltr'>tu</span> <span class='ocrx_word' id='word_1_203' title='bbox 1335 1478 1426 1512; x_wconf 87' lang='lat' dir='ltr'>infra</span> <span class='ocrx_word' id='word_1_204' title='bbox 1447 1479 1624 1524; x_wconf 86' lang='lat' dir='ltr'>prefatum</span> <span class='ocrx_word' id='word_1_205' title='bbox 1645 1478 1839 1512; x_wconf 85' lang='lat' dir='ltr'>terminum</span> <span class='ocrx_word' id='word_1_206' title='bbox 1861 1479 2022 1524; x_wconf 88' lang='lat' dir='ltr'>predicta</span> <span class='ocrx_word' id='word_1_207' title='bbox 2043 1492 2117 1513; x_wconf 93' lang='lat' dir='ltr'>non</span> <span class='ocrx_word' id='word_1_208' title='bbox 2140 1478 2317 1523; x_wconf 88' lang='lat' dir='ltr'>solveres,</span> <span class='ocrx_word' id='word_1_209' title='bbox 2339 1480 2398 1515; x_wconf 85' lang='lat' dir='ltr'>vel</span> 
     </span>
     <span class='ocr_line' id='line_1_18' title="bbox 520 1540 2398 1591; baseline 0.002 -14"><span class='ocrx_word' id='word_1_210' title='bbox 520 1557 648 1578; x_wconf 85' lang='lat' dir='ltr'>causas</span> <span class='ocrx_word' id='word_1_211' title='bbox 670 1544 903 1578; x_wconf 89' lang='lat' dir='ltr'>rationabiles</span> <span class='ocrx_word' id='word_1_212' title='bbox 923 1552 961 1578; x_wconf 90' lang='lat' dir='ltr'>ut</span> <span class='ocrx_word' id='word_1_213' title='bbox 981 1540 1202 1590; x_wconf 84' lang='lat' dir='ltr'>premittitur</span> <span class='ocrx_word' id='word_1_214' title='bbox 1222 1557 1296 1578; x_wconf 92' lang='lat' dir='ltr'>non</span> <span class='ocrx_word' id='word_1_215' title='bbox 1317 1557 1557 1590; x_wconf 87' lang='lat' dir='ltr'>proponeres,</span> <span class='ocrx_word' id='word_1_216' title='bbox 1581 1545 1719 1579; x_wconf 91' lang='lat' dir='ltr'>eisdem</span> <span class='ocrx_word' id='word_1_217' title='bbox 1742 1545 1927 1591; x_wconf 89' lang='lat' dir='ltr'>episcopis</span> <span class='ocrx_word' id='word_1_218' title='bbox 1952 1546 2079 1579; x_wconf 88' lang='lat' dir='ltr'>damus</span> <span class='ocrx_word' id='word_1_219' title='bbox 2103 1547 2241 1580; x_wconf 89' lang='lat' dir='ltr'>nostris</span> <span class='ocrx_word' id='word_1_220' title='bbox 2265 1547 2398 1582; x_wconf 86' lang='lat' dir='ltr'>litteris</span> 
     </span>
     <span class='ocr_line' id='line_1_19' title="bbox 522 1611 2398 1659; baseline 0.002 -15"><span class='ocrx_word' id='word_1_221' title='bbox 522 1612 559 1645; x_wconf 91' lang='lat' dir='ltr'>in</span> <span class='ocrx_word' id='word_1_222' title='bbox 594 1612 781 1652; x_wconf 89' lang='lat' dir='ltr'>mandatis,</span> <span class='ocrx_word' id='word_1_223' title='bbox 819 1618 857 1644; x_wconf 90' lang='lat' dir='ltr'>ut</span> <span class='ocrx_word' id='word_1_224' title='bbox 889 1612 959 1656; x_wconf 87' lang='lat' dir='ltr'>ipsi</span> <span class='ocrx_word' id='word_1_225' title='bbox 992 1611 1049 1645; x_wconf 92' lang='lat' dir='ltr'>vel</span> <span class='ocrx_word' id='word_1_226' title='bbox 1084 1611 1175 1645; x_wconf 88' lang='lat' dir='ltr'>alter</span> <span class='ocrx_word' id='word_1_227' title='bbox 1209 1612 1419 1645; x_wconf 89' lang='lat' dir='ltr'>eorumdem</span> <span class='ocrx_word' id='word_1_228' title='bbox 1456 1618 1490 1645; x_wconf 89' lang='lat' dir='ltr'>te</span> <span class='ocrx_word' id='word_1_229' title='bbox 1525 1612 1569 1645; x_wconf 88' lang='lat' dir='ltr'>ad</span> <span class='ocrx_word' id='word_1_230' title='bbox 1605 1612 1827 1645; x_wconf 89' lang='lat' dir='ltr'>solutionem</span> <span class='ocrx_word' id='word_1_231' title='bbox 1863 1612 2061 1658; x_wconf 88' lang='lat' dir='ltr'>predictam</span> <span class='ocrx_word' id='word_1_232' title='bbox 2100 1620 2140 1646; x_wconf 87' lang='lat' dir='ltr'>ut</span> <span class='ocrx_word' id='word_1_233' title='bbox 2177 1614 2398 1659; x_wconf 82' lang='lat' dir='ltr'>premittitur</span> 
     </span>
     <span class='ocr_line' id='line_1_20' title="bbox 521 1678 2396 1724; baseline 0.002 -13"><span class='ocrx_word' id='word_1_234' title='bbox 521 1679 719 1711; x_wconf 86' lang='lat' dir='ltr'>faciendam</span> <span class='ocrx_word' id='word_1_235' title='bbox 748 1678 959 1711; x_wconf 89' lang='lat' dir='ltr'>auctoritate</span> <span class='ocrx_word' id='word_1_236' title='bbox 988 1685 1111 1712; x_wconf 86' lang='lat' dir='ltr'>nostra</span> <span class='ocrx_word' id='word_1_237' title='bbox 1141 1678 1372 1724; x_wconf 89' lang='lat' dir='ltr'>compellant.</span> <span class='ocrx_word' id='word_1_238' title='bbox 1401 1680 1479 1712; x_wconf 84' lang='lat' dir='ltr'>Dat.</span> <span class='ocrx_word' id='word_1_239' title='bbox 1513 1679 1733 1712; x_wconf 91' lang='lat' dir='ltr'>Suriani.id.</span> <span class='ocrx_word' id='word_1_240' title='bbox 1765 1679 1863 1712; x_wconf 91' lang='lat' dir='ltr'>Junii</span> <span class='ocrx_word' id='word_1_241' title='bbox 1896 1679 2127 1724; x_wconf 86' lang='lat' dir='ltr'>pontificatus</span> <span class='ocrx_word' id='word_1_242' title='bbox 2156 1680 2272 1714; x_wconf 87' lang='lat' dir='ltr'>nostri</span> <span class='ocrx_word' id='word_1_243' title='bbox 2301 1692 2396 1715; x_wconf 90' lang='lat' dir='ltr'>anno</span> 
     </span>
     <span class='ocr_line' id='line_1_21' title="bbox 522 1746 640 1778; baseline -0.008 0"><span class='ocrx_word' id='word_1_244' title='bbox 522 1746 640 1778; x_wconf 90' lang='lat' dir='ltr'>tertio.</span> 
     </span>
    </p>

    <p class='ocr_par' dir='ltr' id='par_1_3' title="bbox 612 1843 2395 1877">
     <span class='ocr_line' id='line_1_22' title="bbox 612 1843 2395 1877; baseline 0.002 -11"><span class='ocrx_word' id='word_1_245' title='bbox 612 1844 675 1874; x_wconf 86' lang='lat' dir='ltr'>Reg.</span> <span class='ocrx_word' id='word_1_246' title='bbox 693 1843 749 1866; x_wconf 76' lang='lat' dir='ltr'>Vat.</span> <span class='ocrx_word' id='word_1_247' title='bbox 765 1843 865 1867; x_wconf 82' lang='lat' dir='ltr'>Nicolai</span> <span class='ocrx_word' id='word_1_248' title='bbox 880 1844 916 1867; x_wconf 92' lang='lat'>111</span> <span class='ocrx_word' id='word_1_249' title='bbox 932 1845 971 1873; x_wconf 80' lang='lat'><strong>(11⁰</strong></span> <span class='ocrx_word' id='word_1_250' title='bbox 985 1845 1034 1874; x_wconf 84' lang='grc'>40),</span> <span class='ocrx_word' id='word_1_251' title='bbox 1050 1852 1092 1867; x_wconf 82' lang='lat' dir='ltr'>an.</span> <span class='ocrx_word' id='word_1_252' title='bbox 1109 1845 1132 1872; x_wconf 88' lang='grc'>3,</span> <span class='ocrx_word' id='word_1_253' title='bbox 1157 1852 1198 1875; x_wconf 90' lang='lat' dir='ltr'>ep.</span> <span class='ocrx_word' id='word_1_254' title='bbox 1214 1845 1254 1875; x_wconf 84' lang='grc'>47,</span> <span class='ocrx_word' id='word_1_255' title='bbox 1277 1844 1321 1867; x_wconf 74' lang='lat' dir='ltr'>fol.</span> <span class='ocrx_word' id='word_1_256' title='bbox 1338 1844 1409 1870; x_wconf 70' lang='lat'><strong>11812.</strong></span> <span class='ocrx_word' id='word_1_257' title='bbox 1431 1857 1462 1862; x_wconf 91' lang='lat'>—</span> <span class='ocrx_word' id='word_1_258' title='bbox 1486 1844 1621 1872; x_wconf 77' lang='lat' dir='ltr'>Sbaralea,</span> <span class='ocrx_word' id='word_1_259' title='bbox 1639 1844 1716 1869; x_wconf 82' lang='lat' dir='ltr'><em>Bull.</em></span> <span class='ocrx_word' id='word_1_260' title='bbox 1735 1845 1889 1873; x_wconf 65' lang='lat' dir='ltr'>F&#39;rancisc„</span> <span class='ocrx_word' id='word_1_261' title='bbox 1905 1845 1950 1872; x_wconf 92' lang='grc' dir='ltr'>ΙΙΙ,</span> <span class='ocrx_word' id='word_1_262' title='bbox 1967 1845 2021 1868; x_wconf 83' lang='grc'>462.</span> <span class='ocrx_word' id='word_1_263' title='bbox 2037 1858 2069 1863; x_wconf 85' lang='grc'>-·</span> <span class='ocrx_word' id='word_1_264' title='bbox 2090 1845 2120 1868; x_wconf 92' lang='lat' dir='ltr'>In</span> <span class='ocrx_word' id='word_1_265' title='bbox 2139 1853 2180 1877; x_wconf 86' lang='lat' dir='ltr'>ep.</span> <span class='ocrx_word' id='word_1_266' title='bbox 2196 1846 2236 1875; x_wconf 77' lang='lat'>48,</span> <span class='ocrx_word' id='word_1_267' title='bbox 2257 1846 2302 1869; x_wconf 78' lang='lat' dir='ltr'>rol.</span> <span class='ocrx_word' id='word_1_268' title='bbox 2324 1845 2395 1875; x_wconf 66' lang='lat'>120⁸,</span> 
     </span>
    </p>
   </div>
   <div class='ocr_carea' id='block_1_3' title="bbox 519 1887 2397 1919">
    <p class='ocr_par' dir='ltr' id='par_1_4' title="bbox 519 1887 2397 1919">
     <span class='ocr_line' id='line_1_23' title="bbox 519 1887 2397 1919; baseline 0.002 -9"><span class='ocrx_word' id='word_1_269' title='bbox 519 1887 637 1919; x_wconf 86' lang='lat' dir='ltr'>episcopi</span> <span class='ocrx_word' id='word_1_270' title='bbox 652 1887 856 1911; x_wconf 81' lang='lat' dir='ltr'>Cenomanensis</span> <span class='ocrx_word' id='word_1_271' title='bbox 872 1891 897 1911; x_wconf 82' lang='lat' dir='ltr'>et</span> <span class='ocrx_word' id='word_1_272' title='bbox 913 1888 1138 1919; x_wconf 75' lang='lat' dir='ltr'>Petregoricensis</span> <span class='ocrx_word' id='word_1_273' title='bbox 1153 1892 1319 1912; x_wconf 81' lang='lat' dir='ltr'>exsecutores</span> <span class='ocrx_word' id='word_1_274' title='bbox 1335 1888 1540 1912; x_wconf 79' lang='lat' dir='ltr'>constituuntur.</span> <span class='ocrx_word' id='word_1_275' title='bbox 1551 1902 1583 1906; x_wconf 90' lang='lat'>-—-</span> <span class='ocrx_word' id='word_1_276' title='bbox 1597 1889 1761 1912; x_wconf 86' lang='lat' dir='ltr'>Conventum</span> <span class='ocrx_word' id='word_1_277' title='bbox 1775 1888 1839 1913; x_wconf 87' lang='lat' dir='ltr'>Ord.</span> <span class='ocrx_word' id='word_1_278' title='bbox 1854 1889 1948 1913; x_wconf 72' lang='lat' dir='ltr'>Praed.</span> <span class='ocrx_word' id='word_1_279' title='bbox 1965 1889 2044 1912; x_wconf 82' lang='lat' dir='ltr'>etiam</span> <span class='ocrx_word' id='word_1_280' title='bbox 2059 1897 2090 1913; x_wconf 86' lang='lat' dir='ltr'>ex</span> <span class='ocrx_word' id='word_1_281' title='bbox 2103 1889 2272 1914; x_wconf 77' lang='lat' dir='ltr'>multitudine</span> <span class='ocrx_word' id='word_1_282' title='bbox 2287 1889 2397 1914; x_wconf 78' lang='lat' dir='ltr'>studen-</span> 
     </span>
    </p>
   </div>
   <div class='ocr_carea' id='block_1_4' title="bbox 519 1932 1274 1964">
    <p class='ocr_par' dir='ltr' id='par_1_5' title="bbox 519 1932 1274 1964">
     <span class='ocr_line' id='line_1_24' title="bbox 519 1932 1274 1964; baseline 0.001 -9"><span class='ocrx_word' id='word_1_283' title='bbox 519 1932 584 1956; x_wconf 77' lang='lat' dir='ltr'>tium</span> <span class='ocrx_word' id='word_1_284' title='bbox 600 1932 678 1956; x_wconf 88' lang='lat' dir='ltr'>nimis</span> <span class='ocrx_word' id='word_1_285' title='bbox 694 1936 834 1963; x_wconf 81' lang='lat' dir='ltr'>gravatum</span> <span class='ocrx_word' id='word_1_286' title='bbox 850 1932 932 1956; x_wconf 85' lang='lat' dir='ltr'>fuisse</span> <span class='ocrx_word' id='word_1_287' title='bbox 947 1932 1062 1955; x_wconf 85' lang='lat' dir='ltr'>vidimus</span> <span class='ocrx_word' id='word_1_288' title='bbox 1078 1941 1160 1964; x_wconf 80' lang='lat' dir='ltr'>supra</span> <span class='ocrx_word' id='word_1_289' title='bbox 1175 1937 1204 1956; x_wconf 89' lang='lat' dir='ltr'>n⁰</span> <span class='ocrx_word' id='word_1_290' title='bbox 1219 1933 1274 1957; x_wconf 84' lang='lat'>371.</span> 
     </span>
    </p>
   </div>
   <div class='ocr_carea' id='block_1_5' title="bbox 518 2016 2396 2495">
    <p class='ocr_par' dir='ltr' id='par_1_6' title="bbox 518 2016 2396 2495">
     <span class='ocr_line' id='line_1_25' title="bbox 613 2016 2396 2048; baseline 0.002 -9"><span class='ocrx_word' id='word_1_291' title='bbox 613 2016 637 2040; x_wconf 86' lang='lat'>1.</span> <span class='ocrx_word' id='word_1_292' title='bbox 652 2016 776 2040; x_wconf 82' lang='lat' dir='ltr'>Gualtero</span> <span class='ocrx_word' id='word_1_293' title='bbox 801 2017 832 2039; x_wconf 84' lang='lat' dir='ltr'>de</span> <span class='ocrx_word' id='word_1_294' title='bbox 852 2017 958 2048; x_wconf 84' lang='lat' dir='ltr'>Brugis,</span> <span class='ocrx_word' id='word_1_295' title='bbox 976 2025 1008 2040; x_wconf 86' lang='lat' dir='ltr'>ex</span> <span class='ocrx_word' id='word_1_296' title='bbox 1022 2017 1084 2040; x_wconf 91' lang='lat' dir='ltr'>Ord.</span> <span class='ocrx_word' id='word_1_297' title='bbox 1108 2017 1248 2040; x_wconf 76' lang='lat' dir='ltr'>Minox-uin.</span> <span class='ocrx_word' id='word_1_298' title='bbox 1265 2017 1354 2040; x_wconf 88' lang='lat' dir='ltr'>Primo</span> <span class='ocrx_word' id='word_1_299' title='bbox 1375 2017 1569 2041; x_wconf 80' lang='lat' dir='ltr'>cathedraticus</span> <span class='ocrx_word' id='word_1_300' title='bbox 1591 2017 1618 2040; x_wconf 91' lang='lat' dir='ltr'>in</span> <span class='ocrx_word' id='word_1_301' title='bbox 1633 2017 1812 2041; x_wconf 80' lang='lat' dir='ltr'>Universitate</span> <span class='ocrx_word' id='word_1_302' title='bbox 1827 2017 1922 2046; x_wconf 68' lang='lat' dir='ltr'>Paris„</span> <span class='ocrx_word' id='word_1_303' title='bbox 1945 2026 1987 2041; x_wconf 88' lang='lat' dir='ltr'>an.</span> <span class='ocrx_word' id='word_1_304' title='bbox 2003 2018 2074 2048; x_wconf 84' lang='lat'>1279,</span> <span class='ocrx_word' id='word_1_305' title='bbox 2089 2018 2210 2042; x_wconf 88' lang='lat' dir='ltr'>Decemb.</span> <span class='ocrx_word' id='word_1_306' title='bbox 2235 2019 2259 2047; x_wconf 82' lang='grc'>4,</span> <span class='ocrx_word' id='word_1_307' title='bbox 2275 2018 2396 2043; x_wconf 64' lang='lat' dir='ltr'>minister</span> 
     </span>
     <span class='ocr_line' id='line_1_26' title="bbox 519 2061 2395 2094; baseline 0.002 -10"><span class='ocrx_word' id='word_1_308' title='bbox 519 2061 689 2092; x_wconf 87' lang='lat' dir='ltr'>provincialis</span> <span class='ocrx_word' id='word_1_309' title='bbox 710 2061 835 2085; x_wconf 84' lang='lat' dir='ltr'>Franciae</span> <span class='ocrx_word' id='word_1_310' title='bbox 854 2061 991 2089; x_wconf 82' lang='lat' dir='ltr'>exsistens,</span> <span class='ocrx_word' id='word_1_311' title='bbox 1013 2070 1028 2084; x_wconf 87' lang='lat' dir='ltr'>a</span> <span class='ocrx_word' id='word_1_312' title='bbox 1047 2061 1154 2084; x_wconf 85' lang='lat' dir='ltr'>Nicolao</span> <span class='ocrx_word' id='word_1_313' title='bbox 1172 2062 1209 2085; x_wconf 92' lang='lat'>111</span> <span class='ocrx_word' id='word_1_314' title='bbox 1233 2061 1259 2084; x_wconf 92' lang='lat' dir='ltr'>in</span> <span class='ocrx_word' id='word_1_315' title='bbox 1282 2061 1437 2093; x_wconf 88' lang='lat' dir='ltr'>episcopum</span> <span class='ocrx_word' id='word_1_316' title='bbox 1463 2061 1656 2086; x_wconf 76' lang='lat' dir='ltr'>Pictaviensem</span> <span class='ocrx_word' id='word_1_317' title='bbox 1675 2062 1773 2086; x_wconf 86' lang='lat' dir='ltr'>electus</span> <span class='ocrx_word' id='word_1_318' title='bbox 1795 2065 1844 2091; x_wconf 83' lang='lat' dir='ltr'>est,</span> <span class='ocrx_word' id='word_1_319' title='bbox 1869 2062 1926 2086; x_wconf 84' lang='lat' dir='ltr'>scil.</span> <span class='ocrx_word' id='word_1_320' title='bbox 1949 2062 1966 2094; x_wconf 92' lang='lat' dir='ltr'>ij</span> <span class='ocrx_word' id='word_1_321' title='bbox 1987 2070 2047 2086; x_wconf 88' lang='lat' dir='ltr'>non.</span> <span class='ocrx_word' id='word_1_322' title='bbox 2068 2063 2189 2087; x_wconf 83' lang='lat' dir='ltr'>Decemb.</span> <span class='ocrx_word' id='word_1_323' title='bbox 2213 2071 2255 2087; x_wconf 76' lang='lat' dir='ltr'>an.</span> <span class='ocrx_word' id='word_1_324' title='bbox 2281 2063 2395 2087; x_wconf 79' lang='lat' dir='ltr'>seeundo</span> 
     </span>
     <span class='ocr_line' id='line_1_27' title="bbox 520 2105 2394 2138; baseline 0.002 -10"><span class='ocrx_word' id='word_1_325' title='bbox 520 2106 663 2135; x_wconf 81' lang='lat' dir='ltr'>(Sbaralea,</span> <span class='ocrx_word' id='word_1_326' title='bbox 679 2106 697 2129; x_wconf 76' lang='lat' dir='ltr'>l.</span> <span class='ocrx_word' id='word_1_327' title='bbox 714 2114 746 2134; x_wconf 90' lang='lat' dir='ltr'>c.,</span> <span class='ocrx_word' id='word_1_328' title='bbox 763 2114 789 2137; x_wconf 87' lang='lat' dir='ltr'>p.</span> <span class='ocrx_word' id='word_1_329' title='bbox 805 2107 860 2134; x_wconf 75' lang='lat'>436,</span> <span class='ocrx_word' id='word_1_330' title='bbox 876 2110 905 2128; x_wconf 87' lang='lat' dir='ltr'>n⁰</span> <span class='ocrx_word' id='word_1_331' title='bbox 916 2106 970 2129; x_wconf 84' lang='lat'>138.</span> <span class='ocrx_word' id='word_1_332' title='bbox 982 2105 1105 2128; x_wconf 85' lang='lat' dir='ltr'>Nicolaus</span> <span class='ocrx_word' id='word_1_333' title='bbox 1118 2106 1178 2129; x_wconf 81' lang='lat' dir='ltr'>111a</span> <span class='ocrx_word' id='word_1_334' title='bbox 1193 2105 1234 2129; x_wconf 87' lang='lat' dir='ltr'>die</span> <span class='ocrx_word' id='word_1_335' title='bbox 1249 2106 1437 2135; x_wconf 79' lang='lat' dir='ltr'>coronationis,</span> <span class='ocrx_word' id='word_1_336' title='bbox 1447 2106 1516 2134; x_wconf 89' lang='lat'>1277,</span> <span class='ocrx_word' id='word_1_337' title='bbox 1531 2106 1591 2130; x_wconf 86' lang='lat' dir='ltr'>Dec.</span> <span class='ocrx_word' id='word_1_338' title='bbox 1607 2107 1656 2136; x_wconf 87' lang='grc'>26),</span> <span class='ocrx_word' id='word_1_339' title='bbox 1669 2109 1696 2129; x_wconf 85' lang='lat' dir='ltr'>ut</span> <span class='ocrx_word' id='word_1_340' title='bbox 1710 2106 1791 2138; x_wconf 85' lang='lat' dir='ltr'>vulgo</span> <span class='ocrx_word' id='word_1_341' title='bbox 1807 2106 1928 2130; x_wconf 78' lang='lat' dir='ltr'>solebant</span> <span class='ocrx_word' id='word_1_342' title='bbox 1942 2115 2010 2130; x_wconf 86' lang='lat' dir='ltr'>saec.</span> <span class='ocrx_word' id='word_1_343' title='bbox 2020 2107 2088 2136; x_wconf 86' lang='lat' dir='ltr'>XIII,</span> <span class='ocrx_word' id='word_1_344' title='bbox 2101 2115 2152 2130; x_wconf 93' lang='lat' dir='ltr'>non</span> <span class='ocrx_word' id='word_1_345' title='bbox 2163 2116 2179 2131; x_wconf 77' lang='lat' dir='ltr'>o.</span> <span class='ocrx_word' id='word_1_346' title='bbox 2193 2107 2235 2131; x_wconf 88' lang='lat' dir='ltr'>die</span> <span class='ocrx_word' id='word_1_347' title='bbox 2250 2107 2394 2136; x_wconf 65' lang='lat' dir='ltr'>electionis,</span> 
     </span>
     <span class='ocr_line' id='line_1_28' title="bbox 519 2150 2396 2183; baseline 0.002 -10"><span class='ocrx_word' id='word_1_348' title='bbox 519 2150 692 2178; x_wconf 65' lang='lat' dir='ltr'>Novemb..25,</span> <span class='ocrx_word' id='word_1_349' title='bbox 709 2159 791 2173; x_wconf 82' lang='lat' dir='ltr'>annos</span> <span class='ocrx_word' id='word_1_350' title='bbox 806 2150 975 2181; x_wconf 80' lang='lat' dir='ltr'>pontificatus</span> <span class='ocrx_word' id='word_1_351' title='bbox 991 2150 1163 2181; x_wconf 79' lang='lat' dir='ltr'>computavit,</span> <span class='ocrx_word' id='word_1_352' title='bbox 1181 2150 1250 2182; x_wconf 86' lang='lat' dir='ltr'>quod</span> <span class='ocrx_word' id='word_1_353' title='bbox 1262 2150 1329 2174; x_wconf 82' lang='lat' dir='ltr'>inter</span> <span class='ocrx_word' id='word_1_354' title='bbox 1343 2150 1396 2173; x_wconf 84' lang='lat' dir='ltr'>alia</span> <span class='ocrx_word' id='word_1_355' title='bbox 1411 2159 1442 2174; x_wconf 80' lang='lat' dir='ltr'>ex</span> <span class='ocrx_word' id='word_1_356' title='bbox 1456 2159 1524 2174; x_wconf 86' lang='lat' dir='ltr'>anno</span> <span class='ocrx_word' id='word_1_357' title='bbox 1538 2151 1626 2182; x_wconf 86' lang='lat' dir='ltr'>primo</span> <span class='ocrx_word' id='word_1_358' title='bbox 1639 2151 1812 2182; x_wconf 82' lang='lat' dir='ltr'>Regestorum</span> <span class='ocrx_word' id='word_1_359' title='bbox 1823 2151 1880 2174; x_wconf 87' lang='lat' dir='ltr'>Vat.</span> <span class='ocrx_word' id='word_1_360' title='bbox 1892 2151 1925 2174; x_wconf 78' lang='lat' dir='ltr'>n¹⁸</span> <span class='ocrx_word' id='word_1_361' title='bbox 1940 2152 1970 2174; x_wconf 87' lang='grc'>39</span> <span class='ocrx_word' id='word_1_362' title='bbox 1980 2154 2005 2175; x_wconf 83' lang='lat' dir='ltr'>et</span> <span class='ocrx_word' id='word_1_363' title='bbox 2019 2153 2050 2175; x_wconf 89' lang='grc'>40</span> <span class='ocrx_word' id='word_1_364' title='bbox 2062 2152 2190 2183; x_wconf 80' lang='lat' dir='ltr'>apparet).</span> <span class='ocrx_word' id='word_1_365' title='bbox 2201 2151 2266 2175; x_wconf 84' lang='lat' dir='ltr'>Vide</span> <span class='ocrx_word' id='word_1_366' title='bbox 2275 2152 2307 2176; x_wconf 89' lang='lat' dir='ltr'>de</span> <span class='ocrx_word' id='word_1_367' title='bbox 2317 2151 2396 2176; x_wconf 73' lang='lat' dir='ltr'>Gnat-</span> 
     </span>
     <span class='ocr_line' id='line_1_29' title="bbox 519 2194 2395 2229; baseline 0.002 -12"><span class='ocrx_word' id='word_1_368' title='bbox 519 2194 567 2217; x_wconf 87' lang='lat' dir='ltr'>teri</span> <span class='ocrx_word' id='word_1_369' title='bbox 587 2194 641 2218; x_wconf 82' lang='lat' dir='ltr'>vita</span> <span class='ocrx_word' id='word_1_370' title='bbox 659 2195 766 2226; x_wconf 86' lang='lat' dir='ltr'>ejusque</span> <span class='ocrx_word' id='word_1_371' title='bbox 787 2194 894 2226; x_wconf 87' lang='lat' dir='ltr'>scriptis</span> <span class='ocrx_word' id='word_1_372' title='bbox 917 2195 1039 2218; x_wconf 76' lang='lat' dir='ltr'>Haureau</span> <span class='ocrx_word' id='word_1_373' title='bbox 1064 2194 1090 2217; x_wconf 91' lang='lat' dir='ltr'>in</span> <span class='ocrx_word' id='word_1_374' title='bbox 1105 2195 1178 2218; x_wconf 85' lang='lat' dir='ltr'>Hist.</span> <span class='ocrx_word' id='word_1_375' title='bbox 1195 2195 1247 2219; x_wconf 74' lang='lat' dir='ltr'>litt.</span> <span class='ocrx_word' id='word_1_376' title='bbox 1265 2196 1297 2219; x_wconf 78' lang='lat' dir='ltr'>de</span> <span class='ocrx_word' id='word_1_377' title='bbox 1319 2195 1348 2219; x_wconf 86' lang='lat' dir='ltr'>la</span> <span class='ocrx_word' id='word_1_378' title='bbox 1363 2195 1482 2225; x_wconf 77' lang='lat' dir='ltr'>France,</span> <span class='ocrx_word' id='word_1_379' title='bbox 1498 2195 1572 2223; x_wconf 86' lang='lat' dir='ltr'>XXV,</span> <span class='ocrx_word' id='word_1_380' title='bbox 1596 2196 1641 2219; x_wconf 80' lang='lat'>296</span> <span class='ocrx_word' id='word_1_381' title='bbox 1657 2204 1715 2228; x_wconf 86' lang='lat' dir='ltr'>sqq.</span> <span class='ocrx_word' id='word_1_382' title='bbox 1736 2196 1786 2219; x_wconf 88' lang='lat' dir='ltr'>Sed</span> <span class='ocrx_word' id='word_1_383' title='bbox 1803 2196 1924 2220; x_wconf 80' lang='lat' dir='ltr'>Summa</span> <span class='ocrx_word' id='word_1_384' title='bbox 1944 2196 2009 2220; x_wconf 87' lang='lat' dir='ltr'>ibid.</span> <span class='ocrx_word' id='word_1_385' title='bbox 2025 2205 2051 2227; x_wconf 86' lang='lat' dir='ltr'>p.</span> <span class='ocrx_word' id='word_1_386' title='bbox 2069 2197 2112 2220; x_wconf 88' lang='grc'>311</span> <span class='ocrx_word' id='word_1_387' title='bbox 2129 2196 2254 2220; x_wconf 75' lang='lat' dir='ltr'>Guultero</span> <span class='ocrx_word' id='word_1_388' title='bbox 2278 2196 2395 2229; x_wconf 73' lang='lat' dir='ltr'>ascripta</span> 
     </span>
     <span class='ocr_line' id='line_1_30' title="bbox 520 2239 2392 2272; baseline 0.001 -10"><span class='ocrx_word' id='word_1_389' title='bbox 520 2239 552 2262; x_wconf 87' lang='lat' dir='ltr'>ad</span> <span class='ocrx_word' id='word_1_390' title='bbox 575 2239 732 2270; x_wconf 79' lang='lat' dir='ltr'>magistrum</span> <span class='ocrx_word' id='word_1_391' title='bbox 754 2239 912 2263; x_wconf 71' lang='lat' dir='ltr'>Gaufridum</span> <span class='ocrx_word' id='word_1_392' title='bbox 926 2239 1118 2262; x_wconf 77' lang='lat' dir='ltr'>Pictaviensem</span> <span class='ocrx_word' id='word_1_393' title='bbox 1133 2239 1171 2270; x_wconf 86' lang='lat' dir='ltr'>(ut</span> <span class='ocrx_word' id='word_1_394' title='bbox 1190 2242 1215 2262; x_wconf 85' lang='lat' dir='ltr'>et</span> <span class='ocrx_word' id='word_1_395' title='bbox 1234 2239 1260 2262; x_wconf 91' lang='lat' dir='ltr'>in</span> <span class='ocrx_word' id='word_1_396' title='bbox 1282 2240 1339 2262; x_wconf 87' lang='lat' dir='ltr'>eod.</span> <span class='ocrx_word' id='word_1_397' title='bbox 1356 2239 1439 2263; x_wconf 86' lang='lat' dir='ltr'>Paris.</span> <span class='ocrx_word' id='word_1_398' title='bbox 1457 2240 1533 2263; x_wconf 84' lang='grc'>15747</span> <span class='ocrx_word' id='word_1_399' title='bbox 1554 2239 1669 2271; x_wconf 82' lang='lat' dir='ltr'>dicitur),</span> <span class='ocrx_word' id='word_1_400' title='bbox 1691 2241 1829 2272; x_wconf 83' lang='lat' dir='ltr'>aequalem</span> <span class='ocrx_word' id='word_1_401' title='bbox 1849 2240 1983 2264; x_wconf 88' lang='lat' dir='ltr'>Guillelmi</span> <span class='ocrx_word' id='word_1_402' title='bbox 2004 2240 2251 2270; x_wconf 74' lang='lat' dir='ltr'>Autissiodorensis,</span> <span class='ocrx_word' id='word_1_403' title='bbox 2270 2239 2392 2272; x_wconf 68' lang='lat' dir='ltr'>pertinet.</span> 
     </span>
     <span class='ocr_line' id='line_1_31' title="bbox 520 2283 2394 2317; baseline 0.002 -11"><span class='ocrx_word' id='word_1_404' title='bbox 520 2283 583 2306; x_wconf 83' lang='lat' dir='ltr'>Vide</span> <span class='ocrx_word' id='word_1_405' title='bbox 598 2292 679 2315; x_wconf 85' lang='lat' dir='ltr'>supra</span> <span class='ocrx_word' id='word_1_406' title='bbox 694 2288 723 2306; x_wconf 89' lang='lat' dir='ltr'>n0</span> <span class='ocrx_word' id='word_1_407' title='bbox 736 2285 776 2312; x_wconf 83' lang='lat'>90,</span> <span class='ocrx_word' id='word_1_408' title='bbox 792 2287 854 2307; x_wconf 76' lang='lat' dir='ltr'>nota</span> <span class='ocrx_word' id='word_1_409' title='bbox 869 2284 893 2307; x_wconf 90' lang='lat'>1.</span> <span class='ocrx_word' id='word_1_410' title='bbox 904 2284 1033 2315; x_wconf 85' lang='lat' dir='ltr'>Tempore</span> <span class='ocrx_word' id='word_1_411' title='bbox 1049 2283 1168 2307; x_wconf 81' lang='lat' dir='ltr'>Gualteri</span> <span class='ocrx_word' id='word_1_412' title='bbox 1183 2284 1321 2308; x_wconf 83' lang='lat' dir='ltr'>Summae</span> <span class='ocrx_word' id='word_1_413' title='bbox 1336 2283 1507 2315; x_wconf 67' lang='lat' dir='ltr'>theologicae</span> <span class='ocrx_word' id='word_1_414' title='bbox 1521 2284 1573 2307; x_wconf 89' lang='lat' dir='ltr'>alio</span> <span class='ocrx_word' id='word_1_415' title='bbox 1589 2284 1650 2308; x_wconf 81' lang='lat' dir='ltr'>stilo</span> <span class='ocrx_word' id='word_1_416' title='bbox 1670 2284 1774 2316; x_wconf 82' lang='lat' dir='ltr'>alioque</span> <span class='ocrx_word' id='word_1_417' title='bbox 1790 2285 1897 2316; x_wconf 83' lang='lat' dir='ltr'>ingenio</span> <span class='ocrx_word' id='word_1_418' title='bbox 1913 2288 1990 2316; x_wconf 87' lang='lat' dir='ltr'>atque</span> <span class='ocrx_word' id='word_1_419' title='bbox 2005 2285 2141 2316; x_wconf 78' lang='lat' dir='ltr'>praedicta</span> <span class='ocrx_word' id='word_1_420' title='bbox 2160 2285 2394 2317; x_wconf 66' lang='lat' dir='ltr'>componebantur.</span> 
     </span>
     <span class='ocr_line' id='line_1_32' title="bbox 518 2328 2393 2362; baseline 0.001 -12"><span class='ocrx_word' id='word_1_421' title='bbox 518 2341 548 2345; x_wconf 93' lang='lat'>—</span> <span class='ocrx_word' id='word_1_422' title='bbox 563 2329 584 2351; x_wconf 80' lang='lat'>2.</span> <span class='ocrx_word' id='word_1_423' title='bbox 602 2328 771 2359; x_wconf 83' lang='lat' dir='ltr'>Bonagratia.</span> <span class='ocrx_word' id='word_1_424' title='bbox 785 2342 816 2346; x_wconf 82' lang='lat'>--</span> <span class='ocrx_word' id='word_1_425' title='bbox 833 2330 855 2351; x_wconf 88' lang='grc'>3.</span> <span class='ocrx_word' id='word_1_426' title='bbox 873 2328 952 2351; x_wconf 87' lang='lat' dir='ltr'>Sedes</span> <span class='ocrx_word' id='word_1_427' title='bbox 968 2328 1140 2351; x_wconf 83' lang='lat' dir='ltr'>Pictaviensis</span> <span class='ocrx_word' id='word_1_428' title='bbox 1156 2328 1189 2351; x_wconf 81' lang='lat' dir='ltr'>ab</span> <span class='ocrx_word' id='word_1_429' title='bbox 1205 2336 1248 2352; x_wconf 83' lang='lat' dir='ltr'>an.</span> <span class='ocrx_word' id='word_1_430' title='bbox 1264 2328 1323 2352; x_wconf 79' lang='lat'>1271</span> <span class='ocrx_word' id='word_1_431' title='bbox 1340 2328 1462 2352; x_wconf 77' lang='lat' dir='ltr'>vacabat.</span> <span class='ocrx_word' id='word_1_432' title='bbox 1475 2342 1508 2346; x_wconf 98' lang='lat'><strong>—</strong></span> <span class='ocrx_word' id='word_1_433' title='bbox 1520 2329 1544 2352; x_wconf 89' lang='grc'>4.</span> <span class='ocrx_word' id='word_1_434' title='bbox 1562 2329 1668 2352; x_wconf 86' lang='lat' dir='ltr'>Scilicet</span> <span class='ocrx_word' id='word_1_435' title='bbox 1687 2329 1714 2352; x_wconf 89' lang='lat' dir='ltr'>in</span> <span class='ocrx_word' id='word_1_436' title='bbox 1729 2329 1807 2352; x_wconf 86' lang='lat' dir='ltr'>Bulla</span> <span class='ocrx_word' id='word_1_437' title='bbox 1821 2329 1901 2354; x_wconf 75' lang='lat' dir='ltr'>Exiit</span> <span class='ocrx_word' id='word_1_438' title='bbox 1915 2329 1968 2360; x_wconf 76' lang='lat' dir='ltr'>qui</span> <span class='ocrx_word' id='word_1_439' title='bbox 1981 2330 2111 2359; x_wconf 75' lang='lat' dir='ltr'>seminat,</span> <span class='ocrx_word' id='word_1_440' title='bbox 2128 2338 2171 2354; x_wconf 80' lang='lat' dir='ltr'>an.</span> <span class='ocrx_word' id='word_1_441' title='bbox 2186 2330 2256 2359; x_wconf 81' lang='grc'>1279,</span> <span class='ocrx_word' id='word_1_442' title='bbox 2272 2330 2339 2362; x_wconf 71' lang='lat' dir='ltr'>Aug.</span> <span class='ocrx_word' id='word_1_443' title='bbox 2355 2329 2393 2353; x_wconf 75' lang='lat'>1¹1.</span> 
     </span>
     <span class='ocr_line' id='line_1_33' title="bbox 519 2372 2395 2406; baseline 0.002 -11"><span class='ocrx_word' id='word_1_444' title='bbox 519 2372 652 2400; x_wconf 81' lang='lat' dir='ltr'>Sbaralca,</span> <span class='ocrx_word' id='word_1_445' title='bbox 665 2373 682 2396; x_wconf 90' lang='lat' dir='ltr'>l.</span> <span class='ocrx_word' id='word_1_446' title='bbox 699 2381 731 2401; x_wconf 86' lang='lat' dir='ltr'>c.,</span> <span class='ocrx_word' id='word_1_447' title='bbox 747 2381 773 2403; x_wconf 88' lang='lat' dir='ltr'>p.</span> <span class='ocrx_word' id='word_1_448' title='bbox 789 2374 844 2401; x_wconf 82' lang='grc'>404,</span> <span class='ocrx_word' id='word_1_449' title='bbox 860 2377 889 2395; x_wconf 79' lang='lat'>11⁰</span> <span class='ocrx_word' id='word_1_450' title='bbox 905 2373 959 2397; x_wconf 86' lang='lat'>127.</span> <span class='ocrx_word' id='word_1_451' title='bbox 974 2386 1004 2390; x_wconf 92' lang='lat'><strong>—</strong></span> <span class='ocrx_word' id='word_1_452' title='bbox 1015 2375 1038 2396; x_wconf 84' lang='lat'>5.</span> <span class='ocrx_word' id='word_1_453' title='bbox 1055 2372 1170 2396; x_wconf 81' lang='lat' dir='ltr'>Johanni</span> <span class='ocrx_word' id='word_1_454' title='bbox 1185 2373 1216 2396; x_wconf 89' lang='lat' dir='ltr'>de</span> <span class='ocrx_word' id='word_1_455' title='bbox 1232 2372 1352 2396; x_wconf 78' lang='lat' dir='ltr'>Chanlai.</span> <span class='ocrx_word' id='word_1_456' title='bbox 1365 2373 1451 2404; x_wconf 84' lang='lat' dir='ltr'>Supra</span> <span class='ocrx_word' id='word_1_457' title='bbox 1466 2378 1496 2396; x_wconf 83' lang='lat' dir='ltr'>n⁰</span> <span class='ocrx_word' id='word_1_458' title='bbox 1509 2374 1564 2402; x_wconf 83' lang='grc'>416,</span> <span class='ocrx_word' id='word_1_459' title='bbox 1580 2382 1606 2398; x_wconf 91' lang='lat' dir='ltr'>n.</span> <span class='ocrx_word' id='word_1_460' title='bbox 1622 2375 1646 2398; x_wconf 78' lang='lat'>9.</span> <span class='ocrx_word' id='word_1_461' title='bbox 1659 2387 1691 2391; x_wconf 90' lang='grc'>--</span> <span class='ocrx_word' id='word_1_462' title='bbox 1704 2375 1729 2397; x_wconf 85' lang='grc'>6.</span> <span class='ocrx_word' id='word_1_463' title='bbox 1744 2373 1891 2398; x_wconf 81' lang='lat' dir='ltr'>Raimundo</span> <span class='ocrx_word' id='word_1_464' title='bbox 1907 2373 2095 2403; x_wconf 79' lang='lat' dir='ltr'>d&#39;Auberoche,</span> <span class='ocrx_word' id='word_1_465' title='bbox 2109 2374 2154 2406; x_wconf 92' lang='lat' dir='ltr'>qui</span> <span class='ocrx_word' id='word_1_466' title='bbox 2168 2377 2230 2406; x_wconf 80' lang='lat' dir='ltr'>post</span> <span class='ocrx_word' id='word_1_467' title='bbox 2243 2373 2395 2398; x_wconf 69' lang='lat' dir='ltr'>translatio-</span> 
     </span>
     <span class='ocr_line' id='line_1_34' title="bbox 520 2416 2392 2450; baseline 0.002 -11"><span class='ocrx_word' id='word_1_468' title='bbox 520 2424 577 2439; x_wconf 85' lang='lat' dir='ltr'>nem</span> <span class='ocrx_word' id='word_1_469' title='bbox 592 2416 664 2439; x_wconf 85' lang='lat' dir='ltr'>Eliae</span> <span class='ocrx_word' id='word_1_470' title='bbox 679 2417 711 2439; x_wconf 80' lang='lat' dir='ltr'>ad</span> <span class='ocrx_word' id='word_1_471' title='bbox 725 2417 812 2440; x_wconf 83' lang='lat' dir='ltr'>sedem</span> <span class='ocrx_word' id='word_1_472' title='bbox 827 2417 1033 2448; x_wconf 77' lang='lat' dir='ltr'>patriarchalem</span> <span class='ocrx_word' id='word_1_473' title='bbox 1049 2416 1315 2448; x_wconf 82' lang='lat' dir='ltr'>Hierosolymitanam</span> <span class='ocrx_word' id='word_1_474' title='bbox 1330 2425 1372 2440; x_wconf 91' lang='lat' dir='ltr'>an.</span> <span class='ocrx_word' id='word_1_475' title='bbox 1385 2418 1455 2445; x_wconf 86' lang='grc'>1279,</span> <span class='ocrx_word' id='word_1_476' title='bbox 1467 2418 1529 2441; x_wconf 88' lang='lat' dir='ltr'>Jun.</span> <span class='ocrx_word' id='word_1_477' title='bbox 1544 2419 1567 2446; x_wconf 90' lang='lat'>7,</span> <span class='ocrx_word' id='word_1_478' title='bbox 1584 2426 1599 2441; x_wconf 78' lang='lat' dir='ltr'>a</span> <span class='ocrx_word' id='word_1_479' title='bbox 1614 2418 1722 2442; x_wconf 82' lang='lat' dir='ltr'>Nicolao</span> <span class='ocrx_word' id='word_1_480' title='bbox 1734 2419 1771 2442; x_wconf 92' lang='lat' dir='ltr'>III</span> <span class='ocrx_word' id='word_1_481' title='bbox 1786 2418 1883 2442; x_wconf 82' lang='lat' dir='ltr'>electus</span> <span class='ocrx_word' id='word_1_482' title='bbox 1899 2421 1939 2442; x_wconf 81' lang='lat' dir='ltr'>est</span> <span class='ocrx_word' id='word_1_483' title='bbox 1952 2418 1979 2441; x_wconf 91' lang='lat' dir='ltr'>in</span> <span class='ocrx_word' id='word_1_484' title='bbox 1994 2418 2147 2450; x_wconf 85' lang='lat' dir='ltr'>episcopum</span> <span class='ocrx_word' id='word_1_485' title='bbox 2160 2418 2392 2442; x_wconf 72' lang='lat' dir='ltr'>Petrocorieunem.</span> 
     </span>
     <span class='ocr_line' id='line_1_35' title="bbox 520 2460 1972 2495; baseline 0.002 -12"><span class='ocrx_word' id='word_1_486' title='bbox 520 2461 580 2490; x_wconf 82' lang='lat' dir='ltr'>Reg.</span> <span class='ocrx_word' id='word_1_487' title='bbox 594 2461 650 2484; x_wconf 88' lang='lat' dir='ltr'>Vat.</span> <span class='ocrx_word' id='word_1_488' title='bbox 662 2460 762 2484; x_wconf 83' lang='lat' dir='ltr'>Nicolai</span> <span class='ocrx_word' id='word_1_489' title='bbox 776 2461 813 2484; x_wconf 92' lang='lat'>111</span> <span class='ocrx_word' id='word_1_490' title='bbox 826 2461 864 2492; x_wconf 81' lang='lat' dir='ltr'>(n0</span> <span class='ocrx_word' id='word_1_491' title='bbox 877 2461 924 2492; x_wconf 81' lang='lat'>39),</span> <span class='ocrx_word' id='word_1_492' title='bbox 942 2470 984 2485; x_wconf 85' lang='lat' dir='ltr'>an.</span> <span class='ocrx_word' id='word_1_493' title='bbox 998 2462 1021 2490; x_wconf 84' lang='lat'>2,</span> <span class='ocrx_word' id='word_1_494' title='bbox 1038 2470 1078 2493; x_wconf 87' lang='lat' dir='ltr'>ep.</span> <span class='ocrx_word' id='word_1_495' title='bbox 1096 2462 1150 2485; x_wconf 85' lang='grc'>121.</span> <span class='ocrx_word' id='word_1_496' title='bbox 1167 2461 1207 2485; x_wconf 90' lang='lat' dir='ltr'>Cf.</span> <span class='ocrx_word' id='word_1_497' title='bbox 1223 2470 1264 2493; x_wconf 92' lang='lat' dir='ltr'>ep.</span> <span class='ocrx_word' id='word_1_498' title='bbox 1282 2462 1336 2486; x_wconf 79' lang='lat'>182.</span> <span class='ocrx_word' id='word_1_499' title='bbox 1353 2462 1532 2494; x_wconf 81' lang='lat' dir='ltr'>Corrigendus</span> <span class='ocrx_word' id='word_1_500' title='bbox 1548 2462 1637 2491; x_wconf 83' lang='lat' dir='ltr'>Gums,</span> <span class='ocrx_word' id='word_1_501' title='bbox 1656 2463 1750 2487; x_wconf 80' lang='lat' dir='ltr'>Series</span> <span class='ocrx_word' id='word_1_502' title='bbox 1765 2462 1856 2493; x_wconf 76' lang='lat' dir='ltr'>episc.,</span> <span class='ocrx_word' id='word_1_503' title='bbox 1873 2472 1899 2495; x_wconf 87' lang='lat' dir='ltr'>p.</span> <span class='ocrx_word' id='word_1_504' title='bbox 1917 2463 1972 2487; x_wconf 82' lang='lat'>598.</span> 
     </span>
    </p>
   </div>
   <div class='ocr_carea' id='block_1_6' title="bbox 519 2633 1817 2683">
    <p class='ocr_par' dir='ltr' id='par_1_7' title="bbox 519 2633 1817 2683">
     <span class='ocr_line' id='line_1_36' title="bbox 519 2633 1817 2683; baseline 0.004 -14"><span class='ocrx_word' id='word_1_505' title='bbox 519 2633 631 2670; x_wconf 80' lang='grc'>499.</span> <span class='ocrx_word' id='word_1_506' title='bbox 659 2643 859 2670; x_wconf 78' lang='lat' dir='ltr'>Ordinationes</span> <span class='ocrx_word' id='word_1_507' title='bbox 871 2654 924 2680; x_wconf 78' lang='lat' dir='ltr'>pro</span> <span class='ocrx_word' id='word_1_508' title='bbox 941 2645 1060 2680; x_wconf 76' lang='lat' dir='ltr'>collegio</span> <span class='ocrx_word' id='word_1_509' title='bbox 1078 2646 1222 2672; x_wconf 80' lang='lat' dir='ltr'>Guillelmi</span> <span class='ocrx_word' id='word_1_510' title='bbox 1237 2646 1273 2672; x_wconf 82' lang='lat' dir='ltr'>de</span> <span class='ocrx_word' id='word_1_511' title='bbox 1289 2648 1389 2672; x_wconf 84' lang='lat' dir='ltr'>Saana</span> <span class='ocrx_word' id='word_1_512' title='bbox 1405 2647 1443 2672; x_wconf 86' lang='lat' dir='ltr'>ab</span> <span class='ocrx_word' id='word_1_513' title='bbox 1459 2647 1521 2683; x_wconf 85' lang='lat' dir='ltr'>ipso</span> <span class='ocrx_word' id='word_1_514' title='bbox 1536 2647 1694 2681; x_wconf 82' lang='lat' dir='ltr'>fundatore</span> <span class='ocrx_word' id='word_1_515' title='bbox 1708 2649 1817 2682; x_wconf 80' lang='lat' dir='ltr'>factae.</span> 
     </span>
    </p>
   </div>
   <div class='ocr_carea' id='block_1_7' title="bbox 1799 2743 2050 2776">
    <p class='ocr_par' dir='ltr' id='par_1_8' title="bbox 1799 2743 2050 2776">
     <span class='ocr_line' id='line_1_37' title="bbox 1799 2743 2050 2776; baseline 0.004 -7"><span class='ocrx_word' id='word_1_516' title='bbox 1799 2744 1877 2773; x_wconf 82' lang='grc'>1280,</span> <span class='ocrx_word' id='word_1_517' title='bbox 1892 2743 2001 2776; x_wconf 67' lang='lat' dir='ltr'>Augusti</span> <span class='ocrx_word' id='word_1_518' title='bbox 2011 2744 2050 2770; x_wconf 80' lang='lat'>18.</span> 
     </span>
    </p>
   </div>
   <div class='ocr_carea' id='block_1_8' title="bbox 521 2812 2391 2923">
    <p class='ocr_par' dir='ltr' id='par_1_9' title="bbox 521 2812 2391 2923">
     <span class='ocr_line' id='line_1_38' title="bbox 610 2812 2391 2863; baseline 0.003 -19"><span class='ocrx_word' id='word_1_519' title='bbox 610 2812 789 2845; x_wconf 91' lang='lat' dir='ltr'>Omnibus</span> <span class='ocrx_word' id='word_1_520' title='bbox 818 2812 883 2846; x_wconf 84' lang='lat' dir='ltr'>hec</span> <span class='ocrx_word' id='word_1_521' title='bbox 910 2814 1045 2847; x_wconf 89' lang='lat' dir='ltr'>visuris</span> <span class='ocrx_word' id='word_1_522' title='bbox 1073 2815 1299 2849; x_wconf 88' lang='lat' dir='ltr'>Guillermus</span> <span class='ocrx_word' id='word_1_523' title='bbox 1332 2816 1376 2849; x_wconf 93' lang='lat' dir='ltr'>de</span> <span class='ocrx_word' id='word_1_524' title='bbox 1408 2818 1521 2851; x_wconf 89' lang='lat' dir='ltr'>Saana</span> <span class='ocrx_word' id='word_1_525' title='bbox 1553 2817 1802 2851; x_wconf 88' lang='lat' dir='ltr'>thesaurarius</span> <span class='ocrx_word' id='word_1_526' title='bbox 1834 2817 2139 2863; x_wconf 88' lang='lat' dir='ltr'>Rothomagensis</span> <span class='ocrx_word' id='word_1_527' title='bbox 2171 2817 2324 2851; x_wconf 86' lang='lat' dir='ltr'>salutem</span> <span class='ocrx_word' id='word_1_528' title='bbox 2353 2817 2391 2851; x_wconf 90' lang='lat' dir='ltr'>in</span> 
     </span>
     <span class='ocr_line' id='line_1_39' title="bbox 521 2877 2390 2923; baseline 0.003 -13"><span class='ocrx_word' id='word_1_529' title='bbox 521 2877 688 2911; x_wconf 88' lang='lat' dir='ltr'>Domino.</span> <span class='ocrx_word' id='word_1_530' title='bbox 711 2879 892 2912; x_wconf 89' lang='lat' dir='ltr'>Noveritis</span> <span class='ocrx_word' id='word_1_531' title='bbox 917 2891 984 2913; x_wconf 91' lang='lat' dir='ltr'>nos</span> <span class='ocrx_word' id='word_1_532' title='bbox 1010 2881 1204 2914; x_wconf 86' lang='lat' dir='ltr'>scolarium</span> <span class='ocrx_word' id='word_1_533' title='bbox 1230 2889 1438 2916; x_wconf 84' lang='lat' dir='ltr'>nostrorum</span> <span class='ocrx_word' id='word_1_534' title='bbox 1459 2883 1621 2917; x_wconf 89' lang='lat' dir='ltr'>Parisius</span> <span class='ocrx_word' id='word_1_535' title='bbox 1641 2883 1865 2917; x_wconf 86' lang='lat' dir='ltr'>studentium</span> <span class='ocrx_word' id='word_1_536' title='bbox 1885 2883 2051 2917; x_wconf 85' lang='lat' dir='ltr'>ordinem</span> <span class='ocrx_word' id='word_1_537' title='bbox 2075 2883 2208 2917; x_wconf 86' lang='lat' dir='ltr'>fecisse</span> <span class='ocrx_word' id='word_1_538' title='bbox 2233 2883 2271 2917; x_wconf 89' lang='lat' dir='ltr'>in</span> <span class='ocrx_word' id='word_1_539' title='bbox 2294 2883 2390 2923; x_wconf 87' lang='lat' dir='ltr'>hunc</span> 
     </span>
    </p>
   </div>
   <div class='ocr_carea' id='block_1_9' title="bbox 521 2944 2390 2995">
    <p class='ocr_par' dir='ltr' id='par_1_10' title="bbox 521 2944 2390 2995">
     <span class='ocr_line' id='line_1_40' title="bbox 521 2944 2390 2995; baseline 0.004 -19"><span class='ocrx_word' id='word_1_540' title='bbox 521 2944 665 2977; x_wconf 84' lang='lat' dir='ltr'>modum</span> <span class='ocrx_word' id='word_1_541' title='bbox 694 2945 755 2990; x_wconf 91' lang='lat' dir='ltr'>qui</span> <span class='ocrx_word' id='word_1_542' title='bbox 783 2945 959 2990; x_wconf 84' lang='lat' dir='ltr'>sequitur.</span> <span class='ocrx_word' id='word_1_543' title='bbox 987 2946 1106 2980; x_wconf 91' lang='lat' dir='ltr'>Primo</span> <span class='ocrx_word' id='word_1_544' title='bbox 1131 2948 1299 2982; x_wconf 87' lang='lat' dir='ltr'>volumus</span> <span class='ocrx_word' id='word_1_545' title='bbox 1325 2949 1424 2994; x_wconf 92' lang='lat' dir='ltr'>quod</span> <span class='ocrx_word' id='word_1_546' title='bbox 1448 2950 1473 2982; x_wconf 93' lang='lat' dir='ltr'>ii</span> <span class='ocrx_word' id='word_1_547' title='bbox 1499 2950 1561 2995; x_wconf 92' lang='lat' dir='ltr'>qui</span> <span class='ocrx_word' id='word_1_548' title='bbox 1587 2949 1717 2983; x_wconf 88' lang='lat' dir='ltr'>bursas</span> <span class='ocrx_word' id='word_1_549' title='bbox 1742 2949 1940 2992; x_wconf 90' lang='lat' dir='ltr'>habebunt,</span> <span class='ocrx_word' id='word_1_550' title='bbox 1968 2962 2012 2983; x_wconf 89' lang='lat' dir='ltr'>ex</span> <span class='ocrx_word' id='word_1_551' title='bbox 2035 2956 2111 2983; x_wconf 90' lang='lat' dir='ltr'>toto</span> <span class='ocrx_word' id='word_1_552' title='bbox 2135 2956 2264 2983; x_wconf 90' lang='lat' dir='ltr'>vacent</span> <span class='ocrx_word' id='word_1_553' title='bbox 2288 2949 2390 2983; x_wconf 87' lang='lat' dir='ltr'>theo-</span> 
     </span>
    </p>
   </div>
  </div>
 </body>
</html>
