2580 3528
458 372 517 403 156
1032 382 1353 404 cnmerLmuuM
1389 383 1579 404 UNivssns.
1617 383 1745 405 rmus.
2233 374 2332 414 [1234

454 455 595 499 Adjecit
625 456 775 500 insuper
802 456 962 488 decanus
986 456 1095 497 idem7
1119 456 1215 501 quod
1239 456 1331 489 duos
1353 456 1517 501 judicum
1540 457 1702 502 ipsorum
1725 456 1877 490 habebat
1899 470 1939 490 ea
1961 458 2098 490 ratione
2125 464 2330 502 suspectos,

454 522 567 566 quod,
593 534 673 554 cum
703 522 929 555 Parisienses
957 522 1118 555 scolares
1146 523 1355 564 existerent,
1386 523 1524 556 ratione
1547 523 1818 568 jurisdictionis
1848 524 2030 556 ordinarie
2061 536 2166 569 quam
2193 523 2329 557 obtinet

457 589 491 620 in
526 589 665 621 eisdem
696 588 851 633 subjecti
887 596 986 622 erant
1022 589 1238 622 cancellario
1274 596 1485 630 memorat02
1521 589 1611 622 alter
1645 602 1798 635 quorum
1834 591 1939 623 etiam
1976 590 2092 635 ipsius
2125 590 2329 624 cancellarii

455 655 607 688 scolaris
629 655 763 693 existit,
795 655 960 701 reliquus
987 668 1074 689 vero
1096 663 1218 701 preter
1245 656 1326 696 hoc..
1354 656 1451 701 quod
1481 656 1654 701 magistro
1679 657 1786 689 Petro
1808 656 1852 689 de
1878 658 1969 702 Papa
1991 664 2045 690 est
2066 658 2156 690 adeo
2182 657 2332 690 familia-

453 722 557 755 ritate
579 723 809 767 conjunctus,
832 723 928 767 quod
950 723 1080 756 merito
1102 729 1228 767 possetv
1248 734 1329 756 esse
1358 729 1552 767 suspectus
1578 722 1710 763 eidem,
1732 722 1868 756 finibus
1887 723 2024 768 judicis
2045 736 2117 757 non
2138 730 2332 757 contentus

454 789 628 822 advocato
656 789 773 834 ipsius
803 789 940 822 decano
971 789 1016 821 de
1047 801 1118 833 quo
1149 789 1180 821 si
1211 801 1285 821 non
1314 788 1465 821 haberet
1493 789 1687 834 providere
1718 788 1870 822 deberet
1898 790 2030 831 eidem,
2061 790 2157 835 quod
2189 790 2221 823 ei
2249 802 2330 823 cum

455 862 597 901 tempus
625 856 772 889 adesset
798 863 948 889 noceret
975 856 1094 888 modis
1125 855 1295 888 omnibus
1325 855 1459 900 quibus
1489 862 1615 901 posset
1643 862 1699 889 est
1729 855 1873 901 publice
1902 857 2154 898 comminatus,
2184 863 2332 902 propter

455 923 553 966 quod
579 923 657 967 ipse
683 923 843 955 decanus
864 922 1028 966 judicum
1056 922 1268 954 eorumdem
1294 928 1462 967 tanquam
1489 921 1559 955 sibi
1581 922 1710 955 merito
1735 929 1989 968 suspectorum
2011 935 2160 956 examen
2180 923 2332 968 cupiens

455 989 651 1030 declinare,
683 989 854 1027 arl›it1·0s‚
886 1001 1004 1022 coram
1037 988 1171 1033 quibus
1202 989 1444 1021 recusationis
1474 1001 1602 1022 causas
1632 988 1786 1034 probare
1813 989 1961 1030 valeret7
1990 989 2034 1022 ab
2060 990 2113 1023 eis
2140 989 2242 1035 petiit
2261 989 2331 1023 sibi

453 1056 543 1096 dari,
570 1068 662 1100 quos
694 1056 775 1100 quia
808 1056 915 1088 iidem
944 1056 975 1088 ei
1007 1056 1210 1088 concedere
1241 1055 1452 1097 noluerunt,
1483 1056 1562 1101 ipse
1588 1068 1627 1089 se
1653 1056 1816 1089 sentiens
1842 1056 1977 1101 injuste
2004 1057 2145 1102 gravari
2171 1063 2330 1090 nostram

452 1123 671 1155 audientiam
694 1122 899 1167 appellavit.
924 1122 995 1155 Sed
1016 1123 1102 1155 dicti
1119 1122 1265 1167 judices
1286 1122 1447 1168 legitima
1468 1123 1548 1168 ejus
1569 1122 1811 1168 appellatione
1828 1129 2032 1168 contempta
2053 1123 2090 1156 in
2111 1123 2229 1168 ipsum
2250 1130 2333 1169 post

452 1190 519 1222 iter
539 1196 720 1234 arreptum
743 1190 786 1222 ad
813 1190 938 1221 sedcm
962 1189 1198 1234 apostolicam
1219 1189 1404 1231 veniendi,
1427 1196 1535 1234 prout
1559 1190 1626 1222 fuit
1651 1189 1895 1234 significatum
1921 1189 2053 1230 eidem,
2075 1190 2331 1235 suspensionis

452 1257 668 1289 sententiam
691 1256 734 1288 ab
757 1256 875 1288 officio
893 1263 927 1288 et
947 1255 1127 1289 beneficio
1149 1255 1392 1301 protulerunt.
1416 1257 1535 1298 Quare
1555 1268 1573 1288 a
1595 1255 1702 1289 nobis
1724 1256 1884 1289 decanus
1905 1256 1984 1301 ipse
2005 1255 2191 1289 humiliter
2210 1263 2331 1302 postu-

455 1323 560 1364 labat,
592 1330 644 1361 ut,
675 1335 756 1355 cum
788 1322 937 1367 equitati
967 1323 1187 1355 contrarium
1219 1323 1396 1364 videatur,
1425 1322 1524 1367 quod
1554 1323 1662 1364 idem,
1692 1323 1753 1367 qui
1782 1323 1920 1355 ratione
1948 1322 2055 1355 officii
2084 1323 2139 1356 sui
2167 1323 2212 1356 ad
2240 1322 2332 1356 resi—

452 1390 609 1423 dentiam
639 1390 676 1422 in
706 1389 903 1422 Parisicnsi
934 1389 1088 1422 ecclesia
1120 1389 1318 1422 faciendam
1343 1390 1551 1434 juramento
1581 1396 1739 1429 tenetur,
1769 1389 1813 1422 ad
1845 1389 1942 1434 quod
1972 1390 2135 1422 canonici
2166 1389 2330 1434 ejusdem

453 1457 607 1490 ecclesie
630 1469 703 1489 non
724 1468 840 1501 usquc
862 1456 952 1488 adeo
979 1463 1065 1489 sunt
1084 1456 1234 1497 astricti,
1258 1455 1428 1489 domibus
1449 1462 1580 1497 careat,
1601 1456 1677 1488 sere
1698 1456 1869 1489 omnibus
1889 1455 1970 1489 aliis
1991 1468 2056 1501 pro
2079 1456 2205 1501 majori
2231 1462 2330 1501 parte

453 1525 487 1556 in
516 1524 674 1556 claustro
704 1523 832 1556 domos
861 1523 1112 1556 obtinentibus
1139 1529 1351 1564 memorato,
1381 1522 1575 1568 providere
1601 1522 1671 1555 sibi
1699 1534 1810 1568 super
1830 1522 1898 1555 hoc
1919 1522 1964 1555 de
1985 1522 2209 1568 benignitate
2231 1522 2330 1556 sedis

451 1591 650 1636 apostolice
681 1591 928 1635 dignaremur.
961 1591 1034 1622 Nos
1065 1590 1177 1635 igitur
1206 1590 1300 1622 sicut
1329 1590 1500 1623 convenit
1529 1589 1772 1631 attendentes,
1802 1589 1900 1634 quod
1927 1589 2072 1634 pondus
2108 1596 2142 1622 et
2171 1589 2330 1635 pondus,

454 1670 621 1691 mensura
644 1664 678 1690 et
700 1669 868 1689 mensura
896 1664 1089 1701 utrumque
1117 1657 1164 1689 sit
1187 1656 1456 1689 abhominabile
1481 1656 1577 1701 apud
1603 1658 1732 1698 Deum,
1755 1668 1897 1689 necnon
1919 1663 1954 1689 et
1979 1656 2149 1701 quoniam
2171 1656 2330 1689 decanus

453 1726 611 1770 prefatus
633 1736 761 1757 carens
791 1723 962 1756 domibus
988 1723 1024 1755 in
1052 1723 1206 1755 ecclesia
1234 1730 1342 1768 prout
1367 1723 1409 1755 ad
1431 1722 1588 1755 officium
1617 1735 1722 1755 suum
1751 1723 1908 1767 pertinet
1934 1723 2097 1755 residere
2123 1735 2195 1755 non
2215 1722 2329 1756 valeat

451 1792 649 1837 sepedicta,
672 1791 788 1823 eidem
813 1790 966 1823 relaxata
988 1790 1082 1822 dicta
1103 1790 1360 1834 suspensionis
1382 1790 1560 1822 sententia
1582 1789 1625 1822 ael
1646 1789 1821 1822 cautelam
1842 1789 2040 1834 premissas
2062 1790 2190 1822 domos
2212 1801 2331 1822 reser-

451 1865 527 1892 vata
550 1857 713 1903 partibus
734 1857 1014 1890 consuetudinis
1035 1857 1228 1901 questione
1249 1857 1500 1889 concessimus
1518 1856 1562 1889 de
1579 1856 1692 1901 gratia
1714 1855 1876 1901 speciali⁷
1895 1856 2107 1889 discretioni
2124 1862 2245 1889 vestre
2265 1867 2330 1901 per

451 1925 649 1970 apostolica
684 1925 817 1969 scripta
852 1924 1082 1964 mandantes7
1119 1923 1289 1968 quatinus
1324 1924 1492 1956 eumdem
1527 1923 1717 1956 domorum
1753 1923 1912 1968 ipsarum
1946 1923 2084 1955 faciatis
2118 1922 2330 1956 auctoritate

452 1999 573 2024 nostra
616 1991 684 2024 sub
718 1990 914 2035 cujuslibet
944 1990 1200 2035 appellationis
1236 1989 1424 2022 obstaculo
1456 1990 1602 2034 pacifica
1636 1989 1873 2034 possessione
1908 1989 2080 2034 gaudere.
2117 1988 2330 2023 Contradic-

451 2066 563 2099 t0rcs‚
598 2063 661 2091 etc.
694 2057 872 2090 Nolumus
907 2063 1023 2089 autem
1056 2057 1153 2101 quod
1189 2068 1253 2101 per
1287 2056 1515 2089 occasionem
1551 2055 1761 2100 hujusmodi
1795 2056 1910 2101 gratie
1945 2054 2102 2100 capitulo
2133 2055 2330 2088 Parisiensi

450 2132 575 2158 contra
601 2136 852 2157 successorem
882 2123 1033 2168 predicti
1062 2123 1189 2155 decani
1214 2123 1271 2156 vel
1298 2123 1368 2168 ipsi
1390 2122 1598 2155 successori
1619 2129 1743 2155 contra
1768 2122 1964 2168 capitulum
1990 2122 2138 2167 aliquod
2168 2120 2330 2167 prejudi-

451 2192 545 2224 cium
576 2192 612 2223 in
635 2198 822 2236 posterum
845 2197 1054 2235 generetur.
1079 2190 1182 2232 Quod
1214 2189 1242 2221 si
1274 2202 1346 2222 non
1372 2201 1513 2231 0111an
1539 2195 1602 2223 etc.
1627 2190 1704 2222 Dat.
1732 2188 1873 2222 Perusii
1899 2189 1972 2234 xiiij
2002 2188 2069 2221 kal.
2100 2188 2327 2230 Decembris,

452 2258 682 2303 pontificatus
705 2258 819 2290 nostri
842 2269 936 2290 anno
956 2263 1094 2289 octavo.

543 2357 604 2387 Reg.
620 2356 676 2378 vat.
694 2355 815 2386 Gregorii
834 2355 866 2378 lx
887 2363 928 2377 an.
946 2356 968 2382 8,
986 2363 1026 2385 ep.
1046 2355 1099 2381 323,
1124 2354 1167 2377 sol.
1186 2353 1255 2376 282¹).
1273 2368 1303 2371 -—
1319 2354 1354 2377 De
1370 2353 1494 2385 Philippo
1510 2354 1595 2377 Fortis
1611 2354 1716 2377 Brut-hii
1732 2356 1764 2377 cf.
1782 2354 1910 2382 Gudrnrd,
1927 2354 2003 2378 Cart·
2018 2355 2050 2377 de
2069 2353 2268 2382 Nom-e-Dame,
2284 2353 2326 2381 lv,

454 2402 494 2424 135
511 2410 549 2431 sq.
567 2401 685 2424 Dccanus
702 2403 763 2422 tunc
780 2399 828 2422 fuit
845 2399 927 2422 Lucus
943 2399 975 2421 de
991 2398 1125 2421 Lauduno.

454 2546 560 2582 106,
587 2554 737 2587 Gregorius
758 2554 801 2578 IX
816 2552 917 2578 scribit
938 2552 1072 2588 Philippo
1093 2551 1301 2578 Aurelianensi
1321 2553 1464 2588 episcopo,
1488 2552 1517 2578 in
1537 2553 1652 2578 civitate
1670 2552 1876 2578 Aurelianensi
1891 2561 1979 2589 posse
1998 2552 2075 2587 leges
2095 2552 2152 2587 legi
2171 2555 2198 2577 et
2217 2550 2324 2585 audiri,

538 2602 652 2629 etiamsi
667 2602 698 2627 id
714 2602 836 2627 Parisiis
851 2601 890 2626 sit
901 2600 1085 2636 prohibitum.

1658 2638 1733 2667 1235,
1749 2638 1868 2663 danum-li
1881 2637 1918 2667 17,
1934 2637 2039 2663 Peru-vsi.

540 2736 559 2741 ..
579 2707 832 2741 Aurelianensi
860 2706 1046 2751 episcopo.
1069 2707 1098 2738 A
1126 2706 1232 2738 nobis
1254 2713 1312 2738 tua
1332 2707 1538 2739 fraternitas
1559 2707 1767 2752 postulavit⁷
1790 2714 1829 2740 ut
1848 2719 1928 2739 cum
1950 2706 2169 2751 prohibitum
2198 2706 2257 2747 sit²
2280 2717 2325 2738 ne

450 2777 551 2821 leges
578 2775 747 2820 legantur
777 2771 970 2813 Pal-isius¹7
1003 2778 1035 2804 et
1068 2772 1103 2804 in
1134 2772 1391 2804 Aurelianensi
1422 2773 1564 2805 civitate
1594 2773 1718 2818 plures
1748 2772 1869 2818 legum
1901 2773 2070 2806 doctores
2101 2779 2135 2805 et
2164 2771 2325 2805 scolares

448 2843 551 2876 etiam
584 2846 866 2880 commorentur⁷
899 2845 1017 2871 utrum
1049 2838 1084 2870 id
1114 2838 1268 2870 tolerare
1298 2838 1418 2871 valcas
1446 2851 1510 2883 per
1541 2845 1684 2872 nostras
1714 2846 1748 2872 te
1774 2839 1912 2872 litteras
1942 2839 2096 2872 edocere
2127 2838 2324 2883 benignius

448 2910 694 2954 dignarenmr.
724 2908 797 2939 Nos
825 2905 936 2950 igitur
965 2911 1057 2936 tuam
1089 2916 1200 2949 super
1226 2903 1293 2937 hoc
1321 2905 1549 2949 prudentiam
1577 2905 1874 2938 commendantes
1901 2905 2126 2940 mandamus,
2154 2904 2323 2949 quatinus
