2580 3528
226 410 324 452 1280]
567 419 615 442 ΑΒ
648 419 754 442 auno
788 418 866 441 nec
899 417 1033 446 usone
1067 418 1115 440 An
1150 417 1379 439 ramerum
1415 417 1454 439 iv
1489 418 1577 440 nnc.
1615 418 1752 440 rame.
2031 407 2095 442 583

224 505 400 529 summam
439 493 610 527 dicuntur
646 492 859 534 ascendere,
897 491 1154 537 persolvendis
1191 498 1226 524 et
1266 497 1303 524 ut
1342 491 1473 524 exinde
1511 491 1606 536 apud
1644 490 1735 524 alios
1770 491 1806 523 in
1846 491 2093 524 mandatorum

225 567 433 595 nostrorum
463 559 719 594 observatione
749 565 942 592 excusatus
971 558 1162 592 decentius
1189 557 1392 598 habereris,
1423 564 1560 590 certum
1592 557 1636 590 ad
1666 557 1702 590 id
1733 557 1797 590 tibi
1833 557 2096 602 prefigeremus

225 626 431 668 terminum,
453 633 490 660 et
513 637 557 660 ex
581 632 667 660 tunc
687 626 719 659 si
740 625 940 671 expediret,
962 631 996 659 te
1017 625 1062 658 ad
1081 625 1119 658 id
1139 623 1309 670 compelli
1331 636 1396 670 per
1420 623 1530 657 alium
1555 624 1768 657 faceremus.
1792 625 1866 656 Nos
1891 630 2008 656 autem
2035 625 2095 669 qui

225 693 263 727 in
293 692 449 739 fulgenti
482 692 644 726 claritate
677 692 763 726 dicti
798 691 949 726 Ordinis
983 691 1206 725 delectamus
1236 697 1273 724 et
1301 690 1338 724 in
1367 690 1428 724 illa
1458 690 1696 736 quiescimus,
1726 690 1968 730 attendentes,
2000 690 2096 734 quod

224 760 344 794 dictus
371 759 539 793 minister
568 765 603 792 et
631 758 797 804 ejusdem
825 758 976 792 Ordinis
1001 758 1130 791 fratres
1155 757 1251 791 circa
1276 757 1448 791 virtutum
1479 756 1690 790 exercitium
1715 757 1855 802 jugiter
1884 756 2098 789 insudantes

226 838 291 873 per
309 825 520 860 devotarum
541 826 744 859 orationum
766 825 972 859 instantiam
994 824 1147 858 salutem
1169 830 1328 870 querunt
1347 823 1503 857 ubilibet
1520 823 1718 857 animarum
1740 830 1776 856 et
1795 823 1963 868 prosperi
1984 829 2098 856 status

215 893 409 939 generalis
429 892 584 927 ecclesie
610 892 740 926 fervidi
767 891 945 925 zelatores
974 891 1092 925 eidem
1119 891 1204 924 inde
1227 891 1338 924 fessis
1366 890 1555 924 laboribus
1584 897 1842 936 argumentose
1872 889 2098 930 deserviunt,

225 967 262 994 et
296 971 436 994 summe
470 959 747 1005 preminentiam
779 958 959 992 libertatis
987 958 1180 1003 acquirunt
1208 958 1412 991 ministerio
1444 957 1650 997 servitutis3
1686 956 1963 990 considerantes
1991 956 2097 990 etiam

225 1026 415 1061 evidentes
435 1025 608 1059 utilitates
629 1037 700 1071 que
721 1025 896 1071 predictis
917 1024 1073 1058 ecclesie
1093 1036 1133 1058 ac
1153 1024 1283 1058 Ordini
1305 1035 1348 1056 ex
1369 1024 1450 1069 ipso
1471 1030 1652 1057 conventu
1674 1023 1906 1069 proveniunt,
1929 1029 1965 1056 et
1983 1022 2100 1064 nichi-

225 1092 386 1126 lominus
418 1092 656 1126 formidantes
685 1091 845 1138 pericula
871 1103 942 1137 que
972 1098 1125 1137 possent
1156 1091 1231 1124 illis
1265 1102 1467 1136 emergere,
1502 1091 1534 1123 si
1568 1090 1666 1135 quod
1696 1090 1858 1124 advertat
1885 1089 2098 1123 Altissimus

219 1159 356 1205 quovis
381 1170 466 1193 casu
492 1158 758 1192 dissolveretur
782 1170 847 1191 seu
874 1157 1062 1191 decideret
1087 1157 1274 1203 predictus
1299 1163 1515 1195 conventus,
1541 1169 1559 1190 a
1585 1168 1658 1202 quo
1684 1156 1822 1190 semina
1849 1156 2033 1189 fructifera
2061 1155 2099 1189 in

225 1225 334 1260 domo
373 1226 518 1259 Domini
552 1231 860 1271 consperguntur,
895 1236 962 1258 nec
1000 1224 1122 1258 minus
1159 1223 1404 1260 advertentes,
1437 1223 1534 1268 quod
1573 1230 1611 1256 tu
1649 1222 1856 1268 specialiter
1893 1222 1930 1255 in
1969 1222 2097 1255 eodem

224 1299 407 1326 conventu
432 1292 587 1338 degens,
611 1303 630 1325 a
655 1298 716 1325 tue
740 1291 882 1325 culture
907 1291 1099 1336 principiis
1124 1302 1167 1323 ex
1188 1290 1251 1323 illo
1277 1290 1432 1324 finaliter
1458 1290 1664 1336 theologice
1690 1289 1869 1323 facultatis
1893 1289 2097 1322 cathedram

223 1359 424 1394 ascendere
450 1358 629 1400 meruisti,
655 1358 827 1403 quodque
852 1357 1030 1403 premissa
1058 1364 1093 1390 et
1119 1357 1187 1390 alia
1213 1356 1330 1402 plura,
1357 1368 1428 1402 que
1454 1363 1492 1389 tu
1511 1345 1612 1402 ipse,
1641 1357 1735 1390 sicut
1760 1363 1886 1401 gratus
1912 1356 2099 1389 attendere

225 1425 376 1472 poteris,
397 1425 435 1459 in
455 1431 490 1459 te
510 1425 622 1470 digne
641 1430 877 1465 concurrunt,
900 1430 936 1457 et
956 1423 1092 1457 debent
1113 1422 1177 1456 tibi
1199 1423 1328 1456 merito
1349 1423 1444 1456 sicut
1464 1429 1500 1456 et
1520 1422 1628 1456 nobis
1648 1423 1753 1456 etiam
1777 1434 1860 1456 esse
1884 1423 2016 1456 motiva
2038 1429 2099 1456 tuo

224 1492 436 1539 precedenti
456 1498 492 1526 et
512 1491 674 1538 presenti
695 1497 789 1524 statu
810 1496 979 1536 pensat03
1002 1489 1222 1523 recollentes
1242 1490 1394 1535 insuper
1414 1489 1512 1534 quod
1534 1489 1570 1522 in
1591 1495 1651 1522 tue
1673 1489 1914 1534 promotionis
1933 1489 2106 1534 auspitiis·

223 1557 463 1594 contrahendi
488 1565 651 1592 mutuum
673 1569 791 1603 usque
811 1557 855 1591 ad
876 1568 1040 1603 magnam
1062 1568 1238 1590 summam
1260 1556 1415 1602 pecunie
1442 1562 1479 1589 ut
1503 1555 1695 1589 asserebas
1720 1555 1940 1601 erogandam
1967 1567 2101 1601 paupe-

225 1625 328 1660 ribus
351 1637 371 1659 a
395 1625 503 1659 nobis
528 1624 720 1671 postulasti
746 1623 943 1665 licentiam,
968 1635 1074 1669 quam
1098 1622 1163 1656 tibi
1189 1629 1274 1656 tunc
1299 1634 1343 1656 ex
1367 1634 1411 1656 eo
1437 1622 1535 1668 quod
1561 1634 1634 1656 non
1657 1629 1734 1656 erat
1756 1622 1863 1668 plene
1886 1622 1995 1656 nobis
2017 1629 2100 1655 nota

206 1692 343 1739 „ipsius
363 1691 519 1726 ecclesie
539 1691 764 1725 Pictavensis
784 1690 947 1724 conditio
966 1696 1002 1724 et
1022 1702 1065 1724 ex
1085 1689 1167 1723 aliis
1186 1689 1298 1723 certis
1318 1689 1439 1723 causis
1459 1701 1533 1722 non
1553 1689 1724 1723 duximus
1744 1689 2030 1731 concedendam,
2047 1696 2102 1722 set

227 1759 388 1806 presenti
413 1765 577 1804 tempore
601 1757 770 1791 habendo
792 1763 997 1803 respectum
1019 1756 1063 1790 ad
1084 1763 1296 1790 conservata
1318 1756 1479 1802 predicta
1500 1767 1570 1801 que
1592 1756 1763 1789 dicuntur
1787 1756 1831 1789 ad
1858 1762 1890 1788 te
1917 1762 1955 1789 ut
1980 1756 2101 1801 predi-

225 1826 320 1860 citur
348 1825 578 1872 provenisse,
605 1825 652 1859 ita
681 1823 779 1870 quod
809 1824 853 1857 ad
880 1823 950 1857 hoc
977 1823 1116 1869 absque
1143 1835 1269 1857 mense
1296 1829 1357 1856 tue
1384 1821 1535 1856 notabili
1564 1822 1772 1868 gravamine
1802 1822 1988 1856 sufficiens
2018 1834 2101 1856 esse

221 1892 388 1927 crederis
407 1891 635 1926 concedendi
656 1890 805 1937 prefatis
824 1890 992 1924 ministro
1013 1896 1049 1923 et
1068 1889 1242 1923 fratribus
1262 1901 1328 1935 pro
1351 1895 1418 1922 tam
1441 1889 1501 1934 pio
1520 1888 1688 1922 subsidio
1710 1889 1754 1922 de
1775 1888 1886 1922 rebus
1903 1888 2101 1922 mobilibus

225 1958 382 1994 ecclesie
410 1965 471 1992 tue
498 1958 542 1992 ad
572 1965 606 1992 te
636 1957 887 2004 spectantibus
916 1969 1033 2002 usque
1062 1956 1107 1990 ad
1137 1956 1334 2001 predictam
1366 1967 1542 1989 summam
1570 1955 1726 1989 duorum
1757 1955 1894 1989 milium
1926 1955 2098 1989 librarum

225 2032 415 2060 turonens.
441 2025 622 2059 licentiam
649 2024 865 2070 elargimur;
887 2023 1165 2057 considerantes
1186 2034 1333 2068 quoque
1354 2022 1390 2056 id
1412 2021 1476 2056 tibi
1498 2034 1571 2055 non
1593 2034 1703 2067 posse
1723 2034 1790 2055 nec
1811 2021 1946 2055 debere
1972 2022 2101 2055 merito

226 2091 436 2139 displicere,
457 2103 539 2126 cum
559 2091 808 2138 contingentia
828 2091 963 2124 dictum
985 2089 1161 2124 Ordinem
1182 2096 1217 2123 te
1237 2089 1463 2135 contingant,
1486 2095 1522 2122 et
1542 2090 1622 2134 ejus
1644 2089 1868 2135 prosperitas
1890 2088 1953 2122 tibi
1975 2100 2102 2122 succe-

226 2159 314 2193 dere
347 2158 463 2193 valeat
490 2158 535 2192 ad
562 2158 734 2204 gaudium
770 2157 927 2191 salutare
959 2169 967 2190 z
998 2157 1256 2191 fraternitatem
1288 2163 1383 2189 tuam
1413 2167 1619 2197 monemus,
1653 2168 1824 2201 rogamus
1853 2162 1889 2189 et
1916 2155 2102 2189 hortamur

226 2231 360 2260 attente
386 2236 451 2271 per
473 2223 672 2271 apostolica
693 2223 758 2258 tibi
779 2224 912 2270 scripta
933 2223 1147 2257 mandantes
1167 2222 1338 2268 quatinus
1359 2222 1496 2256 nostris
1522 2221 1760 2268 beneplacitis
1780 2223 1881 2267 juxta
1908 2221 2100 2267 prudentie

226 2299 287 2326 tue
307 2291 508 2326 decentiam
529 2297 564 2325 te
583 2291 830 2332 conformans,
846 2302 927 2323 cum
950 2290 995 2323 de
1015 2289 1124 2323 bonis
1145 2289 1403 2335 episcoporum
1424 2288 1710 2322 habundantiam
1732 2288 1855 2322 deceat
1878 2287 2100 2334 pauperibus

227 2365 263 2392 et
288 2356 540 2404 indigentibus
566 2356 769 2399 subveniri,
797 2355 1006 2406 hujusmodi
1035 2352 1197 2389 debitum
1224 2355 1378 2388 duorum
1408 2354 1545 2388 milium
1573 2353 1746 2388 librarum
1775 2361 1980 2396 turonens,
2009 2355 2100 2388 insra

227 2425 322 2459 duos
345 2435 492 2458 menses
512 2436 531 2457 a
552 2423 761 2469 receptione
782 2422 1005 2468 presentium
1032 2421 1311 2467 computandos,
1331 2421 1383 2454 sic
1404 2420 1604 2454 liberaliter
1628 2420 1874 2454 creditoribus
1899 2421 2099 2455 secundum

228 2491 373 2526 modum
412 2490 685 2525 constitutionis
719 2491 829 2535 'quam
868 2500 933 2535 per
970 2488 1062 2522 viam
1098 2487 1339 2521 ordinationis
1377 2487 1471 2521 circa
1510 2486 1776 2521 observantiam
1817 2487 1944 2533 regule
1984 2488 2100 2534 ipsius

227 2557 378 2592 Ordinis
404 2569 521 2603 nuper
547 2555 750 2590 edidimus⁴
780 2567 860 2589 cum
891 2555 1099 2601 integritate
1125 2553 1315 2600 persolvas
1341 2553 1401 2587 vel
1429 2553 1589 2599 persolvi
1620 2566 1808 2600 procures,
1837 2554 1935 2600 quod
1966 2554 2002 2588 in
2032 2554 2100 2588 hoc

229 2625 304 2659 Deo
331 2630 365 2658 et
393 2622 500 2658 nobis
527 2623 638 2669 digne
664 2622 807 2669 placeas
831 2621 970 2668 tibique
991 2621 1037 2655 sit
1059 2620 1284 2655 meritorium
1306 2620 1399 2666 apud
1422 2621 1549 2654 Deum.
1574 2621 1654 2666 Ipsa
1679 2632 1769 2667 ergo
1796 2627 1829 2654 te
1856 2627 1963 2667 cogat
1986 2621 2100 2667 pietas

228 2691 284 2737 pia
313 2690 384 2737 piis
413 2689 588 2736 operibus
617 2678 823 2723 ministrare
852 2687 1030 2729 subsidia,
1058 2687 1229 2721 accendat
1260 2692 1296 2720 et
1324 2686 1453 2720 caritas
1481 2686 1517 2720 in
1546 2686 1733 2732 prebendo
1761 2687 1900 2721 eisdem
1929 2687 2100 2721 fratribus

227 2757 408 2792 caritativa
428 2756 623 2797 solamina;
645 2762 784 2789 moveat
806 2761 840 2789 te
861 2755 978 2800 ipsius
998 2760 1201 2788 conventus
1222 2753 1286 2787 tibi
1308 2764 1381 2786 non
1402 2753 1539 2798 ignota,
1560 2760 1615 2787 set
1640 2753 1778 2799 palpata
1805 2754 1968 2799 penuria,
1992 2754 2100 2787 immo

226 2829 263 2858 et
283 2829 317 2858 te
335 2823 523 2858 consortio
542 2822 798 2869 episcoporum
819 2827 1057 2867 aggregatum
1079 2820 1157 2854 sore
1176 2819 1429 2861 consideranti,
1446 2831 1601 2865 quorum
1622 2819 1738 2866 gloria
1759 2827 1814 2855 est
1835 2827 1870 2854 et
1890 2833 1974 2854 esse
1993 2820 2102 2854 dcbct

228 2898 426 2936 pauperum
459 2889 583 2935 inopie
617 2889 823 2935 providere,
853 2887 991 2923 Christi
1024 2886 1209 2933 pauperis,
1240 2886 1345 2932 cujus
1376 2885 1582 2931 patrimonii
1616 2898 1737 2920 curam
1773 2887 1886 2932 geris,
1923 2898 2100 2932 pauperes

227 2955 325 2993 titios
347 2962 385 2990 et
407 2956 629 3002 paupertatis
654 2956 734 3001 ejus
755 2954 906 2989 sedulos
926 2960 1126 2988 sectatores
1147 2964 1348 2998 eorumque
1369 2951 1414 2986 de
1440 2952 1601 2998 ipsorum
1630 2953 1741 2999 patris
1767 2953 1983 2999 patrimonio
2010 2952 2102 2986 rele-
