2580 3528
287 427 384 468 1228]
625 437 671 459 ΑΒ
705 437 814 459 anno
849 436 928 459 mcc
962 436 1095 465 usqua
1130 437 1179 459 An
1214 437 1446 459 ruitirrun
1482 438 1523 459 iv
1558 438 1647 460 asc.
1685 438 1823 460 rame.
2104 430 2167 462 113

373 510 478 544 Circa
505 522 570 544 eos
595 510 657 556 qui
683 510 832 544 stu'dent
858 510 977 544 taliter
1002 510 1239 556 dispensetur
1264 523 1283 544 a
1304 510 1456 556 prelato,
1484 523 1529 543 ne
1555 518 1705 557 propter
1730 511 1886 544 officium
1913 511 1971 545 vel
1996 512 2094 545 aliud
2122 513 2167 546 de

283 577 379 611 facili
399 589 418 611 a
438 577 560 611 studio
588 576 817 610 retrahantur
836 576 895 610 vel
915 577 1172 622 impediantur.
1196 578 1241 610 Et
1260 577 1463 610 secundum
1485 578 1584 623 quod
1610 578 1785 623 magistro
1811 578 2041 611 studencium
2067 579 2168 612 vide-

283 643 394 686 bitur,
429 643 533 678 locus
566 644 739 690 proprius
773 650 963 685 statuatur,
994 644 1032 677 in
1061 656 1134 690 quo
1166 651 1249 690 post
1278 644 1546 690 disputationes
1574 644 1633 678 vel
1662 657 1835 690 vesperas
1869 645 1927 678 vel
1956 645 2026 678 alio
2061 645 2166 678 etiam

284 717 447 756 tempore
473 711 505 744 si
530 710 737 744 vacaverint
762 711 806 744 ad
835 710 1084 745 dubitationes
1110 711 1169 745 vel
1197 711 1412 756 questiones
1438 711 1697 758 proponendas
1728 712 1810 757 ipso
1838 719 2009 757 presente
2036 724 2169 745 conve-

284 777 397 819 niant,
419 784 455 811 et
474 789 547 811 uno
575 784 752 823 querente
777 777 836 811 vel
861 784 1089 823 proponente
1115 778 1176 811 alii
1202 784 1355 819 taceant,
1378 790 1423 811 ne
1449 778 1659 823 loquentem
1687 778 1898 824 impediant.
1922 780 1965 812 Et
1985 778 2016 812 si
2036 778 2169 824 aliquis

283 843 477 878 inhoneste
505 843 563 878 vel
595 845 748 878 confuse
777 844 836 878 vel
865 844 1024 878 clamose
1055 844 1114 878 vel
1144 851 1314 890 proterve
1344 857 1505 890 querens
1534 845 1592 879 vel
1627 857 1819 891 opponens
1850 845 1908 878 vel
1938 845 2168 891 respondens

284 911 491 954 offenderit,
514 911 634 945 statim
655 910 700 945 ab
719 911 796 953 illo,
819 911 881 957 qui
903 918 987 945 tuuc
1008 912 1104 945 inter
1124 924 1189 945 eos
1210 918 1346 958 preest,
1368 912 1628 958 corripiatur...

372 977 504 1011 Nullus
525 978 585 1012 fiat
604 977 775 1024 publicus
795 978 936 1019 doctor,
959 979 1030 1012 nisi
1051 991 1116 1025 per
1136 979 1187 1024 iiij
1210 991 1326 1012 annos
1347 979 1391 1012 ad
1413 979 1534 1012 minus
1555 979 1776 1024 theologiam
1797 979 1964 1012 audierit.

377 1089 441 1114 cod.
453 1090 594 1114 Rutenens.
611 1090 818 1114 constitutiones
834 1090 897 1115 Ord.
910 1091 1002 1114 Praed.
1019 1091 1081 1114 anni
1092 1091 1153 1114 1228
1167 1091 1305 1114 continens
1320 1091 1398 1122 (suec.
1411 1091 1552 1123 xnt-xn')
1564 1094 1589 1114 et
1599 1091 1632 1114 ad
1648 1091 1737 1123 ipsum
1753 1091 1879 1115 Ordinem
1894 1090 2038 1123 pertinens,
2049 1099 2076 1122 p.
2089 1092 2127 1114 87.
2140 1105 2171 1109 m

284 1133 390 1160 Archiv
410 1133 463 1165 Γᾶν
481 1134 651 1159 Litaeratur-
667 1135 730 1159 und
747 1134 1027 1166 Kirchenyeschiehte
1040 1136 1087 1160 des
1106 1135 1295 1164 Mittelalters,
1313 1136 1333 1164 l,
1351 1135 1406 1164 218,
1428 1139 1457 1158 n⁰
1476 1136 1519 1164 163
1536 1136 1582 1159 2⁶22
1601 1143 1667 1167 seq..
1684 1139 1723 1158 1ιο·
1741 1137 1820 1159 28-30.
1838 1135 2031 1159 Tantummodo
2046 1135 2170 1167 superius

284 1179 369 1203 relata
387 1179 529 1203 cohaerent
551 1187 612 1202 cum
632 1179 844 1203 ordinationibus
860 1179 1048 1203 Universitatis
1070 1179 1165 1208 Paris„
1188 1180 1213 1203 in
1232 1188 1284 1212 qua
1307 1182 1402 1203 fratres
1423 1180 1515 1204 Praed.
1539 1188 1608 1203 anno
1629 1180 1749 1212 sequenti
1769 1180 1923 1203 cathedram
1942 1183 2105 1211 receperunt.
2129 1180 2169 1203 Cf.

285 1231 367 1256 supra
383 1228 412 1247 n⁰
427 1225 466 1247 34.

379 1322 402 1346 1.
427 1322 456 1345 ln
477 1321 619 1348 Constitut.
645 1321 776 1345 secundae
790 1322 993 1354 perscriptionis
1013 1330 1029 1346 a
1049 1330 1119 1353 mag.
1136 1323 1292 1354 Raymundo
1307 1324 1391 1346 factae
1410 1322 1510 1354 legitur
1525 1322 1563 1346 sie
1579 1330 1584 1346 t
1603 1331 1615 1346 «
1683 1325 1802 1346 teneatur
1824 1322 1974 1354 providere,
1998 1321 2122 1346 videlicet
2143 1322 2170 1346 in

284 1365 312 1390 in
327 1365 487 1390 bibliotheca
502 1365 613 1398 (biblia),
636 1365 763 1398 hystoriis
777 1369 803 1390 et
818 1366 964 1394 sententiis,
980 1370 1006 1390 et
1026 1366 1078 1399 ipsi
1099 1366 1126 1390 in
1142 1366 1193 1390 hiis
1209 1369 1263 1390 tam
1284 1367 1310 1390 in
1331 1370 1402 1391 textu
1418 1375 1498 1399 quam
1517 1367 1544 1390 in
1563 1367 1661 1398 glossis
1677 1367 1802 1399 precipue
1818 1367 1941 1390 studeant
1955 1369 1982 1390 et
1996 1366 2133 1390 intendant
2147 1375 2169 1390 i».

285 1410 348 1435 cod.
365 1409 466 1442 Liturg.
484 1410 547 1435 Ord.
565 1410 658 1434 Praed.
675 1418 716 1434 an.
735 1410 796 1434 1256
806 1411 839 1434 nd
854 1410 981 1435 Ordinem
996 1410 1141 1443 pertinens.

286 1604 366 1643 58.
393 1613 543 1649 Gregorius
564 1615 609 1639 IX
625 1614 748 1640 Hem-ico
768 1613 987 1651 archiepiscopo
1009 1614 1151 1650 Remensi,
1176 1615 1289 1641 Adamo
1316 1615 1451 1651 episcopo
1469 1614 1684 1648 Silvanectensi,
1709 1613 1835 1640 ιῙοΙιαηηί
1856 1614 1966 1640 decano
1987 1616 2014 1640 S.
2044 1615 2175 1648 Quintini

376 1662 498 1689 mandat
522 1666 552 1689 ul
576 1663 809 1700 compositionem
836 1663 914 1690 inter·
939 1663 1094 1699 magistros
1117 1667 1145 1690 et
1167 1664 1317 1690 scholares
1337 1672 1374 1690 ea:
1393 1672 1461 1698 una,
1484 1667 1512 1690 et
1532 1664 1707 1700 episcopam,
1730 1663 1937 1689 cancellariam
1962 1667 1990 1689 et
2014 1663 2173 1700 capitulam

375 1712 542 1739 Parieiense
558 1720 595 1738 ex
609 1711 704 1738 altera
716 1716 812 1749 parte,
830 1713 1034 1739 interveniente
1048 1714 1177 1739 Romano
1195 1715 1222 1739 S.
1243 1712 1347 1748 Angeli
1361 1712 1486 1739 diacono
1502 1712 1655 1739 cardinale
1674 1716 1703 1739 et
1721 1716 1815 1749 apost.
1834 1712 1914 1739 sedis
1929 1711 2035 1747 legato,
2059 1714 2170 1747 factam

376 1764 477 1788 curent
489 1761 612 1796 firmiter
626 1761 843 1788 observandam.

1567 1825 1646 1855 1228,
1662 1825 1734 1851 dum?
1743 1825 1770 1854 3,
1786 1824 1885 1851 ᾹεεῘεῘῘ.

378 1908 584 1954 Gregorius
613 1908 811 1954 episcopus
844 1920 974 1942 servus
1008 1920 1198 1943 servorum
1229 1909 1295 1942 Dei
1330 1908 1605 1942 venerabilibus
1639 1908 1812 1942 fratribus
1845 1934 1867 1942 ..
1898 1907 2174 1954 archiepiscopo

289 1974 461 2008 Remensi
490 1981 527 2008 et
553 2000 575 2008 ..
607 1975 782 2021 episcopo
803 1975 1069 2010 Silvanectensi
1099 1983 1135 2009 et
1155 1976 1290 2010 dilecto
1311 1975 1386 2009 filio
1416 2002 1437 2009 ..
1470 1975 1608 2009 decano
1645 1976 1680 2009 S.
1704 1975 1886 2018 Quintini¹
1916 1975 2175 2009 Noviomensis

289 2041 449 2075 diocesis
475 2041 628 2075 salutem
649 2049 685 2076 et
704 2042 941 2088 apostolicam
967 2042 1275 2076 benedictionem.
1304 2042 1437 2076 Dilecti
1464 2042 1530 2076 filii
1557 2042 1722 2088 magistri
1749 2049 1785 2076 et
1811 2042 2032 2076 universitas
2059 2042 2176 2076 scola-

290 2108 382 2142 rium
413 2108 674 2142 Parisiensium
705 2108 813 2143 nohis
842 2109 1031 2144 humiliter
1062 2110 1328 2156 supplicarunt,
1358 2117 1398 2144 ut
1426 2109 1746 2155 compositionem,
1777 2121 1848 2155 que
1882 2109 1977 2142 inter
2006 2109 2108 2155 ipsos
2133 2121 2175 2142 ex

291 2181 391 2221 parte
421 2187 505 2217 una,
536 2182 572 2209 et
597 2175 694 2209 bone
723 2176 899 2210 memorie
923 2202 944 2210 ..
967 2177 1181 2223 episcopum
1211 2184 1247 2211 et
1276 2177 1432 2211 dilectos
1462 2176 1559 2210 filios
1582 2202 1604 2210 ..
1627 2176 1883 2210 cancellarium
1914 2183 1950 2209 et
1978 2175 2174 2221 capitulum

291 2242 497 2275 Parisiense
523 2254 567 2276 ex
591 2242 702 2276 altera
727 2255 840 2289 super
865 2243 982 2278 danda
1007 2244 1153 2278 licentia
1179 2244 1223 2278 ab
1250 2244 1379 2278 eodem
1401 2243 1619 2277 cancellario
1646 2242 1831 2288 magistris
1855 2242 2066 2276 volentibus
2086 2242 2176 2275 inci-

293 2320 378 2354 pere
408 2309 445 2342 in
475 2309 634 2354 singulis
663 2309 909 2352 facultatibus,
939 2317 975 2344 et
1003 2311 1181 2344 faciendis
1213 2309 1541 2345 constitutionibus
1571 2310 1616 2343 (le
1646 2309 1860 2342 ordinandis
1890 2308 2111 2342 lectionibus
2141 2315 2173 2342 ct

292 2375 615 2421 disputationibus,
639 2388 678 2410 ac
704 2376 901 2422 puniendis
927 2376 1129 2411 rebellibus
1150 2390 1216 2424 per
1236 2377 1521 2411 subtractionem
1545 2376 1742 2416 societatis,
1766 2382 1799 2409 et
1821 2376 1984 2409 taxandis
2005 2375 2176 2421 hospitiis

291 2454 331 2476 ac
348 2441 566 2488 quibusdam
587 2442 669 2476 aliis
689 2442 852 2477 articulis
873 2443 1054 2478 mediante
1071 2444 1205 2478 dilecto
1226 2444 1302 2478 filio
1323 2450 1450 2478 nostro
1473 2445 1513 2477 R.
1533 2443 1654 2477 Sancti
1674 2442 1807 2488 Angeli
1827 2442 1981 2476 diacono
2002 2442 2175 2476 cardinali

294 2515 378 2543 tunc
407 2508 608 2555 apostolice
642 2509 743 2543 sedis
773 2510 894 2556 legato
923 2510 1162 2545 amicabiliter
1191 2511 1432 2552 intercessit¹,
1467 2509 1670 2556 apostolico
1705 2509 1942 2555 dignaremur
1976 2509 2176 2542 munimine

294 2575 479 2610 roborare.
503 2575 665 2622 Ideoque
693 2576 907 2611 discretioni
935 2584 1056 2611 vestre
1082 2590 1147 2623 per
1171 2577 1370 2623 apostolica
1395 2577 1531 2623 scripta
1553 2576 1779 2617 mandamns,
1801 2575 1972 2622 quatinus
1995 2575 2177 2622 composi-

294 2643 428 2677 tionem
460 2643 611 2677 eandem
638 2643 733 2677 sicut
759 2644 839 2678 sine
868 2645 1221 2691 pravitateprovide
1247 2645 1337 2678 facta
1363 2651 1419 2678 est
1444 2650 1479 2677 et
1503 2643 1548 2677 ab
1569 2650 1720 2689 utraque
1742 2650 1842 2689 parte
1862 2649 1993 2689 sponte
2019 2649 2176 2688 recepta,

293 2709 431 2746 faciatis
458 2722 522 2756 per
547 2722 738 2744 censuram
765 2711 1050 2745 ecclesiasticam
1076 2711 1320 2757 appellatione
1349 2718 1487 2745 remota
1512 2710 1665 2744 firmiter
1685 2709 1886 2744 observari.
1914 2709 2021 2753 Quod
2047 2710 2078 2742 si
2107 2722 2178 2742 non

293 2788 423 2810 omnes
443 2776 515 2810 hiis
537 2778 763 2823 exequendis
784 2778 985 2824 potueritisv
998 2779 1193 2818 interesse,
1216 2778 1288 2812 duo
1310 2785 1471 2812 vestrum
1493 2790 1535 2811 ea
1557 2777 1817 2811 nichilominus
1839 2783 2075 2823 exequantur.
2101 2778 2177 2810 Dat.

295 2843 409 2877 Asisii
431 2843 468 2890 iij
487 2856 573 2877 non.
596 2845 708 2887 Junii,
731 2845 963 2891 pontificatus
984 2846 1101 2879 nostri
1122 2858 1218 2879 anno
1240 2845 1417 2879 secundo.

389 2954 526 2987 Originala
546 2955 572 2980 in
587 2956 664 2980 Arcti.
682 2959 735 2981 nat.
753 2957 836 2981 Paris.
854 2957 881 2982 L.
898 2958 952 2986 2122,
969 2962 998 2981 n⁰
1011 2959 1050 2982 118.
1073 2958 1149 2982 Bulla
1165 2957 1290 2990 plumbea
1307 2958 1358 2982 filia
1374 2957 1487 2981 cunnub.
1503 2965 1622 2989 appensa
1638 2960 1686 2980 est.
1704 2956 1855 2980 Pertincbat
1870 2955 1902 2978 nd
1919 2954 1994 2978 Arch.
2014 2953 2134 2978 Univers.
2151 2966 2182 2971 —-

295 2998 359 3024 Cod.
375 3000 433 3024 Vnt.
450 3000 513 3032 neg.
529 3001 585 3030 406,
602 3000 646 3025 fol.
661 3001 708 3030 8¹⁹3
724 3001 849 3026 Biblioth.
866 3002 1000 3035 Phillipps
1015 3002 1042 3027 in
1057 3002 1230 3027 Cheltenham
1246 3011 1294 3026 ms.
1313 3003 1367 3030 876.
1385 3003 1428 3026 tot.
1446 3003 1470 3029 8,
1487 3002 1541 3029 uhi.
1558 3002 1626 3026 sicut
1641 3001 1712 3033 apud
1729 3001 1865 3027 Bulueuni.
1884 3000 1928 3027 ΙΙΙ,
1946 2999 1999 3027 1:30,
2016 2998 2064 3022 hae
2079 2998 2182 3021 litterae

426 3045 523 3070 Chart-
546 3045 624 3071 Um‘v.
642 3045 739 3071 Paris.
756 3046 777 3070 1.
2029 3043 2057 3066 15
