2580 3528
273 425 370 467 1286]
613 436 660 459 ΑΒ
693 436 801 460 Anno
834 437 913 461 mcc
947 437 1079 468 usque
1112 438 1162 461 An
1195 439 1425 463 PHILIPPUM
1459 441 1500 463 1v
1536 441 1625 465 aaa.
1662 443 1799 466 fasne.
2079 435 2145 469 649

359 511 429 544 Pro
451 515 550 544 textu
571 510 611 543 ff.
634 510 755 544 novi⁸¹
768 538 1718 549 .................
1790 517 1841 562 iiij
1860 517 1927 551 sol.

356 577 428 610 Pro
450 577 635 622 Apparatu
646 576 673 595 ¹¹
679 603 1718 614 ...................
1791 582 1842 628 iiij
1860 583 1928 617 sol.

357 643 427 677 Pro
449 649 549 677 textu
571 644 786 678 Insortiati⁵³
791 671 1719 681 .................
1791 649 1842 694 iiij
1860 650 1928 683 sol.

356 710 426 744 Pro
450 710 669 756 Apparatu⁸⁸
674 738 1719 748 ...................
1790 714 1843 761 iiij
1860 715 1928 750 sol.

357 777 426 810 Pro
449 782 549 811 textu
570 777 675 811 Parvi
697 777 931 812 voluminis⁸⁸
943 805 1717 814 ..............
1789 781 1841 827 iiij
1859 782 1927 816 sol.

356 842 426 877 Pro
448 843 634 890 Apparatu
645 844 672 862 ⁸⁸
678 871 1716 880 ...................
1788 848 1840 894 iiij
1858 848 1926 882 sol.

357 911 427 944 Pro
448 916 549 944 textu
571 910 757 945 Codicis⁸⁷
764 938 1718 946 .................
1817 927 1839 948 v
1856 915 1925 948 sol.

357 977 426 1010 Pro
449 977 635 1023 Apparatu
647 977 674 996 '⁸
681 1004 1718 1013 ...................
1816 993 1839 1014 v
1855 981 1924 1015 sol.

359 1074 423 1099 Cod.
439 1075 497 1098 Vat.
512 1075 577 1107 neg.
591 1076 648 1104 406.
664 1075 708 1100 rol.
724 1076 764 1099 64.
775 1089 808 1094 -
820 1076 887 1100 Mus.
904 1075 1034 1104 Britanu.‚
1050 1076 1133 1100 addit.
1146 1084 1197 1100 ms.
1214 1077 1299 1106 17304,
1316 1077 1361 1101 tol.
1377 1076 1436 1100 64¹².
1452 1077 1522 1102 Bibl.
1537 1077 1669 1109 imperial.
1685 1078 1808 1108 Vindob.,
1823 1079 1881 1103 cod.
1897 1079 1943 1103 lat.
1957 1080 2027 1108 7219,
2042 1088 2070 1112 p.
2085 1081 2141 1104 491.

265 1118 345 1143 Deest
357 1118 385 1142 in
399 1119 456 1143 cod.
478 1119 614 1144 Cheltenh.
636 1119 775 1148 Jourdain,
791 1123 821 1143 n⁰
834 1121 890 1144 ³56.
911 1120 1006 1144 Codice
1026 1120 1144 1144 Britann.
1162 1129 1209 1145 seu
1228 1121 1313 1146 Libro
1331 1121 1450 1146 rectoris
1469 1121 1525 1153 jam
1545 1122 1659 1146 Bulaeus
1679 1130 1744 1146 usus
1759 1126 1807 1147 est.
1833 1124 1863 1147 ln
1882 1131 1946 1147 mss.
1967 1124 2055 1148 allatis
2078 1124 2143 1148 haec

262 1163 371 1192 taxatio,
389 1171 457 1196 quae
470 1163 599 1196 temporis
618 1167 681 1188 nota
699 1167 780 1194 caret,
800 1164 882 1188 aliam
900 1164 963 1188 anui
983 1165 1045 1188 1303
1067 1165 1148 1195 (1304)
1167 1165 1311 1197 praecedit.
1328 1165 1435 1190 Minime
1449 1169 1537 1190 tamen
1558 1166 1653 1190 ambae
1674 1167 1708 1190 ad
1727 1167 1847 1191 eamdem
1866 1171 1978 1192 aetutem
1999 1168 2141 1200 pertinent.

263 1207 382 1232 Priorem
399 1207 469 1232 intra
484 1215 567 1232 annos
581 1209 643 1233 1275
657 1211 684 1232 et
697 1209 760 1232 1286
773 1217 832 1232 esse
851 1210 949 1233 tactam
963 1217 995 1233 ex
1008 1208 1058 1232 hoc
1072 1212 1194 1241 apparet,
1214 1209 1285 1242 quod
1300 1209 1327 1233 in
1341 1218 1373 1234 eu
1390 1210 1454 1234 libri
1472 1213 1535 1242 post
1555 1210 1640 1234 dictos
1659 1219 1743 1235 annos
1757 1212 1898 1244 compositi
1914 1220 1966 1236 non
1987 1212 2140 1237 afferantur.

263 1251 368 1276 Scimus
382 1255 520 1284 praeterea
533 1261 566 1277 ex
578 1253 735 1277 doomonte
750 1261 832 1285 supra
847 1257 877 1276 n⁰
890 1253 937 1277 462
947 1253 1041 1282 relato,
1052 1253 1258 1278 Universitatem
1271 1253 1448 1278 Parisiensem
1457 1254 1514 1286 jam
1529 1263 1572 1280 an.
1583 1255 1644 1279 1275
1657 1256 1819 1288 exemplaria
1832 1259 1946 1286 taxasse,
1959 1256 1976 1280 i.
1988 1265 2010 1281 e.
2026 1257 2142 1289 pretium

263 1296 428 1329 designasse,
444 1297 515 1329 quod
531 1297 642 1321 ⁴librarii
660 1305 711 1329 pro
729 1297 875 1330 exemplari
894 1298 1032 1330 magistris
1055 1301 1082 1322 et
1102 1298 1270 1322 scholaribus
1285 1299 1452 1322 commodato
1466 1299 1584 1331 recipere
1598 1303 1716 1331 possent.
1731 1300 1865 1324 Bononiae
1879 1301 2002 1326 similiter
2020 1301 2071 1326 boc
2086 1301 2142 1334 jam

262 1348 332 1366 saec.
348 1341 408 1366 xm
423 1341 512 1370 fiebat,
525 1341 648 1374 quamvis
662 1341 755 1365 tabula
769 1341 900 1366 librorum
912 1345 1071 1372 taxatorum,
1085 1350 1166 1374 quam
1178 1342 1277 1366 Denille
1289 1342 1316 1366 in
1327 1343 1433 1368 Archiv
1442 1345 1462 1374 f.
1477 1343 1647 1369 Later-atur·
1659 1350 1690 1369 u.
1703 1344 1920 1377 Kirchenqesch.
1935 1346 1983 1371 des
1992 1346 2141 1375 Mutelalt..

263 1385 311 1414 m,
326 1386 381 1415 2⁹8,
399 1393 431 1410 ex
444 1385 553 1418 antiquo
568 1394 618 1410 ms.
636 1386 722 1410 denuo
737 1385 829 1415 edidit,
842 1386 1027 1410 tantummodo
1042 1386 1076 1410 ad
1094 1394 1163 1410 saec.
1180 1387 1236 1410 XIV
1254 1387 1394 1419 pertineat.
1409 1387 1542 1423 Bonpniae
1558 1388 1675 1420 pretium
1688 1392 1746 1413 erat
1760 1389 1843 1413 multo
1863 1389 1960 1419 carius,
1975 1390 2056 1414 immo
2073 1394 2098 1415 et
2115 1391 2142 1415 in

263 1429 356 1455 tabula
378 1430 520 1454 taxationis
546 1430 631 1455 Paris.
649 1438 692 1454 an.
709 1430 772 1454 1303
793 1431 884 1460 (1304),
904 1430 995 1454 valore
1015 1433 1181 1454 monetarum
1202 1431 1252 1455 sub
1273 1431 1399 1463 Philippo
1421 1432 1454 1455 lv
1474 1435 1574 1456 mutato
1597 1432 1731 1457 Bononiae
1754 1434 1940 1466 quaterniones
1959 1438 2141 1464 numerantur,

263 1464 374 1500 Parisiis
387 1474 484 1507 petiae,
500 1482 614 1507 qnorum
626 1474 761 1508 quaelibet
773 1474 825 1504 hic,
839 1474 863 1499 si
877 1475 1039 1507 exemplaria
1053 1475 1164 1499 Parisiis
1179 1483 1222 1499 au.
1237 1475 1299 1499 1303
1312 1479 1402 1500 taxata
1413 1483 1474 1500 cum
1488 1476 1587 1500 eisdem
1600 1477 1733 1501 Bononiae
1748 1477 1836 1502 allatis
1851 1486 2045 1510 comparamus,
2062 1479 2142 1509 dimi-

262 1518 337 1544 dium
364 1519 564 1552 quaternionem
584 1519 726 1552 designare
755 1519 869 1549 videtur,
893 1519 964 1552 quod
986 1519 1154 1552 probabilius
1180 1519 1260 1544 etiam
1284 1520 1314 1544 fit
1341 1520 1364 1544 si
1391 1520 1512 1544 codicum
1532 1521 1646 1553 exempli
1675 1522 1762 1554 gratia
1788 1523 1814 1546 S.
1840 1522 1956 1547 Thomae
1981 1523 2013 1547 de
2040 1523 2142 1556 Aquino

262 1571 331 1589 saec.
350 1564 410 1588 xm
429 1563 591 1596 scriptorum
607 1572 728 1588 normam
742 1563 881 1593 babemus,
897 1563 924 1588 in
939 1564 1036 1596 quibus
1051 1572 1178 1588 numerus
1193 1564 1398 1596 quaternionum
1414 1565 1595 1594 dimidiorum,
1610 1566 1756 1598 generatim
1771 1566 1910 1598 loquendo,
1927 1568 2068 1592 concordat
2082 1576 2142 1592 cum

262 1608 380 1633 numeris
393 1607 421 1633 in
433 1608 590 1632 documento
604 1611 696 1632 nostro
710 1608 810 1632 relatis.
827 1608 967 1632 Caeterum
978 1611 1108 1641 quantum
1121 1609 1156 1632 ad
1168 1608 1379 1641 designationem
1389 1609 1476 1641 petiae
1489 1610 1634 1634 secundum
1648 1618 1727 1634 usum
1741 1610 1934 1635 Bononiensem
1948 1615 1974 1635 et
1987 1612 2142 1636 Paduanum

261 1653 296 1678 ef.
317 1652 444 1686 Savigny,
469 1653 565 1679 Gesch.
582 1654 629 1678 des
643 1652 725 1678 Rom.
741 1653 850 1681 Rechts.
866 1653 912 1682 111,
928 1654 983 1682 5⁸0,
999 1656 1025 1677 et
1039 1653 1155 1683 Archiv,
1175 1656 1236 1682 ete..
1255 1653 1276 1678 1.
1295 1662 1329 1683 c„
1348 1662 1375 1686 p.
1396 1655 1451 1683 295,
1472 1657 1535 1679 nota
1553 1654 1656 1679 ultima.
1679 1655 1708 1679 In
1728 1655 1899 1687 sequentibus
1919 1656 1953 1680 ad
1972 1660 2093 1681 auctores
2117 1660 2143 1681 et

262 1697 346 1722 libros
361 1701 464 1722 tantum
479 1697 567 1722 minus
582 1701 658 1722 notos
672 1705 759 1730 pauca
773 1697 855 1722 verba
870 1697 1007 1722 faciemus.

356 1795 379 1819 1.
396 1794 543 1820 Richardus
557 1795 590 1819 de
609 1795 636 1819 S.
657 1795 770 1824 Victore,
790 1795 831 1820 De
852 1795 1043 1820 Emmanuele
1055 1794 1162 1828 (Migne,
1182 1795 1290 1824 cxcw,
1305 1795 1372 1826 601),
1387 1795 1415 1819 in
1429 1795 1541 1827 prologo
1556 1796 1715 1820 mentionem
1730 1796 1793 1820 facit
1811 1797 1933 1829 magistri
1948 1798 2075 1827 Andreae,
2096 1797 2141 1830 qui

261 1839 346 1864 isaiae
359 1839 571 1872 explanationem
585 1839 739 1872 scripserat,
755 1839 782 1863 in
792 1847 844 1872 qua
859 1839 947 1863 minus
959 1842 1035 1864 caute
1050 1847 1129 1871 saepe
1142 1839 1305 1864 Judaeorum
1319 1839 1480 1872 objectiones
1490 1839 1573 1872 ponit,
1586 1848 1632 1864 nec
1647 1843 1735 1864 tamen
1749 1841 1836 1870 solvit,
1853 1841 1891 1865 sic
1905 1841 2048 1874 praecipue
2060 1850 2142 1874 super

260 1883 330 1910 Eece
347 1883 430 1915 virae
448 1883 584 1915 concipiet
599 1885 631 1914 (c.
648 1884 681 1916 7).
703 1883 851 1908 Richardus
865 1883 992 1908 exscribit
1005 1887 1067 1916 post
1087 1884 1229 1916 prologum
1245 1883 1322 1916 quasi
1341 1891 1390 1915 pro
1405 1883 1446 1907 sui
1467 1883 1556 1916 operis
1578 1884 1771 1909 introductione
1792 1892 1798 1909 ι
1822 1885 1990 1916 objectiones
2011 1886 2142 1918 maqistra'

261 1929 393 1955 Andreae
405 1929 566 1954 secundum
582 1929 659 1960 quod
669 1928 773 1954 Judaei
786 1928 876 1954 solent
890 1929 973 1954 nobis
984 1935 1126 1960 opponere
1139 1929 1173 1953 de
1187 1931 1283 1953 nostro
1298 1928 1462 1953 Emanuele.
1478 1928 1620 1960 Exemplar
1634 1928 1759 1953 Richardi
1774 1937 1856 1962 supra
1869 1929 2006 1954 laudatum
2021 1930 2059 1954 sic
2074 1930 2141 1955 inci-

258 1972 359 2006 piebat,
375 1973 444 1997 sicut
457 1975 483 1997 et
497 1973 524 1996 in
539 1972 609 1997 Bibl.
625 1975 679 1997 nat.
695 1972 780 1997 Paris.
797 1980 846 1996 ms.
862 1972 909 1996 lat.
926 1973 980 2002 125,
995 1972 1041 1997 sol.
1057 1973 1095 1996 81.
1111 1986 1143 1991 -
1154 1973 1176 1996 2.
1193 1972 1336 2005 Perper-am
1350 1972 1393 1996 hic
1408 1971 1506 1996 dicitur
1521 1981 1533 1996 (ι
1551 1973 1583 1996 de
1598 1973 1626 1998 S.
1641 1973 1745 1997 Victore
1760 1981 1783 2003 ι),
1799 1982 1859 1998 cum
1872 1974 1967 1998 debeat
1981 1974 2062 1998 scribi
2079 1983 2092 1999 s
2108 1975 2140 1999 de

260 2017 288 2042 S.
301 2017 444 2043 Geremaro
459 2026 481 2041 ».
498 2017 658 2050 Designatur
678 2017 749 2042 enim
768 2016 924 2049 Radulphus
945 2016 1123 2041 Flaviacensis
1138 2016 1283 2040 monachus
1299 2017 1348 2047 (St.
1364 2016 1474 2041 Gen-mer
1488 2017 1520 2041 de
1535 2017 1628 2048 Flam,
1644 2025 1712 2042 saec.
1725 2018 1781 2047 ΧΠ,
1797 2018 1872 2050 eujus
1885 2027 1953 2050 opus
1968 2027 2049 2051 super
2064 2019 2140 2043 Levi-

259 2061 341 2087 ticnm
355 2062 469 2086 multum
483 2065 541 2086 erat
561 2061 738 2094 divulgatum.
754 2062 847 2086 Exstat
861 2061 1006 2094 separatim
1020 2070 1045 2086 v.
1062 2070 1088 2094 g.
1109 2061 1136 2085 in
1156 2061 1225 2085 Bibl.
1248 2064 1302 2085 nat.
1326 2060 1410 2085 Paris.
1438 2069 1501 2085 mss.
1525 2061 1572 2086 lut.
1588 2062 1705 2086 377-383.
1721 2062 1769 2086 Ed.
1786 2062 1812 2086 in
1827 2063 1896 2088 Bibl.
1912 2070 1989 2088 max.
2005 2063 2139 2093 Patrum.

260 2106 338 2135 xvll.
353 2107 456 2132 47-248.
471 2119 503 2125 --
512 2107 536 2131 3.
552 2106 610 2131 Vat.
622 2107 703 2139 Reg.:
721 2115 733 2130 α
748 2107 780 2130 de
795 2106 897 2131 Omelia
906 2114 928 2130 n.
945 2106 1124 2138 Designantur
1138 2105 1269 2130 nomiline
1283 2106 1315 2130 de
1330 2105 1455 2130 laudibus
1471 2105 1589 2138 Virginis
1603 2106 1711 2137 Mariae,
1724 2106 1780 2131 sive
1796 2106 1925 2131 Homiliae
1939 2116 2020 2140 super
2034 2108 2141 2134 Missus

259 2155 309 2177 ut.
322 2150 440 2176 Libellus
454 2151 522 2175 alter
536 2158 619 2183 supra
632 2151 757 2175 laudatus
767 2154 808 2175 est
822 2150 950 2175 Bernardi
965 2150 1002 2175 De
1016 2150 1135 2174 moribus
1151 2153 1177 2174 et
1190 2149 1278 2174 officio
1292 2149 1479 2182 episcoporum
1490 2153 1628 2174 tractatus.
1638 2151 1701 2175 -4,
1714 2151 1799 2175 Flore.
1815 2151 1888 2175 Boiu?
1903 2152 1919 2175 i.
1936 2160 1959 2176 e.
1975 2152 2065 2176 Flores
2081 2152 2141 2176 Ber-

260 2195 337 2220 nardi
351 2194 449 2228 exejus
458 2194 594 2227 operibus,
606 2195 652 2228 qni
666 2195 693 2219 in
709 2203 773 2219 mss.
786 2203 865 2227 saepe
879 2198 1029 2219 occurrunt.
1040 2208 1072 2214 -—-
1082 2197 1105 2219 5.
1121 2194 1318 2219 Bartholomaei
1331 2193 1444 2226 Anglid,
1459 2194 1523 2219 Ord.
1539 2194 1601 2219 Min.
1618 2195 1658 2219 Cf.
1675 2195 1810 2224 Shuni-alea,
1826 2195 1970 2227 Supplem.
1983 2197 2021 2221 ad
2035 2196 2140 2228 Script-

261 2239 327 2265 ord.
342 2239 427 2268 uim,
448 2247 476 2272 p.
501 2239 555 2266 115.
577 2239 675 2264 Delisle
695 2239 722 2264 in
745 2239 818 2266 Hn'st.
835 2239 887 2265 litt.
906 2241 940 2264 de
956 2239 985 2264 la
1005 2239 1127 2269 France,
1151 2239 1225 2266 XXX.
1252 2239 1298 2263 353
1322 2247 1381 2271 sqq.
1398 2252 1430 2257 —
1443 2239 1467 2263 6.
1486 2238 1604 2263 Divinari
1625 2247 1677 2263 non
1696 2247 1839 2271 possumus
1857 2240 1994 2271 cujusnam
2013 2241 2138 2270 auctoris,

258 2292 318 2308 cum
333 2283 410 2308 multi
425 2283 578 2316 hujusmodi
592 2286 720 2308 tractatus
739 2287 800 2308 tunc
815 2283 943 2316 temporis
960 2283 1101 2316 compositi
1117 2283 1222 2308 fuerint.
1238 2296 1268 2302 —
1284 2284 1307 2308 7.
1323 2283 1464 2307 Alexandri
1479 2283 1601 2307 Neekam.
1620 2283 1659 2307 Cf.
1681 2283 1822 2307 editionem
1836 2287 1945 2308 curante
1959 2284 2008 2309 Th.
2024 2285 2137 2317 Wright.

258 2341 290 2348 —
303 2329 327 2352 8.
343 2327 450 2353 Roberti
474 2328 638 2360 Kilwardby,
653 2328 717 2353 Ord.
733 2328 839 2357 Praed..
862 2327 1056 2360 archiepiscopi
1071 2327 1278 2352 Cnutuariensis.
1296 2327 1358 2351 Μαι.
1375 2327 1500 2356 Omnino,
1521 2327 1621 2351 Merton
1637 2327 1712 2356 eost,
1734 2331 1763 2351 n⁰
1782 2328 1836 2357 261,
1858 2328 1902 2352 rol.
1929 2329 1966 2352 19.
1990 2328 2059 2353 Bibl.
2082 2332 2138 2353 nat.

259 2372 343 2397 Paris.
359 2380 423 2396 mss.
441 2372 488 2397 lat.
510 2372 600 2402 154493
616 2373 703 2397 16390.
723 2386 755 2391 -
774 2374 798 2396 9.
819 2372 911 2396 Exstat
930 2371 957 2396 in
978 2372 1048 2396 Bibl.
1063 2375 1117 2396 nat.
1133 2371 1218 2396 Paris.
1235 2379 1284 2395 ms.
1300 2371 1346 2395 lat.
1362 2372 1433 2400 6552,
1451 2371 1495 2395 rol.
1513 2371 1534 2395 1.
1552 2371 1676 2400 Oxonioe,
1693 2372 1792 2396 Merton
1810 2372 1887 2402 coll„
1902 2380 1950 2396 ms.
1967 2374 2022 2402 292,
2038 2373 2084 2398 fol.
2098 2374 2138 2399 70.

258 2417 385 2450 Magister
403 2417 537 2441 :ohannes
552 2417 584 2441 de
604 2417 754 2446 Siecaviila,
775 2417 911 2449 anglicus,
930 2419 995 2441 teste
1010 2416 1125 2441 Mattheo
1140 2416 1235 2446 Paris„
1260 2416 1364 2442 θὴν-οη,
1381 2416 1410 2444 V.
1434 2417 1488 2444 599,
1504 2423 1547 2440 an.
1563 2416 1624 2440 1256
1644 2416 1694 2440 suit
1716 2419 1802 2440 rector
1822 2417 2018 2446 Universitutis,
2033 2421 2059 2442 et
2077 2426 2136 2442 cum

259 2461 395 2494 magistris
409 2469 492 2494 snpra
513 2466 544 2485 n⁰
565 2462 612 2486 280
635 2460 778 2486 nominatis
793 2465 819 2486 et
838 2461 968 2493 magistro
982 2461 1102 2485 'ohanne
1123 2460 1198 2485 Belin
1215 2463 1308 2484 contra
1322 2460 1521 2484 Praedicatores
1541 2460 1574 2484 nd
1594 2460 1695 2484 curiam
1715 2461 1859 2485 Romanam
1879 2461 1958 2486 venit.
1976 2475 2007 2481 —-
2021 2462 2060 2486 10.
2077 2463 2098 2487 1.
2113 2470 2135 2487 e.

257 2506 398 2531 animandi
412 2506 445 2530 de
457 2506 591 2531 Pessafort.
602 2506 766 2538 Apparatum
781 2506 815 2530 ad
830 2506 887 2538 ejus
902 2506 1039 2530 Summam
1054 2505 1163 2537 scripsit
1175 2505 1333 2530 Guillelmus
1348 2503 1519 2529 Redonensis.
1534 2504 1573 2528 Cf.
1590 2504 1707 2534 Schulte,
1719 2504 1771 2530 Die
1787 2505 1949 2531 Gescht‘chte
1959 2507 2010 2531 der
2020 2506 2137 2534 Qucum

257 2558 287 2576 u.
302 2550 461 2576 Liueraaeur
473 2551 522 2576 des
535 2557 600 2576 can.
616 2550 727 2580 Rechts,
739 2550 772 2579 ll,
787 2550 842 2574 41³.
857 2563 890 2568 —
904 2550 942 2574 11.
959 2550 978 2574 1.
994 2558 1017 2574 e.
1033 2549 1195 2575 Sententiae
1208 2548 1278 2573 Petri
1293 2548 1444 2574 Lornburdi.
1455 2548 1534 2572 -12
1549 2548 1596 2572 llic
1611 2548 1766 2581 designatur
1780 2549 1913 2582 quoddam
1927 2551 2062 2583 exemplar
2072 2551 2137 2575 Con-

256 2594 458 2619 cordanciarum
473 2594 583 2623 Bibliae,
601 2594 671 2627 quod
685 2594 749 2618 olim
761 2593 891 2627 pertinuit
906 2594 939 2618 ad
954 2593 1089 2618 abbatiam
1104 2593 1187 2617 Vallis
1207 2592 1328 2617 Lucentis
1349 2592 1534 2623 (Vauluisant),
1550 2592 1614 2617 Ord.
1631 2592 1739 2617 Cisterc.
1757 2593 1940 2619 Verisimiliter
1958 2594 1985 2618 in
2003 2594 2135 2627 principio

258 2639 298 2664 vel
313 2639 340 2663 in
355 2639 406 2663 fine
422 2638 564 2663 voluminis
579 2638 675 2663 similis
690 2642 752 2663 nota
766 2638 836 2663 sicut
851 2638 878 2662 in
894 2646 943 2662 ms.
959 2638 1016 2667 lat„
1028 2646 1107 2662 nouv.
1119 2646 1188 2670 aeq„
1200 2637 1261 2662 1374
1274 2636 1353 2667 (Bibl.
1369 2639 1423 2661 nat.
1435 2636 1530 2666 Paris.)
1545 2636 1590 2662 fol.
1606 2636 1669 2661 109υ
1682 2641 1708 2661 et
1723 2637 1768 2661 110
1782 2637 1935 2670 legebatur:
1952 2639 2082 2664 lsteliber
2095 2643 2136 2664 cst

257 2683 385 2715 (ecclesie)
400 2683 476 2708 beate
492 2683 591 2708 Mariae
609 2683 692 2707 Vallis
712 2682 834 2708 Lucentis
857 2682 884 2707 in
907 2682 1138 2715 archiepiscopatu
1152 2681 1305 2707 Senonensi.
1320 2694 1351 2699 —
1367 2681 1404 2705 1³.
1422 2681 1491 2706 Petri
1511 2680 1680 2706 Comestoris.
1696 2695 1726 2700 —
1742 2682 1779 2706 14.
1796 2682 1938 2713 ῦοηιωάἰὶς
1959 2691 2071 2715 sequens
2095 2687 2136 2708 est

257 2727 397 2761 Fulgentii.
412 2741 445 2747 -
458 2728 496 2752 15.
513 2727 617 2760 Ubique
633 2735 639 2751 z
656 2736 668 2751 s
684 2727 830 2759 Solsequiis
844 2735 866 2751 s.
881 2740 913 2745 —
928 2727 966 2751 16.
982 2725 1284 2758 Pseudo-Areopagitae.
1299 2738 1331 2744 —
1346 2725 1383 2749 17.
1400 2724 1488 2750 Tertia
1503 2725 1627 2750 Summae
1639 2733 1712 2758 pars,
1728 2734 1807 2758 quam
1823 2726 1938 2751 Thomas
1953 2727 2133 2760 imperfectam

256 2772 372 2805 reliquit.
388 2772 486 2805 ubique
500 2772 641 2797 omittitur.
656 2772 733 2796 Forte
747 2774 809 2795 tunc
826 2771 953 2803 temporis
968 2779 1020 2795 nou
1034 2774 1092 2795 erat
1106 2770 1192 2795 adhuc
1211 2770 1324 2794 multum
1338 2769 1484 2802 divulgata.
1500 2782 1531 2788 —
1545 2769 1582 2794 18.
1600 2769 1719 2802 Ubique:
1733 2779 1744 2794 α
1758 2778 1808 2795 xxv
1819 2779 1841 2795 υ.
1856 2785 1887 2789 -
1899 2772 1935 2795 w.
1954 2772 1972 2796 Ι.
1989 2780 2012 2796 e.
2028 2772 2134 2797 Roberti

257 2817 420 2850 Kilwsrdby,
436 2817 468 2843 0.
483 2817 586 2845 Praed.,
600 2815 794 2848 archiepiscopi
809 2815 1017 2840 Cantuariensis.
1032 2828 1064 2834 —
1078 2816 1116 2839 20.
1133 2814 1197 2840 Ord.
1213 2815 1305 2839 Praed.
1321 2827 1353 2833 ·—
1367 2814 1406 2838 21.
1422 2813 1557 2839 Guillelmi
1574 2814 1606 2838 do
1622 2814 1746 2839 Melitona
1760 2823 1806 2839 ssu
1821 2815 1853 2839 de
1869 2816 1973 2845 Menon,
1990 2817 2052 2840 Ord.
2070 2817 2131 2840 Min.

255 2861 295 2886 Cf.
312 2869 395 2894 snpra
409 2866 439 2886 n⁰
455 2863 509 2886 2⁸⁶.
527 2874 558 2880 —
576 2862 614 2885 22.
636 2861 665 2885 ln
681 2861 744 2885 Cod.
761 2860 818 2885 vat.
838 2864 865 2885 et
884 2860 1002 2885 Britann.
1024 2859 1151 2884 scribitur
1166 2867 1171 2883 z
1194 2867 1206 2883 s
1224 2859 1295 2883 Bone
1312 2859 1427 2883 Fon-tune
1443 2866 1465 2889 ι),
1486 2861 1516 2883 ut
1533 2861 1559 2883 et
1578 2858 1643 2883 alibi
1665 2859 1821 2892 quandoque
1844 2859 1870 2883 in
1891 2869 1953 2884 mn.
1975 2861 2082 2892 legitur.
2103 2874 2131 2879 —

256 2906 295 2932 2³.
311 2906 331 2930 l.
347 2914 370 2931 e.
386 2905 522 2932 Guillelmi
539 2905 654 2936 Pei-aldi,
669 2905 733 2930 Ord.
750 2905 843 2930 Praed.
859 2905 922 2937 Ejus
938 2913 1073 2929 sermones
1088 2904 1120 2928 de
1135 2904 1256 2936 epistolis
1271 2906 1376 2927 exstant
1390 2902 1416 2927 in
1433 2902 1502 2927 Bibl.
1517 2905 1571 2927 nat.
1588 2903 1671 2927 Paris.
1689 2911 1739 2928 ms.
1754 2904 1799 2928 lut.
1816 2904 1900 2928 16472,
1919 2904 1982 2928 Vide
1996 2908 2132 2937 praeterea

257 2950 341 2983 ueoy
354 2950 387 2975 de
400 2950 426 2975 ls
442 2950 555 2979 narciso.
571 2950 613 2976 La
630 2951 728 2975 chaire
745 2949 898 2980 truncatu,
914 2950 928 2973 2
947 2949 999 2978 ed..
1014 2958 1041 2982 p.
1058 2949 1112 2978 130,
1128 2949 1183 2973 511.
1198 2961 1230 2967 -
1249 2949 1287 2972 24.
1311 2948 1387 2972 Forte
1405 2950 1447 2971 est
1466 2946 1519 2976 ilie,
1535 2946 1580 2980 qui
1595 2948 1666 2980 apud
1687 2947 1822 2977 shut-nien,
1839 2948 1941 2979 script.
1960 2949 2024 2974 Ord.
2048 2949 2131 2977 Min..

257 3003 282 3027 p.
298 2994 354 3025 ⁶72,
369 2995 503 3024 laudatur,
517 2997 544 3019 et
560 2995 594 3019 ad
608 2997 721 3019 aetatem
736 2994 910 3026 posteriorem
926 2995 1047 3019 refertur.
1064 3006 1095 3012 -
1110 2995 1148 3017 25.
1166 2993 1185 3017 l.
1201 3001 1223 3018 e.
1240 2991 1374 3018 Guillelmi
1389 2992 1422 3016 de
1437 2991 1567 3020 nuiliaco,
1584 2991 1647 3017 Ord.
1664 2992 1756 3016 Praed.
1774 2992 1836 3024 Ejus
1852 3001 1985 3017 sermones
2000 2993 2031 3016 de
2045 2993 2131 3017 ‹imni-

383 3040 481 3065 Gharae.
504 3039 583 3065 Unio.
601 3039 698 3065 Paris.
716 3042 736 3063 ι.
1975 3038 2005 3061 82
