2580 3528
458 382 526 414 398
1044 392 1363 415 eliani-uexatum
1398 393 1589 414 UNtvizns.
1626 393 1756 414 rmus.
2238 384 2339 424 [1259

462 466 526 498 Dei
558 473 589 498 et
622 466 819 499 animarum
852 466 1003 499 salutem
1036 466 1072 498 in
1103 466 1182 511 ipso
1214 467 1368 511 negocio
1400 465 1647 511 promovebis.
1679 466 1757 498 Leti
1783 466 1930 511 quidem
1962 466 2209 500 intelleximus
2239 467 2339 512 quod

462 540 497 566 tu
524 532 762 565 considerans
789 545 892 578 quam
921 533 1093 578 copiosus
1120 539 1154 565 et
1180 545 1284 578 quam
1313 532 1471 565 salubris
1498 533 1545 565 sit
1569 533 1710 566 fructus
1735 532 1915 566 facultatis
1941 533 2116 578 predicte,
2149 533 2187 566 in
2212 533 2339 567 eadem

461 600 604 632 civitate
636 606 850 644 perpetuum
881 598 1076 644 collegium
1110 599 1368 644 magistrorum
1399 599 1541 639 artium,
1581 598 1643 643 qui
1678 610 1695 631 a
1730 598 1946 632 liberalitate
1978 600 2077 644 regia
2108 600 2180 633 vite
2211 612 2342 634 neces-

462 667 555 699 saria
593 667 798 711 percepturi
836 666 970 698 ibidem
1009 665 1105 698 dicto
1144 666 1265 698 studio
1304 672 1443 703 vacent,
1486 665 1543 709 pie
1580 665 1772 698 instituere
1810 665 2042 708 decrevisti¹,
2083 667 2128 700 ad
2164 666 2233 700 hoc
2264 668 2340 712 jam

461 733 571 765 certis
598 732 767 765 domibus
793 732 1010 777 deputatis?
1039 732 1137 764 Licet
1162 738 1280 764 autem
1307 732 1343 764 in
1369 731 1440 763 hiis
1467 731 1604 776 regiam
1631 732 1800 777 pietatem
1827 733 2038 766 noverimus
2064 733 2193 779 pocius
2210 734 2341 779 ‘dignis

462 800 682 832 efferendam
723 799 906 844 preconiis
946 811 1051 843 quam
1090 798 1274 842 aliquibus
1313 797 1605 831 exhortationum
1651 798 1929 832 inductionibus
1973 800 2212 841 excitandam,
2257 801 2341 846 quia

464 874 581 899 tamen
620 873 651 899 te
689 878 833 910 semper
863 865 1041 897 bonorum
1080 872 1222 897 tuorum
1260 864 1438 909 proficere
1473 865 1641 910 cupimus
1677 865 1915 899 incrementis
1952 873 1992 899 ut
2027 867 2234 912 copiosiora
2270 874 2341 900 tam

462 934 554 966 same
585 932 679 977 apud
709 932 876 964 homines
907 944 1011 976 quam
1042 931 1137 976 apud
1168 932 1282 963 Deum
1314 931 1429 976 gratie
1466 931 1603 976 premia
1639 933 1894 977 consequaris,
1931 933 2091 978 regalem
2127 933 2343 967 munificen-

465 1000 546 1032 tiam
572 1011 756 1043 rogamus,
781 1010 971 1030 monemus
998 1004 1031 1030 et
1057 997 1243 1030 hortamur
1269 1004 1403 1030 attente
1429 998 1466 1030 in
1493 998 1748 1031 remissionem
1775 998 1841 1032 tibi
1867 999 2117 1044 peccaminum
2145 1000 2343 1034 suadentes

464 1066 633 1110 quatinus
659 1064 910 1104 considerans,
939 1076 1043 1108 quam
1071 1063 1275 1109 gloriosum
1302 1064 1366 1097 tibi
1393 1065 1462 1097 erit
1486 1064 1582 1110 apud
1607 1064 1776 1098 homines
1804 1072 1838 1098 et
1864 1077 1970 1110 quam
1996 1066 2223 1099 meritorium
2246 1066 2344 1112 apud

465 1134 579 1164 Deum
620 1138 653 1164 te
693 1131 936 1163 institutorem
978 1130 1064 1163 boni
1105 1137 1173 1163 tam
1214 1131 1505 1164 conmendabilis
1545 1132 1709 1164 extitisse
1749 1138 1785 1165 et
1821 1132 1865 1165 ad
1905 1132 2123 1166 sacrificium
2163 1132 2343 1167 labiorum

466 1206 600 1232 tantum
633 1198 696 1231 tibi
727 1197 922 1242 collegium
955 1197 1153 1242 obligasse,
1192 1197 1348 1230 feliciter
1378 1198 1551 1243 prosequi
1582 1205 1680 1231 tante
1715 1198 1844 1232 salutis
1881 1211 1975 1244 opus
2007 1206 2043 1232 et
2071 1206 2168 1232 tante
2199 1200 2345 1245 pietatis

467 1266 659 1311 negocium
692 1265 851 1309 tantique
888 1263 974 1296 boni
1013 1264 1099 1297 felix
1129 1265 1331 1309 auspicium
1370 1265 1406 1297 in
1437 1277 1501 1310 spe
1532 1265 1876 1313 certa-spiritalium
1913 1266 2137 1311 premiorum
2167 1278 2208 1299 ac
2237 1266 2344 1301 etiam

467 1345 531 1377 pro
562 1338 684 1364 nostra
715 1338 750 1363 et
778 1330 977 1375 apostolice
1008 1331 1108 1363 sedis
1139 1331 1348 1364 reverencia
1379 1343 1452 1364 non
1483 1331 1652 1364 desistas.
1680 1333 1758 1365 Dat.
1786 1332 1953 1377 Anagnie
1980 1332 2031 1377 iiij
2059 1344 2144 1365 non.
2171 1332 2345 1378 Augusti,

468 1398 697 1444 pontificatus
728 1398 843 1430 nostri
873 1410 968 1430 anno
998 1397 1138 1442 quinto.

567 1496 692 1520 Vidimus
714 1496 739 1518 in
760 1496 838 1519 Arch.
858 1499 910 1518 nat.
937 1495 1021 1519 Paris.
1043 1496 1076 1519 Μ.
1097 1497 1158 1524 69Α,
1182 1500 1210 1518 n⁰
1235 1498 1257 1519 5.
1282 1496 1359 1519 Deest
1383 1495 1512 1528 sigillum.
1535 1496 1630 1528 Incipit
1653 1504 1658 1520 ι
1677 1505 1688 1519 «
1704 1496 1844 1520 universis
1866 1500 2002 1528 presentes
2026 1497 2128 1520 litteras
2151 1497 2343 1530 inspecturis...

465 1542 595 1565 officialis
611 1541 682 1564 curie
697 1541 780 1564 Paris.
798 1541 910 1563 sulutem
925 1540 951 1563 in
967 1540 1086 1564 Domino.
1103 1540 1234 1564 Noveritis
1251 1549 1297 1563 uos
1313 1549 1381 1564 anno
1395 1541 1499 1564 Domini
1515 1541 1656 1564 millesimo
1671 1541 1851 1564 ducentesimo
1862 1542 1904 1564 1¹²⁰
1915 1549 1992 1570 nono,
2005 1541 2046 1565 die
2060 1541 2152 1565 max-tis
2163 1544 2225 1574 pout
2239 1541 2348 1566 octub-⁸

467 1585 658 1617 purificationis
670 1585 744 1608 beate
755 1585 835 1608 Mario
851 1585 962 1616 virginis
977 1585 1079 1608 litteras
1095 1585 1256 1616 apostolicas
1273 1585 1382 1608 inferius
1394 1589 1533 1609 annotatas
1545 1585 1644 1608 vidisse
1658 1585 1684 1608 in
1699 1585 1746 1609 hec
1762 1586 1843 1609 verba
1856 1594 1867 1608 υ
1877 1594 1882 1614 ;
1894 1586 1991 1609 desinit
2006 1589 2095 1609 autem
2109 1594 2169 1610 cum
2183 1586 2225 1609 his
2239 1585 2347 1610 verbis:

468 1639 481 1654 «
498 1630 697 1661 Transcriptum
709 1638 769 1653 vero
785 1630 915 1652 dictarum
928 1629 1077 1653 litterarum
1094 1629 1203 1653 fecimus
1218 1629 1268 1653 sub
1284 1629 1373 1661 sigillo
1389 1633 1479 1653 nostro
1495 1630 1570 1653 salvo
1583 1629 1643 1661 jure
1659 1630 1754 1654 alieno.
1770 1630 1867 1653 Datum
1882 1638 1950 1653 anno
1966 1633 1992 1654 et
2006 1630 2048 1653 die
2063 1630 2200 1662 predicti&
2217 1638 2228 1653 »³

565 1715 586 1738 1.
603 1714 750 1738 Ludovicus
767 1715 799 1738 lx
815 1714 857 1737 hic
873 1714 948 1746 quasi
964 1715 1088 1738 fundator
1104 1714 1215 1746 Collegii
1230 1715 1262 1738 de
1278 1715 1397 1738 Sorbona
1412 1715 1544 1738 laudatur.
1557 1715 1657 1746 Pupam
1669 1723 1731 1738 vero
1746 1715 1924 1738 Alexandrum
1939 1715 2041 1738 nullam
2051 1714 2159 1739 Roberti
2173 1715 2205 1738 de
2219 1715 2350 1744 Sol-bona,

470 1759 577 1791 proprie
594 1759 749 1787 fundatoris,
766 1759 886 1782 notitiam
902 1759 1027 1782 habuisse
1042 1759 1186 1782 verisimile
1201 1762 1249 1782 est.
1265 1773 1296 1776 —
1311 1760 1333 1782 2.
1348 1759 1412 1782 Vide
1427 1768 1509 1791 supra
1525 1759 1558 1782 n¹⁸
1573 1760 1628 1787 302,
1644 1758 1699 1783 3⁴29.

470 1960 584 1996 348.
608 1969 734 1994 Litterae
749 1967 977 2004 supplicator-iae
992 1967 1155 1994 Alexandri
1171 1969 1214 1993 IV
1224 1967 1264 1993 ad
1275 1967 1427 2004 praelatos
1444 1968 1524 2002 regni
1539 1967 1681 1994 Franciae
1694 1976 1747 2003 pro
1759 1966 1940 2003 pauperibus
1957 1966 2105 2001 magistris
2115 1965 2151 1992 de
2168 1966 2308 2001 Sorhona,
2321 1969 2353 1992 ul

561 2018 602 2043 eis
618 2017 818 2043 eleemosinam
834 2019 992 2051 conferant.

1671 2061 1747 2091 1259,
1764 2060 1873 2093 Augusti
1884 2061 1909 2091 4,
1925 2060 2062 2094 Ληιιρηῐαο.

563 2137 767 2169 Alexander
797 2136 992 2181 episcopus
1023 2148 1152 2169 servus
1182 2148 1371 2168 servorum
1405 2135 1469 2168 Dei
1497 2135 1771 2169 venerabilibus
1807 2135 1982 2168 fratribus
2013 2135 2197 2169 universis
2236 2134 2354 2168 archi·

474 2204 657 2248 episcopis
692 2210 727 2236 et
756 2203 940 2248 episcopis
971 2202 1073 2247 regni
1106 2202 1254 2235 Fraurie
1285 2202 1437 2235 salutem
1469 2209 1504 2236 et
1533 2202 1768 2248 apostolicam
1800 2202 2110 2235 benedictionem.
2141 2202 2353 2235 Animarum

474 2271 639 2311 salutem,
671 2282 775 2315 quam
808 2282 918 2315 super
948 2269 1067 2302 omnia
1096 2269 1277 2314 cupimus,
1305 2281 1347 2301 ex
1377 2269 1498 2301 studio
1523 2268 1728 2314 theologice
1751 2269 1930 2302 facultatis
1962 2269 2154 2314 provenire
2180 2269 2355 2312 scientes,

477 2337 643 2382 personis
674 2336 855 2369 docilibus
886 2336 921 2368 in
953 2336 1076 2368 eadem
1108 2335 1275 2368 facultate
1306 2335 1478 2368 studendi
1510 2335 1595 2368 dare
1625 2335 1809 2368 materiam
1841 2342 1875 2367 et.
1900 2336 1997 2379 pium
2021 2335 2226 2368 subsidium
2247 2335 2356 2368 affec-

477 2411 603 2436 tamus.
632 2404 720 2436 Cum
748 2403 859 2448 igitur
882 2402 983 2435 multi
1005 2403 1078 2435 sint
1098 2403 1258 2435 Parisius
1280 2402 1408 2435 artium
1432 2402 1676 2447 professores,
1699 2401 1759 2446 qui
1786 2401 1871 2434 licet
1892 2401 1965 2434 sint
1985 2401 2124 2434 dociles
2145 2409 2181 2435 et
2199 2401 2356 2435 habeant

478 2471 513 2502 iu
557 2470 681 2502 eadem
725 2470 891 2502 facultate
927 2470 1085 2502 animum
1125 2469 1169 2502 ad
1206 2469 1441 2510 studendum,
1487 2475 1606 2502 tamen
1652 2474 1862 2513 paupertate
1901 2467 1945 2500 ab
1984 2467 2195 2512 hujusmodi
2232 2468 2354 2500 studio

480 2536 721 2575 retrahuntur,
749 2536 1021 2569 universitatffln
1048 2542 1202 2569 vestram
1228 2548 1412 2581 rogamus,
1435 2547 1626 2569 monemus
1648 2541 1683 2568 et
1703 2534 1890 2567 hortamur
1909 2540 2042 2567 attente
2069 2546 2133 2579 per
2157 2533 2356 2578 apostolica

478 2602 582 2635 vobis
622 2603 753 2647 scripta
792 2603 828 2634 in
869 2603 1121 2635 remissionem
1160 2603 1407 2648 peccaminum
1444 2602 1652 2643 suadentes,
1693 2601 1864 2646 quatinus
1903 2601 1940 2633 in
1979 2600 2171 2645 hujusdem
2211 2600 2357 2645 pietatis

479 2680 589 2713 opere
624 2669 801 2701 carissimi
834 2669 869 2700 in
900 2669 1046 2702 Christo
1077 2669 1141 2702 filii
1177 2670 1293 2702 nostri
1324 2669 1423 2714 regis
1455 2670 1674 2701 Francorum
1710 2667 1865 2700 illustris
1895 2667 2123 2700 attendentes
2159 2660 2355 2712 exemplar,

480 2735 541 2779 qui
565 2734 752 2767 nonnullis
778 2735 869 2767 sicut
896 2726 1101 2780 accepimus
1128 2748 1171 2768 ex
1195 2735 1407 2782 hujusmodi
1434 2734 1706 2781 professoribus
1732 2734 1776 2767 ad
1803 2733 2023 2767 studendum
2045 2733 2082 2766 in
2103 2745 2203 2766 sacra
2226 2733 2357 2778 pagina

481 2807 517 2833 et
553 2801 760 2833 mansiones
796 2807 828 2832 et
865 2808 1031 2845 sumptus
1066 2802 1110 2834 de
1147 2802 1236 2835 fisco
1266 2802 1369 2847 regio
1407 2802 1531 2835 statuit
1565 2800 1784 2846 assignari’,
1817 2799 1954 2845 singuli
1984 2806 2145 2833 vestrum
2181 2799 2358 2844 predictis

481 2867 610 2899 artium
642 2867 913 2911 professoribus
943 2868 1102 2902 Pan-isius
1133 2869 1170 2902 in
1201 2870 1334 2913 prefata
1365 2868 1599 2901 scientiarum
1630 2867 1781 2900 scientia
1812 2866 2047 2900 studentibus
2076 2878 2279 2909 congruum
2312 2865 2357 2898 de

483 2933 590 2965 bonis
620 2933 752 2966 vestris
776 2934 877 2978 juxta
907 2934 1069 2978 ipsorum
1100 2935 1317 2980 exigentiam
1344 2935 1448 2968 annis
1474 2934 1632 2980 singulis
1659 2933 1802 2979 pietatis
1828 2933 1960 2966 intuitu
1986 2932 2192 2966 subsidium
2218 2933 2359 2977 impen-

2574 2679 2580 2759 ἔ

2575 2762 2580 2787 l

2573 2794 2580 2839 Ξ

2574 2849 2580 2861 π

2572 2871 2580 2915 i
