2580 3528
483 395 550 427 438
776 410 779 413 ·
1067 403 1386 425 CHARTULARIUM
1422 402 1612 424 UN1vans.
1649 402 1779 424 PAnls.
2265 390 2365 433 [1264

482 479 531 507 cis,
547 482 573 502 et
587 479 667 502 etiam
682 478 704 501 si
718 479 779 509 plus
796 486 846 501 non
863 479 986 507 facerent,
1002 477 1035 500 ab
1051 477 1088 500 eis
1104 486 1145 500 me
1160 481 1252 508 reputo
1270 477 1416 508 plurimum
1431 477 1590 500 honoratum
1605 484 1627 499 n.
1648 477 1712 507 Reg.
1732 476 1790 499 Vat.
1809 475 1911 499 Nicolai
1931 476 1967 499 111
1989 477 2027 505 (n0
2042 477 2091 506 39),
2112 484 2153 507 ep.
2171 475 2289 499 19.-Post
2307 475 2364 507 ejus

483 524 638 548 electionem
653 523 771 546 canonici
787 522 934 546 adversarii
950 522 982 545 ad
999 522 1087 545 sedem
1103 522 1277 553 apostolicam
1292 525 1383 545 contra
1393 530 1453 544 eum
1468 521 1646 552 appellarunt,
1658 524 1683 544 et
1694 520 1750 544 Odo
1765 520 1825 552 ipse
1841 528 1853 543 «
1863 520 1919 552 jam
1934 520 2007 544 senio
2017 521 2191 544 confractus»
2203 519 2230 543 in
2241 519 2366 544 manibus

485 568 586 592 Nicolai
600 576 695 599 papae,
708 567 753 599 qui
768 567 921 591 electionem
936 566 1039 590 irritam
1054 566 1246 598 pronuntiavit,
1262 566 1350 590 cessit.
1367 566 1434 589 Ibid.

485 721 599 758 396.
628 730 758 756 Urbanus
774 731 819 756 IV
828 729 956 755 decernit
974 737 1012 754 an
1033 727 1196 763 Stephanus
1213 726 1406 753 cancellarius
1422 726 1600 753 Par-islensis
1620 727 1761 763 incipiens
1777 735 1875 762 regere
1891 726 1920 752 in
1941 726 2101 762 theologica
2116 726 2260 762 facultate
2282 726 2366 753 testi-

574 780 697 805 monium
709 778 862 815 perhibere
877 778 982 804 debeat
996 777 1032 803 de
1047 776 1233 803 licentiandis
1250 777 1278 802 in
1292 775 1392 802 eadem
1407 775 1560 809 facultate.

1547 865 1620 895 1264,
1636 865 1697 891 maii
1707 866 1752 895 26,
1768 866 1837 898 apud
1850 865 1938 892 Urbem
1953 867 2076 892 Veterem.

575 942 761 987 Magistris
788 940 1002 986 regentibus
1030 940 1190 973 Parisius
1212 940 1249 972 in
1270 939 1477 984 theologica
1496 939 1677 972 facultate.
1705 940 1758 972 Ex
1780 946 1881 985 parte
1900 946 2022 974 vestra
2045 940 2113 973 fuit
2137 939 2365 985 propositum

484 1021 606 1043 coram
635 1008 755 1049 nobis,
785 1008 883 1053 quod
911 1019 975 1052 per
1003 1007 1126 1040 sedem
1155 1006 1390 1051 apostolicam
1419 1013 1476 1039 est
1502 1012 1689 1048 statutum,
1717 1013 1757 1039 ut
1783 1006 1948 1052 magistri
1975 1013 2167 1052 postquam
2191 1005 2367 1040 licentiati

485 1076 621 1109 suerint
646 1075 683 1107 in
710 1074 915 1119 theologica
945 1073 1126 1115 facultate,
1158 1080 1349 1118 antequam
1380 1073 1417 1105 in
1447 1073 1525 1118 ipsa
1555 1085 1685 1118 regere
1715 1073 1903 1118 incipiant,
1934 1079 2100 1119 prestent
2128 1072 2368 1119 corporaliter

479 1144 726 1187 juramentum
758 1141 802 1174 de
836 1140 1064 1186 perhibendo
1100 1139 1208 1172 fidele
1243 1140 1491 1173 testimonium
1527 1140 1572 1173 de
1607 1139 1837 1174 bachallariis
1867 1140 1904 1173 in
1933 1140 2101 1174 facultate
2134 1139 2368 1173 licentiandis

485 1208 648 1242 eademst
684 1209 775 1241 Sane
806 1207 980 1252 magistro
1011 1206 1193 1252 Stephano
1231 1206 1448 1240 cancellario
1479 1207 1928 1252 Parisiensi’incipiente
1963 1207 2165 1253 regere'in
2198 1205 2367 1240 facultate

486 1276 647 1321 predicta
690 1287 755 1308 vos
798 1281 931 1307 attente
973 1274 1168 1307 monuistis
1204 1274 1374 1315 eundem,
1410 1280 1449 1306 ut
1482 1273 1694 1319 hujusmodi
1723 1275 1972 1319 juramentum
2006 1274 2162 1320 prestari
2203 1273 2247 1307 ab
2285 1272 2367 1307 aliis

484 1349 700 1376 consuetum
726 1341 898 1374 exhibere
925 1347 1080 1382 curaret,
1113 1341 1161 1374 ita
1188 1347 1307 1374 tamen
1338 1340 1436 1386 quod
1466 1341 1545 1386 ipse
1576 1341 1662 1374 dum
1688 1347 1788 1374 esset
1812 1340 2051 1374 cancellarius
2077 1340 2295 1374 Parisiensis
2321 1339 2367 1374 ad

486 1409 752 1455 perhibendum
778 1408 1026 1441 testimonium
1053 1408 1201 1440 minime
1226 1414 1425 1440 teneretur.
1452 1409 1589 1441 Verum
1611 1408 1798 1453 predictus
1817 1407 2058 1441 cancellarius
2084 1407 2122 1440 in
2150 1419 2214 1441 sua
2241 1407 2367 1454 incep-

485 1477 583 1509 tione
610 1476 745 1509 dictum
771 1482 933 1520 prestare
960 1474 1078 1508 noluit
1092 1475 1353 1520 juramentum,
1376 1474 1600 1520 pretendens
1621 1474 1720 1520 quod
1740 1474 1928 1508 licentiare
1948 1473 2189 1508 bachallarios
2209 1473 2369 1520 pertinet

484 1543 529 1576 ad
560 1543 730 1583 eundem,
760 1549 908 1587 propter
936 1541 1034 1587 quod
1062 1548 1226 1586 prestare
1254 1541 1323 1574 tale
1348 1542 1595 1586 juramentum
1626 1541 1855 1586 aliquatenus
1883 1553 1957 1574 non
1985 1541 2163 1574 tenetur³.
2195 1541 2367 1575 Ceterum

485 1610 591 1643 vobis
629 1609 880 1643 asserentibus
915 1609 1036 1654 ipsum
1070 1621 1135 1654 pro
1169 1609 1358 1654 magistro,
1396 1608 1513 1642 donec
1548 1608 1760 1653 hujusmodi
1794 1609 2042 1653 juramentum
2081 1607 2295 1653 prestiterit,
2330 1607 2368 1641 in

485 1683 646 1711 vestrum
688 1676 912 1709 consortium
955 1682 989 1709 et
1027 1675 1071 1708 ad
1106 1681 1278 1709 tractatus
1312 1675 1425 1708 vestri
1460 1675 1609 1721 collegii
1643 1674 1853 1708 nullatenus
1893 1674 2171 1717 admittendum,
2212 1674 2369 1720 ipsoque

485 1743 703 1777 cancellario
730 1755 769 1776 se
795 1743 839 1775 ad
865 1742 932 1775 hec
960 1742 1222 1775 nichilominus
1249 1742 1455 1788 ingerente,
1483 1741 1670 1787 theologie
1698 1742 1859 1775 studium
1887 1741 2043 1775 civitatis
2070 1741 2303 1782 Parisiensis,
2329 1741 2368 1775 in

485 1822 557 1855 quo
580 1810 710 1843 exinde
731 1821 840 1855 grave
862 1809 1071 1842 scandalum
1094 1815 1150 1842 est
1170 1815 1348 1850 exortum,
1372 1815 1522 1854 propter
1542 1808 1611 1842 hoc
1632 1808 1884 1854 multipliciter
1904 1808 2113 1854 impeditur.
2136 1809 2211 1841 Nos
2231 1807 2368 1853 itaque,

486 1878 548 1922 qui
574 1877 841 1922 ampliationem
871 1877 988 1922 ipsius
1018 1876 1129 1909 studii
1159 1875 1355 1921 plurimum
1381 1876 1603 1917 affectamus,
1630 1875 1796 1909 volentes
1817 1887 1928 1920 super
1947 1874 2015 1908 hoc
2045 1874 2136 1907 illud
2165 1873 2367 1909 remedium

485 1944 674 1985 adhibere,
700 1956 765 1989 per
790 1943 887 1989 quod
913 1943 1125 1988 hujusmodi
1150 1942 1321 1976 scandalo
1344 1949 1379 1976 et
1399 1942 1660 1988 impedimento
1687 1942 1879 1991 summotis
1904 1942 1941 1975 in
1961 1941 2074 1987 plene
2100 1941 2235 1986 quietis
2259 1947 2368 1986 atque

486 2011 625 2056 vigoris
651 2018 744 2044 statu
770 2011 865 2044 idem
892 2010 1050 2044 studium
1079 2010 1200 2043 divina
1226 2010 1368 2043 favente
1392 2009 1584 2043 clementia
1604 2009 1720 2043 valeat
1745 2008 1968 2048 conservari,
1989 2008 2159 2042 volumus
2185 2014 2221 2041 et
2244 2013 2368 2041 aucto-

488 2078 591 2111 ritate
617 2078 842 2123 presentium
869 2077 1108 2119 declaramus,
1136 2077 1234 2122 quod
1260 2076 1462 2122 prelibatus
1488 2076 1728 2110 cancellarius
1754 2082 1790 2109 et
1814 2087 2051 2110 successores
2076 2075 2135 2109 sui
2159 2074 2368 2108 cancellarii

487 2145 726 2186 Parisienses,
767 2145 828 2190 qui
867 2157 996 2190 regere
1034 2144 1071 2177 in
1110 2144 1278 2177 facultate
1313 2143 1518 2189 inceperint
1556 2143 1776 2189 supradicta,
1810 2143 1913 2188 juxta
1951 2142 2155 2189 predictum
2194 2147 2366 2175 statutum

487 2218 649 2257 prestare
683 2218 873 2245 teneantur
902 2211 1114 2256 hujusmodi
1139 2212 1399 2256 juramentum,
1431 2211 1478 2244 ita
1509 2217 1627 2244 tamen
1657 2210 1756 2255 quod
1785 2210 1830 2243 ad
1859 2209 2125 2255 perhibendum
2161 2208 2230 2242 tale
2264 2207 2368 2242 testi-

488 2279 647 2311 monium
683 2279 854 2323 quamdiu
889 2278 1096 2311 cancellarii
1130 2278 1357 2311 Parisienses
1392 2277 1529 2310 fuerint
1562 2277 1710 2310 minime
1744 2283 1948 2311 teneantur.
1985 2277 2064 2309 Dat.
2099 2275 2195 2321 apud
2229 2273 2367 2308 Urbem

487 2347 656 2379 Veterem
677 2346 724 2390 vij
748 2346 816 2378 kal.
839 2345 971 2386 Junii‘,
993 2357 1088 2378 anno
1109 2345 1175 2390 iij0.

581 2444 642 2474 Reg.
660 2444 716 2466 vat.
736 2443 837 2467 Urbani
853 2444 885 2467 IV
900 2452 942 2467 an.
959 2444 973 2466 3
990 2445 1028 2473 (n0
1043 2444 1091 2473 28),
1108 2451 1149 2475 ep.
1166 2444 1220 2471 259,
1236 2443 1280 2466 fol.
1297 2444 1326 2467 67
1335 2443 1355 2466 ¹¹.

582 2524 603 2546 1.
620 2523 684 2546 Vide
699 2531 781 2554 supra
796 2528 825 2546 n⁰
840 2525 877 2547 79.
893 2537 924 2541 --
939 2524 961 2547 2.
979 2524 1112 2555 Stephano
1128 2524 1260 2555 Tempier,
1277 2523 1332 2547 sive
1348 2524 1380 2547 de
1399 2523 1558 2552 Aurelianis,
1574 2526 1603 2547 ut
1617 2523 1644 2547 in
1659 2523 1815 2547 documento
1831 2530 1874 2546 an.
1891 2523 1961 2550 1266,
1977 2521 2075 2545 mensis
2091 2520 2165 2550 Julii,
2181 2520 2251 2544 infra
2261 2519 2332 2544 edito
2341 2522 2368 2544 et

488 2567 551 2590 alibi
567 2567 725 2590 nominatur.
743 2568 772 2590 In
787 2568 942 2591 documento
958 2568 1034 2591 Arch.
1051 2571 1104 2592 nat.
1122 2568 1206 2592 Paris.
1223 2569 1256 2592 M.
1273 2569 1311 2597 75,
1326 2572 1355 2591 n⁰
1368 2569 1423 2598 128,
1439 2569 1509 2600 quod
1524 2571 1711 2592 testamentum
1726 2567 1848 2599 magistri
1861 2566 1989 2590 Jolmnnis
2005 2566 2036 2589 de
2052 2564 2236 2594 Gondricuria,
2247 2563 2368 2588 canonici

488 2612 514 2634 S.
532 2611 659 2634 Johannis
676 2611 701 2634 in
717 2612 821 2639 Leodio,
838 2620 879 2635 an.
895 2613 965 2642 1262,
981 2612 1006 2635 in
1022 2612 1115 2644 vigilia
1127 2613 1152 2636 b.
1165 2612 1293 2636 Johannis
1305 2613 1424 2644 Baptista
1440 2614 1479 2644 (23
1493 2612 1585 2642 Junii),
1602 2611 1726 2640 continet,
1742 2611 1870 2643 magister
1885 2610 2035 2642 Stephanus
2051 2609 2185 2634 Aurelian.
2200 2617 2252 2632 non
2267 2608 2368 2632 canoel-

490 2655 581 2682 larius,
599 2656 644 2678 sed
660 2656 745 2678 adhuc
766 2656 922 2687 simpliciter
938 2665 948 2679 «
965 2657 1106 2683 canonicus
1123 2665 1134 2680 >³
1156 2657 1320 2688 designatur.
1337 2658 1366 2680 In
1383 2657 1492 2686 Cartal-
1511 2658 1545 2681 de
1564 2657 1594 2681 la
1613 2657 1761 2681 »sorbonne
1780 2664 1851 2684 vero,
1868 2655 1936 2679 Bibl.
1957 2657 2011 2678 nat.
2033 2653 2117 2678 Paris.
2139 2661 2189 2677 ms.
2212 2653 2258 2676 lat.
2279 2653 2369 2682 16069,

490 2700 534 2722 sol.
552 2700 606 2727 181³,
625 2699 650 2722 in
666 2700 820 2723 documento
837 2701 934 2723 mensis
954 2701 1050 2729 Martii,
1063 2710 1104 2725 an.
1123 2702 1183 2725 1262
1196 2701 1223 2733 (i.
1239 2710 1261 2725 e.
1278 2702 1358 2731 1263),
1372 2702 1461 2734 agitur
1475 2702 1507 2725 ‹le
1523 2710 1534 2725 «
1549 2702 1616 2725 bone
1631 2700 1757 2724 memorie
1772 2699 1929 2724 cancellario
1939 2699 1998 2731 (ms.
2015 2698 2170 2728 Quitelurio)
2187 2697 2332 2721 Parisienui
2342 2705 2367 2727 a,

490 2744 534 2775 qui
550 2744 693 2766 secundum
711 2744 814 2767 docum.
832 2745 875 2768 fol.
892 2745 920 2767 91
946 2747 1037 2776 (supra
1056 2750 1085 2768 n⁰
1107 2747 1161 2776 387)
1184 2749 1224 2769 est
1243 2746 1416 2770 llaimericus.
1439 2746 1594 2770 Antecessor
1614 2754 1677 2777 ergo
1698 2745 1826 2776 Stephani
1848 2744 1874 2768 in
1894 2743 2053 2768 cancellaria
2073 2745 2132 2766 ante
2152 2750 2270 2766 mensem
2288 2742 2366 2766 Mart.

489 2796 531 2811 an.
549 2788 618 2814 1263,
634 2788 813 2811 verisimiliter
828 2797 889 2811 vero
902 2792 964 2820 post
978 2790 1007 2812 23
1022 2790 1082 2813 Jun.
1099 2798 1141 2813 an.
1158 2790 1219 2813 1262
1235 2790 1308 2819 obiit,
1325 2794 1351 2814 et
1366 2791 1516 2822 Stephanus
1532 2791 1563 2814 de
1578 2789 1727 2814 Aurelianis
1742 2789 1812 2813 intra
1826 2789 1876 2812 hoc
1891 2788 2009 2820 spatium
2028 2788 2113 2811 factus
2133 2790 2173 2810 est
2191 2785 2367 2810 cancellarius

490 2832 657 2856 Parisiensis.
681 2833 746 2855 Nota
767 2841 849 2863 supra
868 2833 901 2856 ad
921 2837 971 2856 num
995 2834 1038 2856 191
1054 2834 1142 2865 posita
1162 2835 1200 2858 sic
1219 2835 1296 2858 debet
1315 2835 1422 2867 corrigi.
1443 2848 1475 2853 —-
1493 2836 1516 2859 3.
1534 2835 1572 2859 Ex
1592 2835 1640 2858 hoc
1661 2834 1729 2858 sicut
1747 2836 1773 2858 et
1791 2842 1822 2857 ex
1842 2832 2005 2856 documentis
2021 2831 2055 2855 n¹⁵
2074 2832 2120 2855 399
2139 2834 2165 2855 et
2183 2832 2230 2854 400
2245 2833 2367 2862 apparet,

488 2876 676 2899 cancellarium
698 2876 860 2907 Stephanum
880 2877 1012 2900 hominem
1032 2878 1175 2909 pertinacis
1198 2882 1223 2902 et
1241 2879 1389 2903 obstinatae
1409 2879 1504 2903 mentis
1525 2879 1615 2907 fuisse,
1631 2878 1749 2910 mireque
1763 2878 1862 2910 partim
1876 2877 2023 2909 explicatur
2033 2876 2100 2900 ratio
2118 2875 2152 2899 ab
2167 2875 2226 2907 ipso
2245 2883 2287 2899 an.
2305 2875 2366 2899 1277

489 2921 555 2944 inita
577 2921 602 2943 in
623 2921 838 2944 condemnatione
852 2922 897 2944 219
911 2930 1039 2945 errorum.
1057 2922 1120 2946 Vide
1133 2922 1203 2946 infra
1218 2923 1251 2946 ad
1266 2927 1317 2946 num
1331 2925 1385 2947 473.
1402 2938 1433 2942 —
1446 2925 1469 2948 4.
1486 2924 1529 2948 Sic
1545 2924 1571 2947 in
1590 2924 1664 2955 Reg.;
1681 2923 1727 2947 sed
1743 2924 1810 2946 forte
1823 2925 1933 2954 propter
1948 2921 2014 2945 duas
2030 2920 2157 2952 epistolas
2172 2920 2206 2943 nl·
2220 2920 2266 2943 399
2280 2922 2306 2943 et
2319 2920 2368 2943 400

490 2974 502 2988 «
519 2965 583 2989 Julii
596 2973 607 2987 η
624 2964 705 2996 (Junii
721 2966 764 2994 25).
775 2965 856 2988 scribi
871 2966 956 2990 debet.
