2580 3528
280 437 378 479 1234]
615 447 662 468 An
697 447 804 468 Anno
838 446 917 469 mcc
952 446 1084 475 usqua
1120 446 1168 468 An
1203 446 1434 468 PHILH’PUM
1470 447 1510 469 iv
1545 448 1633 469 nnc.
1671 448 1807 470 rame.
2094 441 2155 474 153

279 527 382 554 natus
410 520 520 554 fuerit
548 520 585 553 in
612 519 774 566 qualibet
802 519 982 562 facultate,
1009 519 1146 565 ubique
1173 520 1254 553 sine
1282 519 1350 553 alia
1380 521 1644 554 examinatione
1670 522 1822 566 regendi
1850 522 1999 555 liberam
2026 522 2151 557 habeat

278 593 504 632 potestatem,
527 586 698 620 nolumus
714 593 833 620 tamen
854 598 920 632 per
935 586 1004 620 hoc
1024 586 1283 620 consuetudini
1304 593 1337 619 et
1360 586 1503 620 statutis
1529 587 1690 620 Parisius
1713 588 1937 621 studentium
1961 589 2151 635 derogare,

277 653 488 687 mandantes
515 660 554 686 ut
578 653 673 687 sicut
691 652 867 687 hactenus
891 653 943 687 sic
971 653 1141 686 decetero
1166 653 1261 686 circa
1287 654 1588 686 examinationem
1611 654 1868 700 magistrorum
1895 655 2155 689 inviolabiliter

278 720 438 754 Parisius
458 719 688 762 observetur,
705 720 866 766 predicta
887 719 1116 765 indulgentia
1137 732 1210 753 non
1232 719 1412 753 obstante.
1436 722 1514 753 Dat.
1534 721 1699 754 Laterani
1720 721 1756 766 iij
1780 733 1866 754 non.
1888 722 2040 767 Aprilis,
2059 735 2153 755 anno

277 793 418 822 octavo.

371 885 434 916 Reg.
450 885 508 908 Vnt.
525 884 646 916 Gregorii
663 885 695 908 ΙΧ
710 893 752 909 un.
769 886 792 913 8,
809 893 849 917 ep.
867 885 905 913 13,
923 885 967 908 fol.
986 885 1056 908 171b.
1073 897 1106 904 -
1119 885 1217 912 valois,
1235 885 1400 909 Guillaume
1412 886 1600 916 d'Auveryne,
1617 895 1643 917 p.
1661 888 1717 912 363.

284 1073 391 1112 102.
422 1083 573 1110 Ordinatio
599 1083 727 1120 Capituli
748 1082 894 1118 generalis
919 1082 985 1109 Ord.
1012 1082 1118 1110 Praed.
1144 1083 1271 1109 Parisiis
1294 1083 1347 1109 sub
1370 1093 1444 1118 mag.
1468 1084 1594 1110 lordono
1619 1084 1759 1111 celebrati
1782 1084 1819 1111 de
1842 1085 1989 1111 nu'uondis
2014 1086 2157 1120 fratribus

368 1132 500 1159 Parisios
514 1131 555 1158 ad
568 1132 750 1159 studendum.

1463 1183 1539 1213 1234.
1554 1191 1644 1210 mense
1658 1183 1740 1213 dumo.
1755 1183 1870 1210 Parisiis.

368 1257 460 1290 Tres
479 1256 609 1290 fratres
630 1263 766 1290 tantum
788 1256 975 1290 mittantur
995 1256 1039 1290 ad
1060 1256 1222 1290 studium
1243 1257 1405 1290 Parisius
1425 1257 1470 1290 de
1488 1257 1687 1302 provincia.

374 1367 438 1392 eod.
451 1368 577 1392 Rutenen.
592 1367 798 1391 Constitutiones
813 1367 876 1392 Ord.
894 1368 987 1392 Praed.
1003 1368 1154 1398 [continens.
1174 1367 1252 1400 (saec.
1273 1368 1409 1398 xnl-xlv)
1430 1371 1455 1391 et
1475 1369 1508 1392 ad
1528 1369 1616 1400 ipsum
1631 1369 1751 1393 ordinem
1771 1370 1916 1401 pertinens.
1937 1384 1968 1388 ——
1983 1371 2090 1395 Archiv
2109 1371 2161 1402 Γᾶν

280 1412 448 1438 Lina-atur-
461 1413 525 1437 und
544 1411 758 1443 Kirchermesch.
784 1413 831 1436 des
854 1412 1048 1441 Mittelalters,
1074 1413 1094 1441 Ῐ,
1118 1413 1172 1441 226,
1195 1416 1224 1435 n⁰
1243 1413 1282 1436 36.
1301 1426 1334 1430 —
1352 1413 1421 1436 Haec
1446 1413 1579 1436 ordinatio
1607 1416 1692 1437 exstat
1715 1413 1741 1436 in
1764 1414 1911 1445 appendice
1936 1415 2158 1439 Constitutionum

280 1456 342 1481 anni
362 1457 432 1485 1228,
454 1464 522 1488 quae
542 1455 676 1488 appendix
691 1457 760 1480 ructa
784 1459 824 1480 est
844 1457 992 1480 1229-1236.
1014 1457 1043 1480 In
1065 1464 1124 1488 cap.
1141 1465 1231 1488 gener.
1249 1456 1388 1480 anni1236
1408 1457 1505 1480 dicitur
1528 1466 1533 1480 :
1553 1468 1562 1478 ι
1584 1458 1650 1481 Item
1669 1458 1850 1490 approbamus
1870 1459 2063 1483 ordinationem
2080 1460 2160 1484 studii

281 1502 377 1525 factam
391 1500 418 1524 in
432 1500 578 1533 penultimo
592 1500 709 1532 capitulo
724 1500 842 1524 Pan-isius
857 1501 989 1524 celebrato
1002 1511 1023 1526 ι.
1039 1501 1104 1533 Cap.
1120 1501 1296 1532 penultimum
1314 1501 1400 1524 locum
1415 1501 1510 1525 habuit
1524 1510 1592 1525 anno
1604 1502 1678 1530 1234:
1695 1506 1754 1526 actu
1770 1502 1848 1534 hujus
1864 1503 1973 1535 capituli
1992 1504 2111 1532 mutilato
2128 1506 2159 1527 ad

280 1554 328 1569 nos
342 1548 527 1578 pervenerunt.

287 1699 394 1737 103.
419 1708 571 1744 Gregorius
591 1709 636 1734 IX
652 1707 744 1735 Odoni
767 1707 870 1734 abbati
889 1712 917 1734 ee
935 1709 1083 1734 conventui
1104 1710 1131 1735 S.
1154 1709 1288 1735 Germani
1306 1708 1343 1735 de
1362 1709 1461 1735 Pratis
1479 1710 1597 1735 remittit
1613 1710 1780 1746 pensionem
1801 1712 1832 1737 P.
1850 1710 1978 1737 scholari
1997 1715 2066 1737 nato
2088 1712 2164 1738 sixti

371 1757 439 1784 civis
453 1757 577 1784 Romani
587 1756 816 1794 persolvendam.

1509 1807 1586 1838 1234,
1601 1807 1712 1841 Augusti
1723 1809 1756 1838 11,
1773 1808 1876 1841 Spoleti.

374 1908 396 1915 ..
418 1880 550 1915 Abbati
576 1887 612 1914 et
631 1881 827 1915 conventui
849 1881 969 1914 Sancti
990 1881 1183 1915 Germani'
1205 1881 1250 1914 de
1271 1881 1387 1915 Pratis
1407 1882 1639 1916 Parisiensis.
1663 1883 1731 1926 Qui
1755 1895 1952 1929 suppressa
1974 1884 2123 1918 veritato
2144 1898 2161 1918 a

283 1947 390 1982 nobis
418 1947 557 1982 litteras
582 1947 788 1994 impetrant,
818 1959 900 1981 cum
929 1947 1062 1982 veritas
1091 1948 1265 1993 patefacta
1294 1948 1417 1990 fuerit,
1449 1955 1577 1982 cavent
1605 1950 1799 1983 commodo
1834 1951 2057 1992 earumdem,
2090 1963 2160 1984 non

283 2014 390 2049 nobis
411 2014 477 2049 sed
491 2013 567 2048 *sibi
595 2013 731 2048 debent
759 2014 880 2060 potius
906 2014 1096 2060 imputare.
1127 2014 1227 2048 Sicut
1251 2015 1347 2047 enim
1369 2026 1413 2048 ex
1433 2022 1533 2060 parte
1558 2022 1677 2049 vestra
1698 2017 1765 2049 fuit
1793 2018 2020 2062 propositum
2041 2030 2160 2051 coram

284 2081 404 2123 nobis,
425 2093 506 2115 cum
528 2087 684 2126 quatuor
711 2087 779 2114 tam
807 2080 952 2114 clericis
973 2093 1079 2127 quam
1105 2080 1208 2114 laicis
1227 2081 1273 2114 ad
1294 2081 1500 2115 mandatum
1522 2089 1687 2116 nostrum
1710 2083 1746 2116 in
1766 2084 1897 2117 annuis
1922 2084 2163 2129 pensionibus

284 2147 461 2181 duxeritis
481 2146 763 2193 providendum,
783 2148 821 2180 P.
840 2147 993 2181 scolaris
1014 2153 1120 2181 natus
1141 2147 1264 2181 dilecti
1285 2147 1350 2181 filii
1372 2148 1460 2181 Sixti
1482 2148 1572 2182 civis
1594 2150 1745 2182 Romani
1768 2149 1865 2183 nulla
1886 2150 1931 2183 de
1952 2150 2022 2184 hiis
2044 2150 2162 2184 habita

285 2213 469 2248 mentione
489 2219 632 2247 nostras
662 2213 706 2247 ad
732 2225 798 2247 vos
828 2225 940 2260 super
967 2225 1086 2247 annua
1113 2214 1292 2259 pensione
1320 2214 1449 2260 viginti
1474 2213 1649 2248 librarum
1670 2216 1926 2261 parisiensium
1954 2217 2071 2250 donec
2092 2217 2162 2250 sibi

287 2280 471 2326 provisum
499 2285 598 2313 esset
622 2279 659 2312 in
685 2279 866 2313 beneficio
891 2279 1031 2313 litteras
1055 2280 1274 2326 impetravit,
1302 2280 1435 2314 dilecto
1461 2280 1571 2314 filio..
1595 2288 1743 2315 cantore
1764 2283 1938 2316 Trecensi
1960 2282 2030 2315 sibi
2052 2295 2163 2329 super

284 2346 354 2380 hoc
374 2352 568 2380 executore
587 2358 778 2380 concessu.
803 2346 923 2390 Quare
951 2346 1058 2380 nobis
1079 2346 1265 2380 humiliter
1285 2347 1533 2393 supplicastis,
1560 2354 1599 2381 ut
1617 2360 1698 2381 cum
1723 2349 1981 2382 monasterium
2002 2356 2161 2383 vestrum

286 2414 323 2446 iu
352 2412 561 2459 provisione
589 2412 805 2458 pensionum
840 2411 1051 2458 hujusmodi
1080 2424 1173 2458 pene
1207 2413 1486 2459 importabiliter
1516 2414 1563 2447 sit
1591 2421 1792 2459 gravatum,
1830 2415 2022 2461 providere
2053 2428 2164 2462 super

287 2479 354 2513 hoc
382 2479 489 2514 vobis
510 2479 797 2513 misericorditer
817 2479 1064 2525 dignaremur.
1094 2479 1238 2513 Vestris
1266 2479 1378 2525 igitur
1405 2479 1734 2526 supplicationibus
1763 2481 1924 2515 inclinati
1952 2483 2163 2516 auctoritate

287 2546 511 2592 presentium
537 2557 603 2580 vos
623 2558 643 2579 a
663 2545 874 2592 provisione
903 2545 981 2591 ipsa
1012 2545 1200 2579 reddimus
1225 2545 1415 2579 absolutos
1445 2546 1604 2592 optentis
1635 2559 1747 2593 super
1771 2547 1839 2581 hoe
1860 2561 1878 2581 a
1899 2548 2006 2582 nobis
2032 2548 2164 2583 litteris

288 2612 433 2658 penitus
454 2611 645 2646 revocatis.
668 2613 747 2646 Dat.
770 2611 909 2658 Spoleti
930 2611 966 2657 iij
989 2611 1039 2645 id.
1061 2612 1232 2657 Augusti,
1255 2624 1349 2645 anno
1372 2618 1512 2646 octavo.

382 2711 444 2743 neg.
460 2711 518 2735 vn.
533 2710 654 2743 Gregorii
670 2711 703 2735 lx
717 2718 759 2734 nn.
777 2711 801 2739 8,
818 2719 859 2743 ep.
877 2710 931 2738 189,
949 2710 992 2734 fol.
1011 2709 1081 2734 199⁵.

382 2794 404 2819 1.
420 2795 543 2819 Minister
557 2803 604 2819 neu
619 2795 768 2820 rubricator
782 2794 887 2827 Regesti
902 2803 1044 2827 perpet-nm
1059 2794 1184 2827 scrip-it:
1198 2804 1208 2817 ιι
1226 2794 1320 2818 Abbuti
1336 2798 1361 2818 et
1376 2794 1515 2818 conventui
1532 2795 1557 2818 S.
1575 2795 1706 2819 Genovot'e
1721 2796 1753 2819 de
1769 2796 1854 2820 pratis
1871 2797 1954 2821 Puris.
1974 2807 1984 2819 υ
2002 2798 2029 2821 ln
2046 2799 2164 2830 intui-gine

290 2839 393 2872 Regenti
408 2843 478 2864 recu
491 2843 521 2864 nt
535 2847 617 2872 mprn
632 2839 770 2872 inueriptio
786 2839 925 2864 indicatur.

416 3044 513 3070 Chare.
535 3044 611 3070 Unio.
630 3044 726 3070 Paris.
745 3046 765 3069 1.
2013 3047 2042 3069 20
