2580 3528
235 414 334 457 1280]
583 423 631 446 AB
664 422 771 445 Anno
805 422 883 445 mcc
908 422 1040 451 usqua*¹
1075 422 1123 444 Ao
1158 422 1386 444 rainerum
1422 423 1463 444 ιν
1497 423 1586 445 aso.
1623 424 1758 446 rame.
2043 415 2108 448 585

234 499 347 546 logie,
369 504 406 532 et
424 496 523 544 quod
542 484 759 542 apparenter
779 495 983 542 proficiant,
1006 502 1081 529 tum
1101 494 1218 529 libros
1237 495 1394 529 habeant
1412 502 1662 541 competentes
1683 503 1719 530 et
1738 497 1805 530 alia
1826 498 2042 531 necessaria.
2067 500 2110 531 Et

235 566 285 600 si'
307 564 463 599 clericos
482 563 640 597 habeant
658 563 695 596 in
715 562 800 596 villa
822 562 1061 604 exercendos,
1078 562 1138 596 vel
1158 574 1224 608 pro
1244 562 1326 596 aliis
1346 562 1514 596 laborent
1533 563 1570 596 in
1591 562 1659 596 alia
1679 563 1844 605 scientia,
1862 564 2032 598 nolumus
2052 564 2110 598 his

235 631 383 666 bursam
417 630 517 673 dare,
551 630 636 676 quia
669 629 823 663 intentio
858 636 982 663 nostra
1016 635 1073 663 est
1106 629 1354 663 tantummodo
1384 629 1482 663 veris
1511 636 1546 663 et
1575 630 1677 675 puris
1708 629 1930 675 pauperibus
1963 631 2110 664 assidue

235 697 469 733 studentibus
496 696 690 743 providere
717 703 752 730 et
778 708 842 730 eos
862 703 1079 730 sustentare.
1103 697 1206 738 Item,
1228 696 1384 729 dicimus
1404 696 1449 729 de
1471 695 1544 729 illis
1568 696 1630 741 qui
1657 696 1778 742 adepti
1804 697 1939 730 suerint
1964 697 2111 742 aliquod

237 764 423 799 sufficiens
457 762 690 803 beneficium,
725 775 790 808 per
821 763 927 808 cujus
962 763 1210 808 receptionem
1244 762 1398 796 aliorum
1438 763 1654 796 renunciant
1691 763 1905 809 paupertati.
1944 764 2044 804 Item,
2081 764 2111 797 si

237 831 370 878 aliquis
390 843 516 865 eorum
538 830 792 864 contentiosus
812 829 860 863 sit
879 836 915 863 et
935 830 1094 871 rixosus,
1116 830 1177 875 qui
1198 829 1290 863 alios
1310 830 1484 875 impediat
1502 829 1560 863 vel
1581 830 1734 863 aliorum
1760 842 1883 876 pacem
1910 830 2111 876 perturbet,

239 898 411 933 nolumus
436 898 470 931 ei
493 897 650 943 amplius
676 896 822 930 bursam
849 896 948 938 dare,
975 896 1046 930 nisi
1073 908 1112 930 se
1138 897 1257 942 ipsum
1282 897 1497 930 festinanter
1521 897 1732 930 correxerit.
1761 897 1859 930 Idem
1886 897 2042 931 dicimus
2067 898 2112 931 de

239 965 314 999 illis
339 965 400 1010 qui
427 964 519 998 male
543 964 616 997 vite
640 963 776 997 suerint
799 963 857 996 vel
882 963 989 997 etiam
1015 963 1213 1004 diffamate,
1241 970 1277 997 et
1302 963 1471 997 volumus
1497 963 1595 1009 quod
1619 963 1680 997 alii
1706 963 1813 998 nobis
1840 971 2030 998 teneantur
2055 964 2114 998 vel

240 1031 348 1066 alicui
368 1031 442 1073 alii,
464 1042 530 1077 per
549 1042 657 1076 quem
679 1030 773 1064 scire
793 1029 990 1071 valeamus,
1012 1030 1187 1072 revelare,
1210 1030 1293 1076 quia
1313 1042 1386 1064 non
1406 1030 1630 1064 intendimus
1651 1031 1845 1076 providere
1870 1031 2054 1076 perversis
2080 1037 2117 1064 et

242 1097 403 1144 dyscolis
424 1104 460 1132 et
482 1097 634 1131 ribaldis
654 1103 690 1130 et
708 1096 911 1138 lusoribus,
933 1096 991 1131 vel
1011 1096 1313 1142 prosecutoribus
1334 1097 1565 1130 meretricum
1591 1103 1627 1130 et
1651 1096 1893 1139 tabernarum,
1916 1098 1982 1131 sed
2007 1097 2117 1131 bonis

242 1171 279 1200 et
297 1164 395 1199 veris
415 1163 633 1206 scolaribus,
656 1175 721 1209 per
741 1175 834 1209 quos
855 1163 973 1209 possit
993 1163 1169 1197 ecclesie’
1191 1163 1376 1209 provideri
1397 1170 1434 1197 et
1452 1164 1650 1197 animarum
1677 1163 1796 1197 saluti.
1820 1165 1922 1206 ltem,
1945 1164 2116 1199 nolumus

243 1231 343 1278 quod
366 1243 447 1265 cum
472 1231 519 1264 iis
543 1237 685 1264 maneat
708 1230 841 1275 aliquis
861 1230 964 1264 dives
985 1218 1047 1275 qui
1067 1230 1160 1264 alios
1180 1237 1354 1276 provocet
1373 1230 1417 1263 ad
1438 1230 1521 1276 plus
1546 1230 1841 1276 dependendum,
1863 1231 1921 1265 vel
1947 1231 2119 1277 impediat

243 1298 288 1334 ad
313 1297 591 1344 proficiendum.
614 1297 652 1331 Si
672 1303 790 1330 autem
813 1296 967 1342 predicti
987 1296 1150 1330 scolares
1170 1297 1287 1330 nostri
1307 1296 1463 1342 aliquem
1485 1297 1633 1345 divitem
1654 1296 1842 1343 pacificum
1868 1309 1991 1331 secum
2019 1310 2119 1332 rece-

245 1365 378 1411 perint,
405 1363 575 1398 volumus
603 1363 701 1409 quod
726 1375 792 1409 pro
819 1375 960 1396 camera
987 1375 1051 1396 sua
1076 1363 1206 1409 viginti
1230 1363 1371 1397 solidos
1396 1363 1588 1409 parisiens.
1616 1363 1759 1397 solvere
1786 1371 1987 1398 teneantur.
2015 1366 2117 1407 Item,

245 1430 417 1467 nolumus
438 1430 536 1476 quod
557 1442 639 1463 cum
659 1429 704 1464 iis
726 1436 867 1463 maneat
885 1429 1018 1475 aliquis
1038 1430 1100 1475 qui
1120 1441 1192 1462 non
1214 1441 1258 1463 ex
1279 1436 1352 1463 toto
1372 1436 1475 1463 vacet
1495 1429 1691 1475 theologie.
1710 1431 1813 1470 Item,
1831 1430 2002 1464 nolumus
2022 1431 2120 1476 quod

244 1497 329 1531 libri
354 1496 676 1531 accommodentur
697 1507 762 1542 per
782 1495 903 1530 villam
924 1495 969 1529 ad
990 1495 1308 1530 transcribendum
1330 1495 1387 1530 vel
1409 1496 1515 1530 etiam
1537 1496 1773 1539 studendum,
1795 1497 1878 1542 quia
1899 1497 1951 1530 sic
1972 1497 2123 1543 possent

246 1563 351 1611 perdi
370 1563 428 1598 vel
449 1563 604 1597 diminui
623 1562 681 1597 vel
701 1563 809 1596 etiam
830 1562 1032 1608 inquinari;
1056 1569 1092 1596 et
1110 1562 1280 1597 volumus
1301 1563 1399 1608 quod
1419 1575 1544 1596 eorum
1566 1563 1731 1597 custodia
1752 1564 1973 1609 deputentur
1992 1565 2053 1610 qui
2077 1565 2122 1598 de

246 1631 293 1665 iis
316 1629 458 1665 valeant
478 1629 703 1676 respondere
724 1630 880 1675 integre.
902 1636 939 1664 et
958 1630 1020 1675 qui
1041 1629 1123 1663 aliis
1143 1630 1352 1663 ministrent
1371 1636 1406 1663 et
1426 1630 1602 1671 dividant,
1624 1637 1732 1676 prout
1755 1630 1914 1664 viderint
1938 1631 2121 1677 expedire.

246 1697 428 1733 Volumus
453 1697 559 1730 etiam
585 1703 621 1730 et
645 1695 857 1730 ordinamus
878 1696 976 1742 quod
996 1697 1180 1742 antiquior
1200 1696 1390 1730 bursarius
1411 1696 1526 1730 semel
1546 1697 1583 1730 in
1604 1696 1831 1730 hebdomada
1858 1697 1917 1730 die
1945 1698 2125 1732 dominica

248 1763 307 1798 vel
331 1763 399 1798 alia
423 1763 482 1797 die
507 1762 664 1797 solemni
684 1763 806 1797 videat
824 1763 916 1797 alios
937 1775 1002 1797 sua
1021 1763 1142 1809 aliqua
1162 1763 1251 1796 hora
1269 1764 1509 1809 competenti,
1533 1770 1569 1797 et
1588 1763 1759 1797 omnibus
1779 1775 1899 1797 coram
1925 1776 1965 1798 se
1990 1766 2127 1798 consti-

249 1830 337 1865 tutis
362 1830 483 1865 videat
501 1837 538 1864 et
556 1829 678 1864 audiat
696 1829 852 1876 qualiter
871 1830 1106 1876 profecerint,
1130 1836 1165 1864 et
1184 1830 1356 1876 corrigat,
1383 1830 1414 1863 si
1434 1829 1591 1876 aliquem
1621 1842 1811 1864 excessum
1832 1831 2012 1864 invenerit
2033 1832 2128 1865 inter

251 1909 316 1932 eos
352 1903 388 1931 et
423 1897 455 1931 si
489 1896 623 1942 aliquis
659 1908 785 1930 eorum
821 1896 955 1942 expelli
982 1896 1124 1938 debeat,
1156 1896 1216 1930 fiat
1244 1896 1312 1930 hoc
1339 1896 1604 1930 communicato
1638 1896 1793 1930 consilio
1828 1897 1995 1939 aliorum,
2026 1905 2061 1931 et
2096 1898 2127 1931 si

250 1963 407 2010 aliquem
424 1963 606 1998 invenerit
623 1963 798 1998 rebellem
815 1963 872 1997 vel
893 1975 966 1997 non
987 1963 1252 2009 proficientem,
1269 1975 1396 1997 severe
1414 1963 1607 2009 expellant.
1627 1964 1670 1997 Et
1685 1963 1854 1997 volumus
1870 1964 1968 2009 quod
1986 1976 2126 2006 omnes,

251 2030 290 2064 in
316 2030 425 2064 domo
445 2030 490 2064 ad
510 2030 645 2072 minus,
667 2030 790 2064 latinis
810 2029 933 2064 verbis
954 2037 1112 2064 utantur.
1135 2031 1179 2063 Et
1197 2029 1367 2064 volumus
1388 2029 1486 2075 quod
1507 2030 1567 2063 alii
1589 2037 1780 2064 teneantur
1799 2030 1921 2064 dicere
1942 2031 2128 2065 veritatem

254 2097 300 2131 de
328 2096 494 2143 quolibet
517 2097 652 2143 equali,
686 2096 744 2131 vel
777 2096 869 2131 alios
902 2109 1087 2138 accusare,
1118 2097 1189 2131 nisi
1220 2096 1273 2130 illi
1303 2108 1367 2131 sua
1397 2103 1528 2142 sponte
1558 2108 1663 2130 suum
1695 2097 1875 2130 defectum
1906 2104 2131 2143 cognoscant

255 2169 292 2197 et
313 2162 567 2205 confiteantur,
598 2175 638 2197 ac
667 2163 792 2198 mitius
821 2170 856 2197 et
884 2163 1005 2197 lenius
1032 2170 1159 2210 agatur
1185 2175 1266 2197 cum
1288 2163 1391 2209 ipsis.
1413 2163 1592 2197 Volumus
1619 2163 1725 2196 etiam
1756 2163 1853 2209 quod
1884 2171 2055 2209 quantum
2086 2164 2131 2198 ad

254 2229 389 2264 victum
414 2240 488 2262 non
509 2228 731 2272 dividantur,
753 2230 819 2264 sed
839 2230 1018 2276 accipiant
1036 2229 1145 2264 simul
1166 2230 1266 2276 quod
1285 2230 1416 2263 domus
1437 2229 1676 2271 ministrabit3
1699 2236 1734 2263 et
1754 2230 1815 2275 qui
1841 2236 1965 2263 contra
1990 2231 2130 2272 fecerit,

257 2295 302 2330 de
327 2294 481 2329 aliorum
506 2295 694 2330 consortio
718 2296 931 2342 expellatur.
954 2297 1058 2338 Item,
1079 2295 1248 2330 volumus
1269 2295 1367 2342 quod
1393 2303 1583 2342 postquam
1610 2296 1745 2329 suerint
1769 2296 1941 2330 licentiati
1967 2297 2003 2330 in
2030 2296 2132 2330 theo-

257 2362 354 2408 logia
366 2362 392 2404 ⁸,
418 2361 542 2408 legant
566 2362 816 2396 tantummodo
842 2375 908 2409 per
932 2363 1026 2397 duos
1046 2374 1174 2405 annos,
1197 2363 1280 2408 quia
1306 2362 1462 2408 amplius
1483 2362 1654 2396 nolumus
1674 2362 1811 2408 aliquid
1838 2363 1891 2396 eis
1916 2363 2020 2405 dare;
2049 2364 2131 2409 quia

258 2429 412 2463 intentio
440 2435 565 2462 nostra
591 2434 727 2463 tantum
755 2435 812 2463 est
840 2441 904 2463 eos
931 2429 1129 2475 disponere
1156 2429 1201 2462 ad
1227 2429 1379 2475 gradum
1407 2429 1607 2475 magisterii
1635 2428 1819 2474 theologie
1846 2430 2130 2475 assequendum.

259 2497 362 2537 Item,
389 2495 422 2529 si
446 2494 579 2541 aliquis
604 2507 730 2529 eorum
756 2507 796 2530 se
821 2495 961 2542 obliget
981 2495 1132 2530 servitio
1152 2495 1307 2541 alicujus
1327 2495 1450 2530 divitis
1475 2494 1533 2530 vel
1557 2495 1721 2537 alterius,
1743 2495 1914 2530 nolumus
1938 2497 1971 2530 ei
1995 2496 2133 2543 aliquid

260 2562 359 2596 dare.
388 2563 477 2596 ltem
508 2562 539 2595 si
568 2562 701 2608 aliquis
730 2574 856 2596 eorum
888 2569 971 2608 post
998 2562 1145 2596 bursam
1175 2562 1358 2596 obtentam
1387 2561 1475 2596 velit
1503 2562 1629 2596 audire
1660 2562 1705 2596 de
1738 2562 1902 2597 scientiis
1934 2563 2133 2605 lucrativis,

260 2627 432 2662 nolumus
458 2628 490 2662 ei
516 2628 655 2675 aliquid
683 2628 782 2671 dare,
810 2629 894 2675 quia
919 2629 1072 2663 intentio
1093 2635 1215 2663 nostra
1237 2635 1292 2663 est
1312 2628 1406 2663 bene
1425 2628 1659 2663 studentibus
1680 2630 1823 2675 juvare,
1844 2635 1879 2663 et
1904 2641 1977 2664 non
2002 2630 2048 2664 iis
2072 2631 2133 2676 qui

261 2707 334 2730 non
361 2702 448 2730 sunt
473 2695 546 2742 apti
573 2695 618 2729 ad
644 2695 908 2742 proficiendum
932 2695 1129 2742 theologie.
1154 2697 1251 2729 Hanc
1272 2701 1390 2729 autem
1411 2694 1703 2729 observationem
1730 2695 1899 2730 volumus
1923 2697 2075 2731 tirmiter
2101 2704 2136 2731 et

262 2761 522 2796 inviolabiliter
547 2761 747 2797 observari.
771 2763 811 2796 ln
832 2763 938 2808 cujus
958 2762 1010 2796 rei
1036 2762 1298 2803 testimonium,
1319 2768 1354 2796 et
1379 2762 1422 2796 ad
1447 2763 1620 2807 majorem
1646 2762 1957 2797 confirmationem
1983 2764 2135 2809 premis-

262 2839 400 2871 sorum,
418 2828 654 2875 presentibus
674 2828 807 2863 litteris
827 2829 990 2875 sigillum
1012 2835 1176 2863 nostrum
1198 2829 1368 2863 duximus
1388 2828 1657 2875 apponendum.
1677 2830 1804 2863 Datum
1825 2841 1920 2863 anno
1942 2829 2135 2863 millesimo

264 2894 517 2930 ducentesimo
538 2896 779 2942 octogesimo,
802 2896 861 2930 die
882 2896 1062 2930 dominica
1084 2902 1165 2942 post
1185 2895 1483 2941 Assumptionem
1505 2894 1714 2929 beatissime
1736 2896 1847 2929 Marie
1869 2896 2045 2941 Virginis.

357 2974 455 3000 Charta
469 2975 568 3000 iuna·
582 2976 678 3001 littori·
692 2976 815 3001 ornei-li·
830 2976 913 3001 Parin.
930 2984 972 3001 nn.
988 2976 1058 3005 12⁸1,
1075 2976 1161 3000 nni-tii
1177 2977 1214 3005 12,
1227 2976 1253 3000 iu
1264 2975 1341 3000 Arcti.
1355 2975 1476 3001 Univern.
1492 2975 1586 3005 Paria..
1606 2975 1680 3000 theca
1696 2976 1773 3004 xxu,
1789 2975 1815 2999 Z.
1827 2976 1849 2999 1.
1862 2976 1875 2999 7
1886 2977 1938 3005 (nn.
1956 2976 2034 3004 1639),
2051 2975 2076 3000 Ζ.
2090 2976 2111 2999 1.
2123 2977 2138 2999 8

393 3019 492 3045 Chare.
515 3019 594 3046 Unit-
611 3020 704 3046 Paris.
723 3020 743 3045 1.
1984 3020 2012 3043 7¹1
