2580 3528
182 445 194 452 .
227 423 325 464 1284]
567 432 614 455 Aa
647 432 754 454 ,tuno
787 432 866 455 nec
899 432 1032 462 usque
1066 433 1115 455 An
1149 434 1379 457 ruinarum
1414 436 1454 457 1v
1488 436 1578 459 nizo.
1614 437 1752 460 rame.
2033 430 2096 463 607

225 502 456 553 expellendo,
485 506 655 552 quoniam
692 506 760 540 etsi
793 506 905 552 aliqui
936 506 1010 540 sint
1041 506 1148 541 vobis
1182 508 1287 541 amici
1322 509 1460 542 ratione
1488 510 1752 555 cujuscumque
1780 511 1947 552 ecclesie,
1984 514 2098 558 magis

223 573 372 607 amicam
397 572 504 607 vohis
529 572 673 607 debetis
697 573 941 607 Parisiensem
967 573 1249 608 Universitatem
1276 582 1457 620 reputare.
1480 577 1559 620 Que
1585 577 1748 622 recipitis
1768 577 1812 610 ab
1833 578 1987 611 ecclesia
2015 587 2097 612 sunt

221 639 318 674 bona
345 639 557 686 temporalia
583 640 728 685 putrida
755 652 794 674 ac
825 640 930 674 etiam
958 640 1149 681 fetulenta;
1171 653 1242 686 que
1267 648 1387 675 autem
1413 642 1458 675 ab
1486 643 1744 684 Universitate,
1771 650 1855 677 sunt
1884 645 2097 689 spiritualia,

221 706 526 753 incorruptibilia,
548 718 589 740 ac
610 713 747 747 eterna,
775 713 859 752 puta
880 707 946 740 Dei
967 707 1130 753 cognitio
1151 714 1186 741 et
1205 707 1291 749 alia3
1313 708 1382 742 ista
1401 715 1519 742 autem
1546 708 1641 743 bona
1662 716 1748 743 sunt
1767 710 1848 743 aliis
1870 711 2095 756 preferenda.

222 771 326 813 Item,
347 771 576 805 Universitas
595 783 666 816 que
687 771 812 805 statuit
831 777 867 804 et
886 771 1043 813 ordinat,
1065 783 1138 805 non
1160 778 1296 806 tantum
1318 783 1361 806 ex
1381 773 1491 807 unius
1512 773 1776 807 deliberatione
1798 774 1863 808 sed
1884 774 2041 820 plurium
2064 783 2094 809 et

221 836 407 883 diligenti3
429 844 466 871 et
483 837 568 871 ideo
588 837 816 871 constituunt
835 837 999 884 magistri
1020 838 1276 873 Universitatis
1297 839 1458 874 Parisius
1479 852 1522 873 ex
1542 839 1635 874 bona
1657 841 1796 874 ratione
1816 853 1900 886 que,
1918 847 2095 887 tamquam

220 904 284 938 uni
309 903 394 947 soli,
419 916 494 937 non
518 910 667 950 apparet
689 904 907 938 cancellario
927 904 1138 939 Parisiensi.
1160 905 1295 939 Vident
1315 917 1404 952 ergo
1423 907 1624 949 veritatem,
1647 919 1716 952 que
1737 907 1935 941 Parisiensi
1955 908 2098 941 cancel-

220 970 311 1005 lario
339 970 557 1012 occultatum
587 970 721 1005 habent
751 983 841 1017 ergo
867 970 1054 1005 veritatem
1085 983 1150 1017 pro
1176 984 1216 1006 se
1242 973 1406 1018 magistri
1431 973 1477 1006 de
1499 973 1754 1015 Universitate,
1782 986 1888 1019 quam
1908 975 2093 1008 veritatem

219 1036 362 1071 debetis
382 1049 446 1083 pre
467 1038 600 1072 ceteris
615 1037 741 1072 amicis
757 1037 950 1071 honorare.
972 1039 1058 1071 Nam
1081 1038 1175 1072 sicut
1190 1039 1268 1072 vult
1283 1038 1539 1085 philosophus,
1556 1039 1651 1073 libro
1666 1040 1703 1074 E
1705 1041 1883 1075 thicorum
1894 1040 1919 1081 ⁸,
1935 1041 2094 1086 capitulo

219 1103 284 1138 illo
319 1103 382 1138 ubi
418 1103 590 1150 reprobat
618 1104 829 1150 opinionem
857 1116 983 1138 eorum
1013 1105 1076 1150 qui
1105 1105 1313 1139 felicitatem
1339 1105 1524 1151 ponebant
1555 1106 1591 1140 in
1621 1106 1718 1140 bono
1754 1107 1886 1152 ydeali,
1916 1107 2094 1141 ambobus

218 1169 366 1205 entibus
385 1170 524 1213 amicis,
542 1170 762 1217 philosopho
779 1177 815 1205 et
829 1172 994 1212 veritate,
1012 1178 1175 1205 sanctum
1198 1179 1254 1206 est
1274 1172 1522 1218 prehonorare
1538 1173 1737 1207 veritatem.
1757 1175 1800 1207 Et
1815 1173 1900 1207 alibi
1917 1174 2091 1220 scriptum

217 1243 299 1271 est:
320 1237 470 1271 Amicus
497 1237 678 1278 Socrates,
700 1237 765 1271 sed
792 1238 909 1283 magis
938 1238 1050 1271 amica
1070 1238 1216 1272 veritas.
1239 1239 1343 1272 Pater
1363 1245 1499 1279 sancte,
1522 1251 1567 1272 ne
1588 1246 1736 1285 propter
1764 1252 1804 1273 ea
1834 1252 1905 1285 que
1929 1252 1972 1273 ex
1993 1247 2093 1286 parte

217 1303 436 1337 Parisiensis
465 1298 672 1337 cancellarii
699 1310 866 1350 porrecta
886 1310 983 1345 sunt,
1005 1311 1126 1338 vestre
1148 1305 1355 1338 Sanctitatis
1379 1305 1535 1349 animus
1552 1312 1677 1339 contra
1698 1313 1856 1340 nostram
1886 1306 2090 1341 facultatem

216 1370 433 1411 concitetur,
453 1369 499 1403 ad
526 1381 566 1403 ea
592 1369 827 1415 respondebo
853 1376 888 1403 et
914 1370 959 1404 ad
985 1370 1046 1404 illa
1073 1383 1144 1416 que
1166 1377 1318 1416 tangunt
1339 1372 1635 1414 Universitatem,
1657 1379 1836 1418 quatenus
1866 1373 1902 1406 in
1931 1379 2089 1407 nostram

217 1436 423 1470 redundant
440 1436 658 1479 facultatem,
681 1436 766 1470 dum
787 1443 907 1470 tamen
928 1436 996 1471 hoc
1017 1437 1190 1483 procedat
1210 1437 1254 1471 de
1275 1444 1396 1472 vestre
1417 1437 1520 1472 libito
1542 1439 1760 1472 Sanctitatis.

305 1504 358 1537 Ex
377 1509 477 1550 parte
497 1502 704 1537 cancellarii
724 1503 942 1538 parisiensis
963 1510 1128 1550 porrecta
1149 1511 1235 1538 sunt
1255 1504 1365 1538 multa
1386 1504 1455 1538 sub
1476 1504 1541 1538 hac
1562 1506 1675 1546 serie;
1698 1517 1776 1538 nam
1791 1506 1917 1550 primo
1933 1507 2106 1551 porrecti

213 1576 300 1612 sunt
325 1570 471 1616 quidam
500 1569 657 1611 articuli,
682 1570 720 1604 in
747 1569 882 1616 quibus
902 1570 999 1604 idem
1024 1570 1265 1604 cancellarius
1286 1571 1413 1605 nititur
1440 1571 1624 1605 declarare
1652 1571 1856 1605 facultatem
1884 1573 2088 1606 artistarum

213 1637 374 1671 Parisius
403 1636 589 1683 deperire;
609 1636 760 1671 secundo
787 1636 861 1679 alii,
882 1637 920 1670 in
941 1637 1076 1683 quibus
1102 1638 1235 1672 asserit
1255 1650 1295 1672 se
1315 1651 1333 1672 a
1354 1638 1522 1672 facultate
1551 1645 1738 1685 gravatum
1768 1650 1865 1681 esse,
1892 1639 2090 1673 inserendo

211 1703 264 1738 ibi
289 1703 444 1749 quedam
474 1703 520 1737 de
549 1703 698 1749 sigillis,
719 1703 853 1749 quibus
879 1710 1030 1738 utuntur
1050 1710 1205 1750 quatuor
1228 1705 1395 1739 nationes
1419 1705 1599 1739 facultatis
1624 1705 1804 1751 predicte;
1827 1706 1940 1740 tercio
1965 1706 2087 1740 recitat

213 1769 367 1815 quedam
387 1776 519 1804 statuta
538 1781 610 1816 que
630 1770 718 1803 dicit
743 1781 826 1803 esse
849 1777 926 1804 acta
950 1777 1076 1805 contra
1101 1777 1315 1816 potestatem
1341 1783 1442 1805 suam
1465 1778 1499 1805 et
1519 1778 1733 1817 potestatem
1760 1772 1952 1805 reverendi
1978 1772 2090 1818 patris

213 1836 432 1870 Parisiensis
457 1836 635 1883 episcopi.
658 1837 702 1870 Et
727 1836 772 1870 ad
797 1836 866 1871 ista
893 1836 1126 1883 respondebo
1151 1849 1218 1884 per
1241 1838 1422 1879 ordinem,
1443 1837 1534 1872 hanc
1561 1838 1858 1884 protestationem
1885 1839 2088 1884 preferens,

212 1914 258 1936 ne
287 1914 367 1936 mee
394 1902 622 1949 negligentis
648 1902 786 1949 aliquid
817 1903 1027 1950 imputetur,
1055 1904 1153 1950 quod
1183 1916 1223 1938 ea
1253 1916 1324 1950 que
1353 1905 1450 1946 dico,
1471 1917 1552 1938 cum
1583 1917 1657 1938 non
1678 1905 1745 1938 sim
1766 1904 1958 1938 consultus
1987 1917 2088 1938 meos

214 1969 424 2016 magistros,
446 1969 528 2003 dico
558 1976 694 2004 tantum
720 1970 763 2003 ad
792 1970 1059 2004 informandum
1091 1983 1357 2016 quemcumque
1386 1983 1546 2004 mearum
1574 1971 1856 2017 responsionum
1885 1971 2086 2005 auditorem

214 2047 327 2082 super
353 2036 504 2071 veritate
533 2048 641 2082 quam
668 2037 753 2071 novi
778 2037 872 2071 circa
898 2037 1098 2083 proposita,
1128 2037 1260 2071 nolens
1285 2044 1435 2084 propter
1464 2049 1538 2079 eas,
1561 2038 1591 2070 si
1613 2038 1701 2084 quid
1726 2038 1847 2071 minus
1867 2038 2091 2072 sufficienter

214 2102 350 2137 dictum
370 2102 578 2137 inveniatur
602 2104 639 2137 in
665 2103 819 2145 eisdem,
847 2110 973 2138 contra
1001 2104 1203 2139 facultatem
1233 2105 1431 2150 predictam
1459 2104 1607 2150 aliquod
1634 2105 1876 2150 prejudicium
1905 2105 2086 2150 generari.

304 2168 361 2203 Ad
381 2168 466 2203 illos
485 2169 659 2204 articulos
684 2170 721 2204 in
742 2170 876 2222 quibus
904 2170 1032 2205 nititur
1052 2171 1239 2216 predictus
1259 2170 1499 2205 cancellarius
1526 2171 1722 2205 ostendere
1747 2171 1950 2204 facultatem
1978 2170 2089 2216 depe,-

213 2235 300 2277 rire,
331 2233 632 2281 respondeamus.
661 2236 751 2271 Cum
780 2237 868 2271 dicit
899 2237 995 2270 idem
1027 2237 1267 2271 cancellarius
1301 2237 1399 2283 quod
1430 2237 1573 2283 deperit
1605 2237 1755 2271 facultas
1782 2238 1910 2271 artium
1941 2244 2089 2283 propter

213 2301 348 2336 multos
364 2301 528 2336 defectus
548 2314 593 2336 ex
613 2309 713 2348 parte
730 2303 1002 2349 magistrorum,
1019 2304 1101 2338 dico
1121 2304 1219 2350 quod
1240 2304 1276 2337 in
1294 2303 1520 2350 temporibus
1537 2304 1724 2337 modernis
1745 2304 1908 2349 magistri
1926 2303 2088 2349 predicte

211 2368 392 2403 facultatis
416 2374 503 2403 sunt
527 2369 600 2403 vite
624 2368 832 2411 laudabilis,
853 2369 1006 2404 honeste
1033 2370 1337 2412 conversationis,
1359 2370 1554 2404 eminentis
1579 2370 1745 2410 scientie,
1768 2376 1803 2403 et
1822 2370 1891 2404 viri
1915 2370 2087 2411 studiosi,

212 2435 385 2469 continue
405 2434 572 2481 legentes
592 2435 637 2469 ad
657 2435 713 2470 sui
735 2442 771 2470 et
789 2436 995 2470 auditorum
1017 2448 1166 2470 suorum
1194 2436 1396 2470 utilitatem.
1420 2437 1499 2470 Non
1520 2448 1609 2482 ergo
1639 2436 1781 2482 deperit
1806 2436 1956 2470 facultas
1982 2437 2088 2471 artis-

213 2508 327 2535 tarum
356 2507 505 2548 propter
531 2501 696 2535 desectus
726 2502 860 2536 multos
880 2514 924 2536 ex
945 2509 1044 2548 parte
1072 2503 1346 2548 tnagistrorui¹13
1370 2503 1435 2536 sed
1463 2503 1494 2536 si
1521 2503 1694 2549 depereat
1718 2503 1754 2536 iu
1780 2509 1966 2548 posterum
1987 2502 2086 2537 etad

212 2579 380 2614 presens,
395 2566 466 2602 hoc
481 2574 537 2602 est
554 2575 702 2615 propter
716 2568 904 2603 libertates
923 2568 1103 2603 facultatis
1123 2581 1212 2615 quas
1229 2575 1351 2615 preter
1372 2569 1523 2603 rationis
1544 2569 1689 2603 modum
1712 2569 1831 2603 dictus
1847 2568 2086 2603 cancellarius

211 2634 340 2669 nititur
367 2635 523 2669 aufferre
548 2635 720 2670 facultati.
746 2636 837 2670 Cum
869 2635 958 2670 dicit
983 2635 1078 2670 idem
1105 2635 1345 2670 cancellarius
1371 2642 1496 2682 postea
1533 2635 1631 2681 quod
1666 2636 1829 2682 :nagistri
1858 2647 1931 2669 non
1958 2635 2086 2682 legunt

212 2700 283 2735 nisi
303 2712 410 2736 unam
430 2701 638 2744 lectionem,
659 2701 819 2748 legendo
835 2714 905 2736 una
922 2702 980 2736 die
997 2702 1042 2736 de
1060 2714 1132 2736 uno
1153 2701 1262 2743 libro,
1283 2709 1320 2736 ct
1337 2702 1406 2736 alia
1426 2702 1486 2737 die
1507 2702 1551 2736 de
1572 2702 1657 2744 alio,
1678 2702 1745 2736 ista
1766 2702 1857 2736 ratio
1878 2702 2083 2736 cancellarii

211 2778 286 2801 non
305 2773 363 2802 est
380 2767 643 2803 demonstratio
663 2768 706 2802 ad
727 2769 995 2803 ostendendum
1025 2768 1229 2803 facultatem
1251 2768 1438 2815 deperire;
1460 2768 1645 2804 credimus
1665 2769 1761 2802 enim
1782 2769 1836 2803 sic
1856 2768 1980 2814 legere
2001 2780 2084 2802 ess(-

212 2832 338 2868 utilius
361 2833 567 2869 scolaribus
587 2846 694 2881 quam
715 2834 833 2877 aliter,
855 2835 1025 2881 quoniam
1055 2835 1158 2881 pueri
1183 2835 1383 2877 doctrinam
1411 2835 1632 2881 recipientes
1652 2835 1689 2869 in
1710 2847 1780 2869 una
1802 2835 1962 2875 materia,
1983 2841 2083 2868 ante-

211 2911 317 2945 quam
338 2899 512 2935 habituati
533 2901 607 2936 sint
627 2901 663 2935 in
684 2901 810 2936 eadem
831 2913 876 2936 ex
895 2901 1113 2948 repetitione
1134 2907 1325 2948 sequente,
1346 2913 1448 2936 suam
1470 2901 1670 2936 doctrinam
1695 2901 1878 2941 amittunt;
1907 2900 1950 2934 ad
1977 2911 2080 2945 quam

213 2965 465 3012 repetitionem
486 2979 560 3002 non
581 2974 748 3014 possunt,
778 2980 859 3003 cum
885 2968 980 3003 lecto
1001 2968 1046 3002 de
1073 2980 1145 3002 uno
1170 2967 1279 3010 libro,
1306 2968 1443 3002 eisdem
1466 2968 1672 3002 immediate
1693 2967 1828 3013 legitur
1855 2967 1900 3000 dc
1929 2965 2016 3007 alio,
2048 2971 2083 2999 et
