2618 3640
499 443 607 465 xxxw
1077 442 1400 464 CHARTULARUJM
1434 441 1626 464 UNIVERS.
1667 441 1797 463 PARls.

501 529 608 566 saepe
626 517 735 554 alium
750 517 914 553 ordinem
931 521 1072 553 servant
1087 522 1194 564 atque
1212 516 1323 553 Codd.
1345 518 1429 564 Reg.
1450 520 1485 552 et
1500 516 1709 560 Cheltenh.,
1728 527 1936 563 quanquam
1951 515 2046 551 inter
2065 527 2102 552 se
2119 515 2201 564 plus
2215 515 2381 554 minusve

500 589 746 633 consentiunt3
776 592 892 625 textus
914 600 998 625 vero
1017 589 1336 624 instrumentorum
1358 600 1377 624 e
1403 587 1638 624 Chartulariis
1665 586 1939 635 antiquioribus,
1967 586 2146 636 imprimis
2166 588 2254 624 cod.
2275 590 2378 637 Reg.,

500 660 647 697 omnino
667 660 811 708 pendet.
836 662 931 697 Haec
954 660 1141 696 verissima
1164 663 1247 695 sunt
1269 659 1313 695 de
1337 659 1570 695 Chartulariis
1592 658 1747 695 Londin.
1774 661 1810 695 ct
1823 658 2031 695 Vindobon.
2047 672 2057 703 3
2076 670 2161 696 nam
2183 659 2275 696 sicut
2292 661 2378 709 Reg.
2407 686 2409 688 -

499 732 653 768 offerunt
681 735 812 768 statuta
836 731 1058 768 medicorum
1089 735 1124 767 et
1148 731 1344 767 taxationes
1371 730 1566 774 librorum3
1599 730 1765 778 utrinque
1795 730 1906 766 iidem
1937 742 2089 775 errores,
2117 743 2152 767 -v.
2179 743 2214 780 g.
2232 731 2270 767 in
2297 731 2378 769 doc.

499 810 536 839 n⁰
561 806 644 847 434,
669 803 729 839 ubi
756 802 928 851 praebent
952 815 1083 838 annum
1114 804 1201 839 1031
1218 802 1243 837 ¹.
1271 802 1448 850 Epistolae
1475 801 1620 838 Honorii
1642 803 1690 838 IV
1713 801 1798 837 anni
1820 804 1927 846 1286,
1947 813 2056 850 quam
2074 802 2162 839 Cod.
2182 802 2377 839 Cheltenh.

499 874 676 922 integram
702 874 882 918 exscribit,
908 873 1051 910 codices
1082 875 1166 921 Reg.
1200 877 1235 909 et
1257 873 1411 910 Vindob.
1442 873 1583 908 initium
1607 876 1758 917 tantum,
1786 873 1990 921 etquidem
2012 873 2240 911 concorditer
2264 886 2380 923 usque

500 946 544 981 ad
559 945 667 981 verba
697 945 905 993 «magister
937 945 1121 981 Johannes
1144 945 1187 980 de
1219 944 1395 992 Malignes
1429 959 1462 989 »,
1496 944 1685 992 praebent.
1724 945 1818 980 Sane
1850 943 1887 980 in
1916 944 2143 981 Chartularia
2174 945 2382 993 posterioris

499 1016 624 1053 aetatis
645 1016 767 1064 plures
788 1016 895 1052 etiam
918 1028 1024 1063 quam
1046 1016 1082 1051 iu
1103 1016 1174 1052 duo
1192 1016 1311 1063 priora
1330 1015 1551 1064 irrepserunt
1573 1027 1727 1061 errores,
1746 1015 1902 1052 maxime
1919 1020 2094 1064 quantum
2111 1017 2156 1053 ad
2179 1017 2380 1065 appositam

497 1091 618 1124 notam
643 1087 811 1135 temporis
832 1091 866 1123 et
886 1086 1109 1134 propriorum
1135 1087 1323 1123 nominum
1351 1086 1622 1123 scribendorum
1649 1086 1839 1124 rationem.
1871 1088 1962 1124 Cave
1986 1087 2096 1137 igitur
2117 1100 2163 1124 ue
2189 1088 2268 1124 istis
2295 1087 2380 1125 solis

496 1158 673 1203 innitaris,
697 1159 839 1205 quando
854 1158 924 1194 alia
941 1158 1159 1194 adminicula
1173 1158 1211 1194 in
1227 1162 1395 1207 promptu
1415 1158 1542 1195 habes,

594 1229 797 1266 Proximum
820 1230 940 1266 locum
963 1233 1042 1277 post
1065 1229 1177 1266 Codd.
1206 1232 1291 1278 Reg.
1318 1234 1353 1266 et
1373 1230 1565 1266 Clieltenh.
1595 1234 1788 1278 occuparet
1812 1231 1900 1267 Cod.
1928 1231 1990 1267 lat.
2019 1233 2091 1268 450
2117 1230 2209 1267 Bibl.
2239 1242 2376 1268 caesar.

496 1301 698 1338 Vindobon.
718 1301 887 1349 (membr.
907 1301 942 1337 in
962 1301 1021 1338 fol.
1043 1301 1148 1346 min.‚
1169 1305 1250 1338 ante
1267 1301 1364 1338 med.
1385 1314 1479 1338 saec.
1500 1301 1615 1350 X1V),
1633 1301 1661 1337 si
1678 1305 1775 1338 esset
1789 1302 1942 1350 integer.
1962 1305 2008 1338 At
2024 1314 2067 1338 ex
2083 1301 2177 1338 soliis
2193 1304 2239 1338 62
2258 1314 2380 1351 super-

495 1376 579 1409 sunt
593 1376 733 1409 tantum
751 1371 969 1409 sexdecim2.
996 1373 1093 1409 Sicut
1109 1373 1197 1409 Cod.
1220 1375 1303 1422 Reg.
1328 1373 1372 1410 ab
1389 1373 1606 1422 juramentis
1629 1373 1772 1409 initium
1794 1373 1916 1418 sumit,
1945 1377 2052 1422 atque
2075 1373 2239 1410 ordinem
2263 1373 2379 1410 docu-

493 1447 695 1480 mentorum
726 1448 760 1480 et
790 1447 941 1489 textum,
971 1448 1009 1480 ut
1043 1457 1086 1480 ex
1123 1444 1322 1493 fragmento
1356 1445 1524 1493 colligere
1554 1457 1762 1493 possumus,
1793 1445 1967 1481 Codicum
1999 1447 2085 1494 Reg.
2118 1449 2153 1481 et
2180 1444 2374 1482 Cheltenh.

494 1515 668 1563 sequitur.
686 1501 725 1551 In
741 1515 813 1551 fine
829 1515 1044 1552 documenta
1057 1516 1190 1552 saeculi
1205 1518 1286 1553 XIV
1300 1516 1421 1553 addita
1435 1519 1530 1561 sunt,
1546 1528 1699 1564 quorum
1710 1517 1889 1565 quaedam
1903 1515 2080 1552 Johannis
2090 1517 2187 1552 XXII
2203 1516 2376 1565 epistolae

494 1586 637 1634 duoque
659 1586 729 1623 alia
748 1587 987 1623 instrumenta
1007 1591 1213 1635 supersunt.
1238 1589 1277 1623 ln
1298 1588 1428 1624 mediis
1450 1587 1674 1625 documentis
1693 1591 1811 1624 textus
1832 1587 2048 1635 quandoque
2072 1587 2311 1636 abrumpitur.
2328 1609 2376 1615 —

494 1659 749 1706 Fragmentum
770 1658 927 1706 denique
949 1659 1180 1695 Collectiouis
1201 1659 1472 1708 Privilegiorum
1498 1659 1755 1703 Universitatis,
1778 1658 1822 1695 ad
1845 1671 1950 1695 usum
1972 1659 2221 1695 Universitatis
2243 1659 2378 1696 Vindo-

493 1729 666 1766 bonensis
679 1730 858 1774 redactae,
878 1734 992 1766 exstat
1008 1730 1043 1765 in
1060 1731 1148 1766 Cod.
1167 1731 1230 1767 lat.
1250 1733 1345 1767 4929
1363 1730 1456 1767 Bibl.
1476 1743 1613 1767 caesar.
1633 1730 1841 1768 Vindobon.
1862 1731 2046 1776 (chartae,
2066 1742 2161 1767 saec.
2175 1730 2374 1779 XIV-XV),

494 1800 555 1837 fol.
580 1803 753 1846 255-262,
777 1813 868 1848 quae
889 1814 986 1838 nunc
1006 1801 1041 1837 in
1064 1801 1185 1838 media
1205 1802 1358 1850 epistola
1371 1803 1511 1839 Parem
1528 1802 1756 1838 scientiarum
1772 1802 1910 1850 incipit.
1933 1802 2009 1838 Fol.
2030 1804 2100 1839 257
2117 1802 2155 1838 in
2170 1814 2283 1838 unum
2299 1801 2377 1838 col-

492 1872 584 1909 lecta
613 1872 840 1908 inveniuntur
867 1873 1051 1922 privilegia
1077 1885 1265 1921 paparum,
1296 1874 1360 1910 l'ol.
1394 1876 1465 1911 258
1495 1873 1678 1922 privilegia
1709 1886 1849 1922 regum.
1879 1874 1981 1916 Quod
2008 1873 2053 1910 ad
2080 1873 2265 1910 saeculum
2293 1874 2376 1910 XIII

493 1943 631 1988 attinet,
659 1943 883 1992 privilegium
906 1944 1061 1992 Philippi
1083 1945 1235 1993 Augusti
1259 1945 1374 1982 solum
1399 1945 1566 1990 occurrit,
1589 1948 1710 1982 cetera
1730 1945 1864 1982 saeculi
1884 1946 1965 1982 XIV
1981 1948 2084 1988 sunt;
2109 1944 2378 1993 privilegiorum

493 2014 755 2062 pontificalium
776 2015 848 2051 duo
870 2015 998 2052 ultima
1013 2016 1129 2052 solum
1152 2028 1247 2053 saec.
1265 2018 1346 2054 XIV
1361 2016 1540 2061 redolent,
1558 2017 1680 2053 omnia
1694 2021 1811 2053 cetera
1826 2016 1863 2052 in
1879 2020 2001 2053 nostro
2019 2015 2245 2053 Chartulario
2261 2016 2378 2053 fusius

493 2089 615 2122 notata
629 2089 724 2122 sunt.
745 2088 882 2134 Operae
904 2087 1057 2135 pretium
1076 2087 1261 2124 videbatur
1278 2088 1368 2124 haec
1389 2088 1425 2124 in
1443 2092 1528 2124 nota
1547 2088 1767 2133 exscribere,
1786 2100 1869 2124 curn
1886 2087 1989 2125 nobis
2011 2091 2183 2136 appareat
2199 2087 2377 2125 rationem

494 2169 587 2194 saec.
612 2159 694 2195 XIV
717 2162 824 2206 atque
851 2171 946 2196 saec.
970 2160 1052 2194 XIII
1075 2160 1229 2195 eandem
1252 2159 1396 2196 suisse⁵.
1423 2160 1499 2196 Fol.
1525 2162 1683 2197 260-262
1700 2159 1790 2196 ritus
1809 2159 1865 2196 De
1883 2159 1982 2196 modo
2001 2158 2201 2195 licentiandi
2222 2160 2260 2195 in
2283 2159 2378 2196 tlzeo—

586 2304 608 2328 l.
627 2304 657 2328 In
671 2303 762 2328 Codice
770 2304 917 2329 Vindobon.
930 2306 991 2329 nota
1007 2305 1134 2338 temporis
1149 2313 1229 2329 manu
1240 2306 1376 2330 recentiori
1387 2307 1501 2330 correcta
1515 2307 1555 2331 est
1571 2306 1596 2330 in
1609 2306 1679 2339 1271,
1694 2308 1721 2330 et
1736 2308 1827 2339 postea
1841 2306 1948 2331 omnino
1958 2305 2074 2331 sublata.

585 2348 609 2372 2.
627 2348 683 2373 Non
694 2348 717 2379 8,
733 2349 774 2373 uti
789 2348 882 2373 dicunt
897 2349 1051 2374 Lambecius
1063 2351 1090 2374 et
1102 2349 1201 2379 Kollar,
1217 2350 1286 2382 apud
1299 2358 1385 2382 quem,
1402 2350 1419 2375 l.
1431 2359 1464 2381 c.,
1474 2358 1533 2383 pag.
1547 2350 1655 2375 339-344
1666 2350 1725 2375 vide
1738 2350 1948 2383 descriptionem.

585 2393 609 2417 3.
628 2393 771 2425 Privilegia
785 2393 906 2426 papalia:

586 2438 757 2469 Privilegium
774 2446 804 2462 ne
824 2438 943 2470 magistri
959 2438 998 2463 vel
1018 2439 1130 2463 scolares
1147 2438 1233 2464 eundo
1244 2441 1270 2464 et
1283 2439 1414 2464 redeundo
1430 2440 1554 2471 Pax-ysius
1568 2447 1648 2464 causa
1660 2439 1742 2465 studii
1761 2440 1903 2472 pedagium
1920 2440 2018 2465 solvere
2039 2441 2188 2465 teneantur.
2208 2439 2378 2465 Conservatio

492 2481 555 2506 dieti
566 2482 706 2515 privilegii.

587 2527 755 2559 Privilegium
772 2529 801 2551 ut
812 2527 902 2552 nullus
917 2528 1044 2559 magister
1059 2528 1098 2552 vel
1113 2528 1219 2553 scolaris
1239 2529 1322 2561 possit
1339 2530 1408 2554 trahi
1428 2531 1501 2554 extra
1515 2529 1650 2554 civitatem
1665 2529 1840 2554 parisiensem
1851 2538 1896 2563 per
1910 2530 2014 2555 litteras
2028 2529 2184 2563 apostolicas
2198 2535 2276 2562 super
2290 2527 2377 2553 causi·

493 2571 561 2595 intra
575 2579 630 2595 eam
641 2572 745 2596 exortis.
762 2573 928 2597 Conservatio
941 2572 1004 2597 dicti
1018 2573 1155 2605 privilegii.

587 2615 758 2647 Privilegium
779 2618 808 2641 ut
831 2617 918 2641 nullus
938 2617 964 2641 in
979 2617 1091 2649 aliquem
1114 2626 1160 2650 pro
1179 2618 1247 2643 facto
1269 2618 1307 2643 vel
1327 2619 1458 2644 occasione
1470 2619 1658 2644 Universitatis
1676 2619 1957 2650 excommunicationis,
1978 2618 2158 2652 suspensionis
2177 2626 2222 2643 seu
2242 2616 2376 2642 interdicti

493 2660 648 2684 sententiam
665 2660 759 2685 audeat
773 2661 948 2693 promulgare.
965 2662 1131 2687 Conservatio
1145 2662 1209 2687 dicti
1223 2663 1363 2695 privilegii.
1419 2670 1422 2672 '

587 2704 760 2736 Privilegium
775 2706 806 2729 de
818 2705 894 2730 modo
907 2706 1060 2730 licentiandi
1076 2707 1103 2731 in
1118 2707 1233 2739 qualibet
1249 2708 1373 2733 facultate
1388 2710 1415 2733 et
1431 2708 1463 2733 de
1481 2709 1628 2741 juramento
1642 2708 1797 2739 cancellarii,
1817 2708 1849 2733 de
1868 2709 1997 2741 potestate
2010 2707 2127 2732 cessandi
2142 2715 2157 2732 a
2172 2706 2336 2736 lectionibus,
2350 2707 2378 2731 et

494 2748 562 2780 quod
585 2749 696 2773 scolares
713 2749 781 2781 capti
805 2757 850 2781 pro
874 2750 1016 2782 suspitione
1038 2751 1164 2783 probabili
1179 2752 1269 2777 habita
1284 2752 1404 2777 cautione
1423 2753 1576 2784 reddantur,
1598 2755 1625 2777 et
1644 2753 1713 2785 quod
1732 2752 1842 2777 scolares
1862 2760 1912 2777 non
1933 2754 2073 2777 teneantur
2088 2751 2186 2777 solvere
2201 2750 2377 2784 pecuniariam

494 2793 636 2822 emendam,
652 2794 679 2817 et
693 2793 761 2825 quod
777 2794 840 2818 bona
853 2794 990 2819 scolarium
1003 2795 1036 2819 ab
1049 2796 1172 2820 intestato
1184 2796 1366 2821 decedentium
1383 2797 1579 2822 successoribus
1591 2805 1680 2822 eorum
1694 2799 1841 2822 serventur.

587 2838 754 2869 privilegium
770 2838 902 2870 cujusdam
918 2839 995 2871 legati
1011 2839 1041 2864 de
1052 2840 1127 2865 modo
1138 2840 1239 2873 legendi
1253 2841 1382 2866 ordinarie
1397 2843 1423 2866 et
1435 2841 1559 2871 cursorie,
1575 2831 1602 2866 et
1614 2841 1660 2866 hoc
1673 2841 1778 2874 respicit
1791 2843 1878 2872 artes3
1899 2841 1930 2866 de
1950 2840 2088 2865 habitibus
2104 2840 2301 2872 magistrorum,
2314 2846 2378 2871 quo-

494 2881 568 2905 modo
583 2881 675 2906 debent
690 2889 746 2906 esse
760 2883 881 2914 magistri
896 2883 922 2907 iu
938 2884 1055 2916 exequiis
1071 2885 1259 2916 magistrorum
1271 2887 1298 2910 et
1310 2885 1454 2911 scolarium.
1470 2887 1534 2911 Item
1545 2885 1614 2918 quod
1627 2885 1750 2917 magistri
1761 2887 1788 2910 et
1798 2885 1911 2910 scolares
1922 2886 2032 2918 possunt
2042 2885 2125 2910 facere
2137 2886 2192 2909 tam
2203 2891 2248 2916 per
2258 2891 2287 2908 se
2296 2890 2374 2916 quam

493 2934 551 2949 cum
564 2926 621 2950 aliis
633 2926 804 2958 obligationes
819 2929 844 2951 et
859 2928 1055 2953 constitutiones
1069 2929 1120 2954 fide
1132 2930 1170 2954 vel
1184 2938 1248 2962 pene
1261 2930 1299 2954 vel
1308 2931 1460 2963 juramento
1478 2931 1585 2955 vallatas
1596 2931 1622 2955 in
1637 2930 1690 2954 hiis
1699 2930 1811 2959 casibus,
1822 2930 1921 2955 scilicet
1932 2930 1959 2954 in
1970 2929 2150 2955 interfectione
2160 2928 2199 2953 vel
2210 2927 2376 2952 mutilatione

494 2969 631 2994 scolarium
648 2971 685 2995 vel
701 2971 727 2995 in
738 2971 819 2996 atroci
834 2972 930 3004 injuria
945 2972 1019 2997 illata
1030 2974 1130 3004 scolari,
1146 2974 1167 2999 si
1180 2975 1293 2999 deluerit
1304 2975 1427 3007 justitia3
1445 2983 1491 3008 pro
1509 2974 1630 2999 taxandis
1646 2974 1741 3007 preciis
1755 2974 1936 3007 hospitiorum,
1957 2973 1988 2999 de
2005 2974 2105 3005 habitu,
2127 2973 2159 2998 de
2177 2972 2323 3006 sepultura,
2344 2971 2376 2996 de

494 3014 646 3039 lectionibus
661 3018 688 3039 et
704 3015 941 3047 disputationibus,
953 3017 988 3041 ita
1006 3018 1092 3042 tamen
1105 3018 1172 3051 quod
1188 3021 1293 3052 propter
1307 3019 1354 3044 hoe
1369 3020 1489 3044 studium
1504 3027 1553 3044 non
1569 3019 1728 3044 dissolvatur
1741 3027 1771 3044 ac
1785 3019 1948 3044 destruatur.

618 3067 639 3084 e.
