2580 3528
451 411 520 444 310
1032 419 1352 442 CHARTULARIUM
1386 417 1576 439 UNiVEns.
1613 416 1742 440 PARIS.
2228 409 2328 451 [1256

452 495 579 528 divine
612 494 757 528 virtutis
791 493 941 539 clypeus
976 493 1207 538 protexisset,
1247 491 1443 525 defecisset
1478 490 1631 523 forsitan
1668 491 1785 524 virtus
1823 498 1958 526 nostra.
1999 494 2093 526 Ecce
2132 492 2328 527 Leviathan

452 573 610 606 ‘serpens
631 567 818 594 tortuosus
839 567 878 593 ut
897 572 1050 604 nequam
1073 559 1117 591 de
1134 559 1234 604 gravi
1256 569 1384 591 somno
1407 557 1568 602 evigilet,
1591 563 1795 591 sternutare
1814 558 1972 601 videtur,
1994 565 2034 593 ut
2053 559 2328 594 sternutationis

451 640 522 661 vsue
549 627 761 660 fortitudine
782 639 820 659 ac
842 633 981 659 terrore
1002 625 1087 658 filiis
1107 625 1200 658 lucis
1220 624 1410 657 horrorem
1432 623 1583 656 incutiat
1602 630 1639 656 et
1657 623 1809 658 incutiat
1827 625 1958 659 cedros
1978 626 2058 659 Dei.
2085 627 2178 660 Ecce
2199 626 2327 669 Belial,

451 695 573 729 'hostis
594 694 749 739 justitie,
774 693 982 726 innocentie
1008 692 1251 736 impugnator,
1278 690 1407 724 sevitie
1433 701 1498 723 sue
1524 702 1668 723 manum
1696 691 1875 736 presumit
1897 692 2094 726 extendere
2118 693 2162 726 ad
2183 693 2329 727 deside-

458 762 584 796 rabilia
606 760 779 794 desiderii
800 759 946 792 collium
968 765 1189 798 eternorum,
1217 763 1256 789 ut
1280 757 1481 801 iniquitatis
1503 768 1568 790 sue
1589 757 1767 790 ministris
1788 770 1862 791 non
1881 765 2001 792 careat
2020 759 2175 793 ecclesia
2201 767 2329 793 senes-v

452 835 574 870 cente,
611 829 714 872 cujus
749 832 865 858 ortum
901 831 936 857 et
967 824 1108 857 vexavit
1136 823 1319 856 hostiliter
1349 830 1385 856 et
1413 823 1663 868 multipliciter
1691 824 1929 870 impugnavit.
1960 826 2191 871 Impugnavit
2218 826 2329 860 vitem

458 895 679 934 frondosam,
714 892 933 925 fructiferam
969 897 1004 923 et
1036 891 1256 935 fragrantem
1292 890 1357 922 de²
1392 889 1482 923 silva
1516 890 1631 924 seculi
1666 903 1840 937 egressus
1875 904 1961 937 aper
1993 892 2093 926 ferus
2123 892 2260 926 invidie
2294 898 2331 926 et

457 963 618 996 furiosus
640 959 790 1004 impetit,
819 965 854 991 et
878 957 1035 990 efferatis
1061 957 1191 990 animis
1216 957 1380 990 funditus
1402 957 1533 1002 satagit
1553 957 1733 999 demoliri,
1764 970 1834 1003 que
1855 958 1973 992 nitore
1994 958 2194 1004 pulchrior,
2216 959 2330 993 odore

458 1028 614 1067 suavior,
650 1026 792 1059 dulcior
825 1036 911 1058 vero
946 1024 1065 1056 fructu
1100 1023 1267 1065 delectat,
1303 1023 1431 1065 reficit,
1467 1023 1625 1057 inebriat
1657 1024 1783 1058 orbem
1822 1031 1948 1058 totum.
1990 1025 2130 1059 Olivam
2164 1025 2327 1068 uberem,

455 1106 596 1141 gemma
615 1093 686 1126 vite
707 1104 746 1124 ac
767 1091 919 1124 scientie
939 1090 1103 1123 ubertate
1123 1090 1331 1124 universam
1351 1097 1483 1123 terram
1503 1097 1664 1124 arentem
1686 1098 1722 1124 et
1740 1091 1875 1124 aridam
1903 1091 2157 1125 secundantem
2183 1091 2330 1126 celestis

456 1160 615 1207 agricole
650 1159 796 1192 dextera
830 1169 895 1202 per
928 1157 1132 1202 gloriosum
1167 1163 1304 1202 patrem
1335 1164 1501 1190 nostrum
1531 1158 1781 1191 confessorem
1812 1158 1879 1191 Dei
1908 1158 2152 1200 Dominicum,
2182 1158 2329 1192 celitum

456 1228 642 1267 unitatem,
670 1226 707 1258 in
736 1236 861 1270 agrum
892 1224 1066 1269 plantavit
1092 1223 1248 1257 ecclesie
1275 1223 1475 1257 militantis.
1506 1223 1601 1257 Proh
1633 1224 1738 1258 dolor
1766 1225 1810 1258 ad
1838 1237 1964 1259 vocem
1992 1224 2138 1270 loquele
2165 1224 2329 1270 grandis,

454 1295 546 1328 fame
568 1293 713 1338 quidem
735 1291 878 1324 excelse
899 1291 1126 1336 preconium,
1152 1291 1204 1323 ira
1230 1290 1289 1323 die
1314 1291 1412 1336 ignis
1438 1291 1573 1324 exarsit
1596 1291 1634 1324 in
1660 1303 1713 1333 ea,
1739 1298 1896 1337 paratus,
1923 1298 1963 1325 ut
1987 1292 2144 1334 videtur,
2166 1303 2240 1324 non
2260 1297 2329 1325 tam

454 1362 605 1394 frutecta
626 1361 704 1404 ejus
725 1358 941 1392 comburere
962 1370 1068 1403 quam
1089 1357 1248 1399 radices,
1270 1357 1487 1391 animalibus
1509 1358 1605 1390 enim
1624 1358 1777 1392 oculatis
1797 1370 1918 1392 coram
1938 1359 2015 1392 Deo
2037 1357 2330 1392 discurrentibus

453 1428 637 1461 indefesse
667 1426 703 1458 in
730 1424 1006 1458 similitudinem
1034 1424 1192 1469 fulguris
1220 1424 1460 1466 coruscantis,
1489 1424 1665 1458 adversus
1693 1424 1879 1458 Christum
1907 1431 1942 1458 et
1966 1424 2123 1458 christos
2151 1425 2231 1469 ejus
2256 1424 2331 1459 dis-

454 1495 540 1528 cidii
561 1493 745 1539 principes
766 1497 1019 1525 convenerunt
1037 1491 1075 1523 in
1101 1503 1226 1532 unum,
1253 1497 1292 1524 ut
1317 1490 1524 1524 errantibus
1550 1491 1587 1524 in
1612 1491 1711 1525 invio
1737 1497 1773 1524 et
1792 1503 1866 1524 non
1893 1491 1930 1524 in
1955 1491 2011 1525 via
2036 1490 2330 1524 custodientibus

453 1562 529 1595 vias
551 1561 659 1593 duras
681 1558 889 1592 scandalum
911 1564 1092 1603 ponerent
1106 1559 1208 1602 juxta
1228 1543 1354 1591 iteret
1372 1564 1448 1591 rete
1464 1558 1630 1602 jacerent
1649 1564 1731 1591 ante
1753 1558 1880 1591 oculos
1900 1564 2153 1603 pennatorum.

544 1628 635 1661 Sane
670 1626 835 1672 plerique
870 1625 1036 1670 magistri
1070 1624 1256 1670 theologie
1290 1624 1452 1658 Parisius
1483 1624 1672 1658 doctorum
1707 1631 1917 1658 nostrorum
1952 1624 2192 1669 pluralitatem
2222 1630 2330 1669 atque
2364 1623 2367 1625 “

454 1694 723 1728 multitudinem
753 1692 947 1726 scolarium
975 1698 1011 1724 et
1037 1691 1203 1724 doctrine
1231 1692 1381 1736 gratiam
1409 1691 1644 1733 emulantes³,
1676 1691 1962 1737 congregatione
1991 1691 2216 1724 clandestina
2243 1690 2329 1723 olim

457 1762 610 1807 quedam
631 1761 754 1805 iniqua
777 1766 918 1801 statuta,
937 1771 1019 1792 cum
1040 1765 1160 1792 tamen
1179 1757 1292 1791 nichil
1308 1765 1462 1803 possent
1482 1758 1526 1791 de
1542 1759 1626 1803 jure
1648 1765 1820 1800 statuere,
1838 1758 2032 1791 ediderunt
2051 1758 2089 1790 in
2109 1763 2275 1790 nostrum
2296 1763 2333 1790 et

448 1829 614 1862 vomnium
636 1827 895 1872 religiosorum
917 1837 1066 1858 enorme
1086 1825 1329 1870 prejudicium
1355 1831 1391 1858 et
1414 1836 1622 1870 gravamen,
1649 1831 1895 1870 contemptum
1920 1824 2139 1858 Parisiensis
2160 1823 2328 1865 ecclesie,

448 1895 652 1928 animarum
673 1906 712 1927 ac
733 1893 932 1938 theologici
953 1892 1065 1925 studii
1086 1891 1335 1937 periculosum
1356 1898 1392 1924 et
1412 1891 1563 1925 evidens
1585 1891 1876 1924 detrimentum⁴.
1904 1891 2006 1924 Pacis
2032 1889 2156 1932 emuli,
2185 1889 2330 1923 domes-

453 1962 514 1994 tici
534 1961 693 1994 hominis
714 1960 864 2001 inimici,
887 1966 926 1992 ut
946 1959 1059 1992 robur
1080 1959 1187 1992 dictis
1208 1959 1351 1992 statutis
1372 1970 1416 1991 ex
1435 1969 1620 1991 consensu
1645 1957 1842 1991 multorum
1867 1957 2098 2002 acquirerent
2117 1957 2154 1989 in
2175 1956 2330 1990 Univer-

454 2028 558 2062 sitate
586 2027 782 2060 Parisiensi
810 2033 934 2059 contra
961 2038 1028 2059 nos
1057 2032 1092 2058 et
1117 2026 1314 2071 magistros
1342 2031 1489 2058 nostros
1514 2024 1695 2069 (nolentes
1716 2023 1941 2057 conscientie
1966 2030 2064 2056 metu
2091 2023 2185 2056 dicta
2205 2023 2329 2068 jurare

452 2095 594 2138 statuta)
630 2106 711 2126 cum
744 2093 890 2126 inimico
924 2092 1071 2125 homine
1107 2092 1373 2125 discordiarum
1403 2091 1719 2137 superseminante
1749 2090 1896 2132 zizania,
1923 2090 2101 2123 fermento
2129 2088 2264 2122 malitie
2291 2100 2330 2122 ac

452 2161 653 2194 mendaciis
675 2166 951 2205 corrumpentes
971 2159 1110 2192 aurium
1139 2165 1174 2191 et
1198 2158 1362 2191 cordium
1389 2157 1609 2203 simplicium
1635 2157 1841 2202 puritatem,
1870 2168 2000 2202 graves
2021 2155 2214 2189 molientes
2235 2155 2330 2200 inju-

453 2228 539 2269 rias,
574 2239 773 2272 pauperum
809 2226 1017 2259 innocentie
1051 2225 1234 2266 insidiosi,
1277 2225 1429 2258 insidias
1464 2224 1710 2265 tetenderunt,
1746 2230 1785 2256 ut
1823 2223 2092 2269 prevaricantes
2126 2234 2145 2255 a
2184 2221 2329 2263 studiis,

453 2294 607 2326 lassatos
629 2293 821 2338 angustiis,
848 2293 892 2325 ad
911 2292 1109 2337 jurandum
1135 2298 1265 2325 statuta
1291 2291 1414 2336 iniqua
1439 2290 1715 2336 compellerent,
1743 2297 1779 2323 et
1803 2290 1855 2323 sic
1881 2295 2057 2335 cogerent
2076 2300 2144 2321 nos
2165 2287 2330 2321 doctrine

454 2360 585 2392 cedere
612 2359 787 2393 veritatis.
817 2360 860 2391 Et
887 2359 1034 2404 quidem
1060 2365 1143 2403 post
1167 2357 1578 2391 excommunicationem
1604 2356 1789 2402 magistris
1814 2356 1951 2389 nostris
1977 2354 2154 2400 objectam
2181 2353 2330 2386 menda-

455 2426 558 2467 citer,
587 2426 684 2470 quod
713 2425 911 2458 noluerunt
940 2437 979 2458 se
1006 2425 1050 2458 ad
1076 2424 1137 2458 illa
1166 2425 1291 2469 inique
1317 2425 1407 2457 sacta
1433 2430 1563 2457 statuta
1589 2423 1735 2457 vinculo
1762 2429 1899 2455 temere
1924 2421 2100 2466 obligare,
2128 2426 2211 2465 post
2236 2420 2330 2464 ejec-

456 2492 591 2524 tionem
619 2492 782 2537 ipsorum
810 2504 829 2524 a
856 2492 1041 2525 consortio
1070 2491 1341 2537 magistrorum,
1370 2496 1405 2523 et
1431 2490 1540 2535 [post]
1567 2489 1869 2522 comminationes
1894 2487 2078 2521 terribiles
2104 2498 2143 2519 ac
2171 2485 2268 2518 diras
2292 2484 2330 2518 in

458 2558 606 2590 eosdem
636 2559 832 2603 magistros
860 2558 1059 2591 sententias
1070 2546 1094 2575 ⁵V
1110 2564 1145 2591 et
1171 2570 1239 2590 nos
1266 2557 1368 2602 ipsos
1396 2563 1432 2590 et
1458 2556 1619 2590 scolares
1647 2556 1810 2601 ipsorum
1838 2566 1903 2600 per
1930 2565 2057 2587 omnes
2087 2552 2205 2586 scolas
2232 2550 2331 2584 Pari-

462 2623 603 2657 sienses
626 2624 771 2668 publice
792 2624 1051 2669 promulgatas,
1079 2631 1163 2670 post
1186 2623 1360 2657 insultum
1388 2635 1469 2656 cum
1495 2622 1629 2664 arinis,
1647 2634 1753 2667 quem
1779 2621 1817 2654 in
1837 2632 1905 2653 nos
1926 2626 1962 2653 et
1981 2618 2141 2652 scolares
2161 2618 2198 2650 in
2219 2616 2330 2650 scolis

459 2690 595 2722 nostris
617 2690 783 2722 nonnulli
804 2691 966 2735 ipsorum
987 2703 1068 2724 cum
1090 2690 1346 2724 Universitatis
1364 2700 1548 2723 consensu
1570 2678 1705 2721 temere
1724 2684 2147 2732 presumpseruntzlicet
2166 2694 2330 2717 summus

460 2756 621 2800 pontifex
644 2756 688 2788 ad
723 2757 838 2789 dictos
873 2757 1068 2802 magistros
1097 2769 1182 2790 suas
1212 2756 1355 2790 dederit
1386 2755 1525 2788 litteras
1555 2761 1591 2787 et
1618 2753 1796 2795 mandata,
1832 2759 1870 2786 ut
1904 2763 1967 2785 eos
1997 2751 2040 2784 ad
2074 2749 2330 2784 Universitatis

461 2821 657 2866 collegium
685 2823 890 2867 reciperent
917 2823 1011 2856 sicut
1037 2824 1138 2868 prius
1149 2824 1172 2865 ⁰,
1201 2823 1272 2868 ipsi
1297 2829 1416 2855 tamen
1443 2821 1573 2854 dictam
1599 2819 1738 2853 domini
1762 2831 1853 2864 pape
1874 2817 2142 2851 restitutionem
2171 2822 2206 2849 et
2231 2828 2331 2849 man-

459 2883 753 2932 datum‘penitus
779 2888 1010 2933 negligentes
1035 2890 1072 2922 in
1098 2901 1165 2922 nos
1193 2888 1435 2934 impetuosius
1456 2899 1494 2920 se
1520 2892 1728 2932 gesserunt.
1757 2886 1844 2918 Post
1868 2883 1999 2917 multas
2025 2883 2158 2928 quippe
2183 2882 2332 2914 infama-

462 2953 580 2986 tiones
602 2960 745 2986 nostras
767 2960 836 2986 tam
858 2954 902 2986 de
922 2955 1072 2988 scientia
1097 2967 1203 3000 quam
1229 2955 1273 2987 de
1298 2954 1383 2995 vita,
1410 2964 1498 2998 quas
1524 2952 1561 2985 in
1585 2950 1896 2997 predicationibus
1923 2949 2080 2995 publicis
2106 2947 2331 2994 presentium
