2580 3528
443 361 505 393 128
1029 372 1349 394 eflAlxi-ULAmcM
1384 373 1574 395 cmvi-sas.
1611 373 1741 395 rmus.
2224 366 2325 407 [1229

440 444 602 478 scolares
637 446 796 490 prefatos
835 445 1112 491 interponentes
1149 446 1305 479 sollicite
1345 453 1465 492 partes
1500 454 1640 480 vestras
1675 447 1894 493 impendatis
1922 449 2210 482 sollicitudinem
2241 450 2327 482 dili-

440 518 586 557 gentem
618 519 651 545 et
682 524 828 557 operam
860 512 1053 554 efficacem,
1086 520 1125 546 ut
1154 514 1339 564 magistris
1369 521 1405 547 et
1434 513 1638 547 scolaribus
1668 514 1861 548 antedictis
1891 515 1936 548 de
1968 515 2061 549 datis
2092 516 2259 562 dampnis
2290 523 2324 550 et

438 579 610 624 irrogatis
640 579 785 624 injuriis
810 591 973 625 congrue
1002 580 1171 613 satisfiat³
1194 580 1358 613 restituta
1384 580 1475 625 ipsis
1498 580 1603 613 solita
1628 580 1794 614 libertate
1816 594 1855 614 ac
1883 594 1900 615 a
1930 582 2026 615 clare
2056 583 2231 616 memorie
2258 583 2322 616 Ph.

442 658 528 691 rege
550 647 769 678 Francorum
791 658 979 687 concessa,
1003 647 1163 679 studium
1185 647 1346 679 Parisius
1367 653 1572 689 revocetur,
1595 659 1668 680 non
1690 647 1858 681 obstante
1883 648 2038 694 alicujus
2059 649 2206 683 vinculo
2223 651 2325 695 jura-

440 713 565 754 menti,
592 713 650 745 cui
678 725 721 745 ex
746 713 862 746 tribus
890 713 1097 754 comitibus,
1121 725 1214 758 quos
1238 713 1348 746 (lebet
1367 713 1515 755 habere,
1542 714 1614 746 duo
1635 714 1807 747 videntur
1827 715 1971 757 deesse,
1990 716 2133 761 justitia
2153 716 2326 750 videlicet

440 786 474 812 et
490 780 684 824 judicium,
703 792 721 812 e
743 779 877 824 quibus
893 780 1038 812 videtur
1055 780 1202 812 minime
1224 780 1453 825 processisse
1475 787 1637 825 prestare
1657 780 1869 825 hujusmodi
1885 782 2146 826 juramentum.
2169 783 2275 826 Quod
2294 784 2325 816 si

440 847 563 879 forsan
579 846 690 891 aliqui
707 858 831 879 eorum
850 846 1060 891 hujusmodi
1078 846 1267 879 obstaculo
1290 858 1329 879 se
1346 846 1517 879 duxerint
1536 847 1778 889 excusandos,
1798 854 1945 881 auctore
1967 849 2124 882 Domino
2143 849 2195 883 sic
2213 861 2325 895 super

439 913 507 946 hoc
538 913 737 958 apostolice
768 913 867 946 sedis
897 912 1039 946 curabit
1062 913 1342 958 circumspectio
1368 913 1575 958 providere,
1603 914 1701 959 quod
1728 914 1826 947 nulla
1854 927 1897 947 ex
1922 914 1990 948 hoc
2012 915 2158 948 infamie
2185 916 2325 950 macula

440 987 714 1025 respergentur.
744 981 787 1012 Et
816 980 986 1024 quoniam
1013 992 1111 1012 mora
1132 980 1276 1013 videtur
1297 980 1340 1013 ad
1362 992 1401 1013 se
1424 980 1651 1025 perhiculum
1674 981 1829 1022 trahere,
1853 982 1933 1014 sine
1961 982 2135 1015 dilatione
2162 983 2326 1028 qualibet

440 1047 668 1091 exequamini
704 1046 801 1091 quod
837 1046 1061 1082 mandamus.
1094 1053 1129 1079 et
1162 1047 1260 1092 quod
1291 1059 1402 1092 super
1430 1037 1513 1080 hiis'
1533 1047 1760 1089 inveneritis,
1798 1047 1905 1081 nobis
1940 1049 2158 1094 quantocius
2190 1050 2325 1084 vestris

439 1113 571 1146 litteris
597 1113 786 1155 intimetis,
818 1120 854 1146 ut
882 1125 947 1158 per
972 1120 1126 1147 vestram
1159 1113 1372 1146 relationem
1405 1114 1574 1147 instructi
1605 1126 1716 1159 super
1742 1114 1811 1147 hoc
1840 1121 1987 1148 auctore
2013 1116 2169 1149 Domino
2197 1127 2326 1162 proce-

440 1181 579 1213 damus.
603 1180 709 1223 Quod
731 1180 762 1212 si
783 1192 857 1213 non
879 1192 1007 1213 omnes
1029 1180 1100 1213 duo
1122 1187 1297 1222 vestrum,
1316 1186 1380 1214 etc.
1400 1182 1477 1214 Dat.
1501 1181 1643 1214 Perusii
1661 1181 1722 1226 viij
1744 1181 1813 1215 kal.
1834 1181 2062 1224 Decembris,
2086 1195 2181 1216 anno
2203 1183 2324 1216 tertio.

535 1271 596 1301 ch.
614 1271 670 1293 Vat.
688 1270 809 1301 Gregorii
826 1270 858 1293 IX
874 1278 916 1293 au.
934 1271 956 1298 3,
973 1278 1013 1301 ep.
1035 1271 1073 1299 89,
1093 1270 1136 1293 sol.
1158 1270 1212 1293 145.
1234 1284 1265 1287 —
1287 1271 1448 1302 RaynalduS,
1470 1272 1547 1295 Ann.
1572 1271 1647 1299 eccl.,
1672 1271 1705 1294 ad
1730 1279 1772 1294 an.
1795 1272 1863 1300 1229,
1888 1276 1916 1294 u⁰
1932 1274 1970 1300 55,
1992 1272 2069 1296 offert
2089 1273 2136 1296 hus
2156 1272 2259 1296 litteras
2280 1273 2327 1297 sed

440 1315 556 1338 mutilas
573 1329 604 1332 —
619 1315 660 1338 Cf,
675 1316 777 1338 litteras
794 1323 876 1346 supra
890 1319 920 1338 11⁰
935 1316 965 1338 69
980 1314 1090 1346 positas.

535 1391 556 1414 1.
574 1392 636 1422 Reg.
654 1392 710 1414 vat.
729 1400 740 1414 ι(
756 1391 882 1423 paradiso
943 1391 1068 1422 deputato
1085 1399 1106 1414 ›>.
1125 1404 1158 1408 —
1172 1391 1194 1413 2.
1212 1391 1274 1422 Rog.
1292 1392 1350 1415 vat.
1368 1400 1379 1415 «
1395 1392 1511 1423 prefecto
1528 1399 1550 1414 ι).
1562 1405 1592 1408 -
1608 1392 1630 1414 3.
1647 1392 1710 1423 Reg.
1727 1392 1783 1415 Vnt.
1803 1400 1814 1415 (ι
1830 1392 1978 1416 satisfaciat
1994 1402 2015 1416 ».

442 1559 520 1596 71.
547 1569 698 1602 Gregorius
721 1569 765 1593 IX
784 1568 953 1594 Ludovicum
977 1577 1070 1603 regem
1093 1570 1266 1594 brancor-um
1292 1572 1319 1594 et
1342 1568 1482 1594 Blancam
1508 1572 1626 1594 matrem
1651 1570 1713 1604 ejus
1738 1568 1774 1595 de
1796 1570 1970 1595 necessitate
1994 1570 2160 1605 sapientiae
2184 1573 2212 1596 et
2235 1569 2327 1596 studii

530 1618 691 1643 litter-arum
708 1617 806 1643 edocet
826 1617 1014 1653 hortaturque
1032 1621 1173 1652 satagant
1193 1622 1223 1643 ut
1242 1617 1369 1643 studium
1385 1618 1516 1643 Parisios
1536 1622 1680 1644 revocetur
1700 1627 1734 1643 ac
1755 1618 1903 1653 magistris
1924 1622 1952 1644 et
1971 1618 2155 1644 scholaribus
2174 1619 2326 1645 Parisien—

530 1667 610 1692 sibus
626 1666 661 1692 de
677 1667 813 1701 irrogatis
829 1667 943 1702 injuriis
959 1676 1081 1701 congrue
1096 1667 1236 1702 satisfiat.

1613 1713 1692 1742 1229,
1709 1712 1855 1738 Morembris
1868 1713 1915 1742 26,
1932 1713 2037 1739 Perusii.

534 1814 554 1819 ..
579 1787 668 1831 Regi
691 1788 911 1819 Francorum
939 1793 973 1819 ct
1001 1787 1040 1819 B.
1065 1786 1168 1819 matri
1194 1787 1273 1831 ejus
1299 1786 1426 1832 regine
1452 1786 1671 1820 illustribus.
1702 1788 1743 1819 ln
1769 1786 1900 1829 tribus,
1927 1799 1998 1832 que
2029 1787 2325 1833 appropriatione

442 1854 601 1886 nominis
623 1853 740 1886 tribus
757 1854 794 1886 in
816 1854 942 1886 Sancta
963 1854 1138 1886 Trinitate
1156 1853 1326 1898 personis
1347 1853 1515 1886 attributa
1537 1860 1752 1895 noscuntur,
1771 1854 1943 1899 potentia,
1967 1854 2146 1899 sapientia
2167 1860 2203 1887 et
2221 1853 2326 1887 beni-

440 1921 576 1965 gnitate
602 1920 786 1961 videlicet,
814 1932 966 1965 regnum
995 1921 1215 1953 Francorum
1246 1920 1410 1965 ejusdem
1441 1927 1565 1953 sancte
1591 1920 1778 1953 Trinitatis
1805 1920 1979 1954 imitando
2006 1921 2203 1966 vestigium
2229 1927 2327 1966 patet

444 2000 506 2033 pre
530 1987 654 2032 regnis
675 1987 756 2019 aliis
777 2000 794 2020 a
815 1986 937 2032 longis
961 1994 1056 2020 retro
1074 1987 1301 2032 temporibus
1322 1986 1512 2029 claruisse,
1530 1987 1567 2019 in
1588 1987 1801 2020 strenuitate
1824 1987 1976 2020 militum
1999 1994 2144 2032 potens,
2167 1987 2204 2020 in
2225 1987 2325 2020 clero

442 2055 642 2087 litterarum
669 2054 820 2086 scicntia
846 2054 988 2099 predito
1010 2054 1171 2099 sapiens,
1194 2054 1285 2099 etin
1313 2053 1483 2086 clementi
1509 2054 1713 2099 principum
1739 2053 1900 2087 bonitate
1929 2053 2146 2099 benignum,
2169 2066 2325 2099 quorum

444 2121 564 2154 medio
591 2121 621 2153 si
649 2121 721 2153 duo
752 2121 996 2154 destituantur
1025 2127 1182 2154 extrema
1214 2121 1250 2153 in
1284 2121 1369 2154 vitia
1399 2127 1670 2154 convertentur.
1708 2121 1886 2164 Quoniam
1922 2121 2086 2166 potentia
2116 2121 2187 2154 nisi
2216 2121 2327 2154 fuerit

443 2188 619 2234 sapientia
647 2194 853 2232 temperata,
876 2188 912 2220 in
934 2188 1246 2233 presumptionem
1268 2187 1426 2220 luxuriat
1452 2199 1492 2221 se
1519 2188 1556 2220 in
1582 2188 1824 2233 arrogantiam
1857 2187 2069 2221 extollendo
2089 2199 2096 2221 :
2116 2187 2326 2233 benignitas

442 2268 529 2288 vero
551 2256 582 2287 si
604 2255 727 2288 eadem
755 2254 901 2287 suffulta
923 2267 995 2287 non
1017 2255 1137 2296 suerit,
1160 2255 1196 2287 in
1223 2254 1503 2287 dissolutionem
1526 2255 1726 2300 degenerat
1751 2261 1787 2288 et
1811 2255 1964 2288 eflicitur
1986 2255 2137 2291 fatuitati
2159 2261 2324 2300 cognata.

446 2323 560 2367 Igitur
585 2322 760 2367 sapientia
796 2322 1001 2354 necessaria
1029 2328 1082 2354 est
1106 2322 1262 2366 utrique,
1296 2321 1375 2354 sine
1411 2334 1479 2366 qua
1511 2328 1637 2354 neutra
1668 2321 1811 2354 illarum
1842 2334 1975 2354 nomen
2006 2322 2152 2355 virtutis
2186 2321 2327 2355 obtinet

442 2389 500 2422 vel
521 2390 700 2422 effectum.
725 2389 906 2434 Sapientia
928 2401 1015 2422 vero
1037 2389 1195 2421 nutritur
1216 2388 1338 2421 studio
1359 2388 1573 2430 litterarum,
1592 2401 1664 2434 quo
1686 2389 1789 2434 quasi
1811 2389 1923 2422 ssuvio
1945 2388 1988 2421 de
2010 2388 2091 2422 loco
2113 2388 2324 2422 deliciarum

444 2468 597 2501 egresso
619 2468 692 2488 non
714 2455 830 2488 solum
856 2468 1008 2501 regnum
1031 2456 1234 2501 predictum
1255 2455 1427 2501 irrigatur
1448 2462 1483 2488 et
1503 2456 1718 2489 secundatur
1739 2462 1823 2501 post
1843 2455 2000 2500 Spiritus
2022 2455 2141 2488 Sancti
2159 2455 2323 2501 gratiam,

444 2535 567 2555 verum
600 2523 704 2555 etiam
737 2523 927 2567 paradisus
956 2522 1112 2555 ecclesie
1142 2522 1340 2568 generalis,
1372 2523 1477 2567 cujus
1504 2522 1630 2556 alveus
1660 2522 1879 2555 Parisiensis
1910 2522 2036 2555 civitas
2067 2534 2110 2554 ex
2139 2534 2195 2563 eo,
2226 2522 2326 2567 quod

445 2590 539 2622 idem
567 2590 725 2622 studium
749 2590 910 2622 Parisius
931 2589 1047 2634 viguit
1070 2589 1258 2630 hactenus,
1282 2589 1446 2622 noscitur
1467 2589 1643 2622 extitisse.
1668 2589 1772 2622 Unde
1794 2595 1914 2622 vestra
1938 2588 2123 2621 credimus
2144 2588 2325 2621 interesse

445 2656 599 2688 sollicita
627 2656 816 2701 diligentia
839 2662 874 2688 et
898 2656 1146 2688 sollicitudine
1168 2662 1332 2701 satagere
1355 2655 1536 2701 diligenti,
1559 2662 1598 2688 ut
1618 2656 1778 2689 studium
1801 2655 1932 2688 diebus
1952 2655 2084 2688 vestris
2112 2654 2324 2688 translatum

445 2723 528 2756 alibi
552 2735 569 2755 a
592 2723 765 2763 Parisius,
794 2722 880 2754 illuc
907 2722 1009 2766 qtutsi
1038 2723 1172 2755 ssumen
1201 2722 1245 2755 ad
1272 2722 1411 2755 alveum
1435 2729 1640 2764 revocetur,
1662 2734 1707 2755 ne
1732 2722 1856 2755 forsan
1876 2734 1919 2755 ex
1940 2721 2176 2755 translatione
2198 2721 2325 2766 hujus-

448 2790 542 2822 modi
569 2790 612 2822 ad
638 2789 810 2822 nichilum
839 2789 1025 2834 redigatur
1051 2801 1115 2834 per
1140 2789 1243 2834 plura
1267 2788 1344 2822 loca
1372 2789 1542 2830 divisum,
1565 2789 1665 2822 velut
1685 2789 1819 2822 ssuvius
1840 2788 2016 2822 distortus
2040 2788 2084 2821 ab
2109 2788 2211 2822 alveo
2233 2789 2325 2821 etin

447 2858 544 2890 rivos
566 2857 707 2889 divisus
728 2856 872 2897 arescit,
895 2863 929 2889 et
952 2868 1016 2901 per
1036 2856 1104 2888 hoc
1125 2855 1243 2888 celum
1265 2855 1383 2889 claudi
1405 2856 1598 2901 scripture,
1620 2868 1659 2888 ac
1679 2855 1843 2901 ymbrem
1865 2868 1970 2888 suum
1993 2855 2110 2888 nubes
2136 2856 2324 2889 continere

445 2924 644 2969 contingat,
667 2930 700 2956 et
718 2923 985 2968 imcomplutam
1004 2929 1135 2956 terram
1157 2921 1375 2956 universalis
1397 2922 1552 2955 ecclesie
1575 2934 1775 2958 remanere.
1799 2934 1942 2955 necnon
1963 2922 1999 2955 in
2018 2921 2187 2955 tenebras
2207 2922 2323 2956 solem
