2580 3528
263 433 360 474 1234]
598 442 645 464 ΑΒ
679 442 786 464 Anno
820 441 897 465 mcc
932 441 1066 470 usque
1100 441 1149 462 An
1187 440 1415 462 Ριιιιιιψωι
1453 440 1490 460 n·
1527 440 1614 461 nnc..
1653 440 1787 461 runc.
2075 431 2138 462 155

261 516 347 558 niei,
382 516 460 562 ipse
495 522 639 549 nostras
671 515 716 548 ad
750 514 995 549 venerabilem
1035 515 1180 547 fratrem
1220 520 1428 546 nostrum..
1465 513 1706 546 Parisicnsem
1742 513 1953 558 episcopum
1990 520 2025 546 et
2058 514 2138 558 ejus

261 582 423 628 collegas
457 582 662 628 impetravit
690 582 842 623 litteras,
878 581 1109 614 continentes
1142 587 1180 614 ut
1209 593 1281 613 non
1312 579 1544 613 obstantibus
1574 579 1705 612 litteris
1729 592 1748 612 a
1774 580 1948 624 magistro
1978 580 2139 613 Jordano

261 649 459 684 Parisiensi
479 649 654 682 canonico
675 660 787 694 super
807 648 1035 694 providendo
1057 647 1127 681 sibi
1148 647 1193 680 de
1213 646 1384 680 domibus
1404 647 1442 679 in
1463 647 1591 679 eodem
1613 646 1772 679 claustro
1793 659 1811 679 a
1833 646 1920 679 sedc
1941 646 2139 691 apostolica

261 716 476 762 impetratis,
506 727 588 749 cum
618 715 779 749 decanus
809 715 904 748 idem
936 714 1136 748 secundum
1168 714 1323 747 ecclesie
1346 714 1519 758 jamdicte
1550 713 1867 754 consuetudinem,
1900 713 1944 745 dc
1972 725 2041 758 qua
2068 725 2139 746 non

261 782 442 816 faciebant
465 782 550 828 ipse,
570 782 691 816 littere
720 782 956 823 mentionem,
984 782 1078 815 soret
1103 781 1140 814 in
1167 781 1399 814 assecutione
1425 780 1615 813 domorum
1644 780 1795 813 cuilibet
1821 780 1996 813 canonico
2024 780 2141 825 prefe-

263 849 414 892 rendus,
449 849 481 883 si
514 849 645 882 domus
674 849 837 895 predicte
868 849 935 882 rite
964 860 1140 882 concesse
1168 848 1227 881 alii
1260 860 1331 881 non
1362 848 1531 889 fuissent,
1563 847 1707 880 easdem
1736 847 1854 880 eidem
1881 847 2018 880 decano
2039 848 2140 892 juxta

263 916 415 950 eandem
445 916 749 950 consuetudinem
779 916 940 949 sacercnt
969 915 1162 961 assignari,
1191 922 1224 948 et
1252 915 1283 948 si
1310 915 1433 948 forsan
1463 901 1624 948 decanus
1654 914 1733 960 ipsc
1761 914 1890 947 domos
1921 914 2141 959 prescriptas

264 982 431 1016 obtinere
452 995 526 1016 non
551 989 690 1028 posset,
716 983 877 1016 facerent
901 982 934 1015 ei
955 982 1000 1015 de
1021 981 1102 1015 aliis
1127 981 1312 1027 provideri
1332 994 1414 1014 cum
1435 993 1475 1014 se
1496 981 1646 1014 facultas
1667 981 1827 1022 offerret,
1855 981 2143 1014 contradictores

266 1061 331 1096 per
359 1061 550 1083 censuram
580 1049 863 1083 ecclesiasticam
893 1048 1136 1094 appellatione
1171 1049 1372 1094 postposita
1407 1048 1687 1093 compescenda
1724 1048 1816 1081 Cum
1849 1054 1967 1081 autom
1997 1048 2144 1093 judices

265 1116 437 1150 antedicti
462 1116 669 1149 Parisiense
694 1115 891 1161 capitulum
913 1127 1025 1161 super
1044 1115 1293 1149 concedendis
1318 1115 1436 1148 eidem
1459 1115 1596 1148 decano
1618 1114 1788 1148 domibus
1810 1115 1982 1160 sepefatis
2003 1115 2142 1148 moneri

266 1183 454 1224 fecissent,
484 1194 612 1216 omnes
641 1182 678 1215 in
707 1182 788 1223 hoc,
815 1209 836 1215 ..
859 1182 1076 1216 cancellario
1106 1182 1316 1223 Parisiensi,
1343 1209 1364 1215 ..
1388 1181 1613 1215 thesaurario
1643 1182 1879 1215 Noviomensi
1907 1188 1942 1215 et
1969 1182 2144 1227 magistro

267 1251 374 1283 Petro
402 1249 447 1282 de
476 1250 569 1295 Papa
598 1249 775 1282 canonico
805 1249 960 1282 ecclesie
990 1249 1173 1282 nominate
1204 1249 1384 1282 dumtaxat
1419 1249 1594 1294 exceptis,
1629 1248 1830 1282 liberaliter
1863 1256 2143 1282 consenserunt.

267 1317 433 1362 Cumque
466 1315 699 1361 postmodum
734 1315 806 1348 duo
842 1316 1105 1361 premissorum
1134 1315 1313 1360 judicum,
1350 1315 1457 1348 tertio
1492 1327 1572 1348 cum
1609 1322 1734 1360 posset
1768 1315 1947 1348 interesse
1983 1315 2144 1356 nolente,

268 1381 575 1428 subdelegassent
594 1381 740 1416 duobus
760 1382 841 1415 aliis
862 1382 899 1415 in
920 1389 1118 1415 memorato
1139 1382 1288 1428 negotio
1310 1382 1468 1415 totaliter
1488 1382 1587 1416 vices
1608 1394 1706 1424 suas,
1724 1395 1763 1415 ac
1785 1382 1895 1415 iidem
1916 1382 2144 1427 subdolegati

267 1449 555 1483 contradictores
581 1449 740 1494 prefatos
760 1448 804 1482 ad
825 1460 925 1482 suam
953 1449 1172 1494 presentiam
1200 1449 1445 1494 peremptorie
1470 1449 1695 1490 citavissent,
1717 1455 1753 1482 et
1773 1448 1826 1481 illi
1848 1461 1913 1481 nec
1935 1461 2000 1494 per
2021 1461 2059 1482 sc.
2081 1461 2147 1481 nce

268 1528 334 1562 per
358 1522 630 1562 procuratorem
657 1515 830 1549 idoneum
854 1522 962 1561 prout
986 1515 1194 1549 debuerunt
1223 1522 1414 1549 curassent
1439 1528 1559 1548 coram
1586 1516 1639 1548 eis
1670 1516 1706 1548 in
1737 1515 1874 1561 prefixo
1897 1515 1967 1549 sibi
1994 1516 2148 1548 termino

269 1594 492 1628 comparere,
528 1581 758 1627 subdelegati
803 1582 955 1627 predicti
999 1583 1175 1616 decanum
1220 1582 1395 1623 eundem,
1431 1595 1511 1615 cum
1547 1589 1661 1615 totum
1695 1582 1891 1628 capitulum
1927 1583 2147 1628 predictum,

269 1649 431 1695 exceptis
461 1648 579 1682 tribus
606 1649 802 1682 nominatis
829 1649 1014 1695 superius,
1041 1649 1295 1683 consensisset
1323 1649 1359 1682 in
1388 1649 1663 1695 possessionem
1692 1649 1935 1694 predictarum
1958 1650 2148 1682 domorum

270 1715 395 1749 induci
423 1715 601 1757 fecerunt,
633 1715 670 1748 in
699 1715 986 1749 contradictores
1022 1715 1207 1762 quoslibet
1241 1716 1627 1749 excommunicationis
1661 1716 1877 1750 sententiam
1914 1716 2149 1761 proferendo.

272 1782 506 1816 Postmodum
536 1794 624 1816 vero
654 1782 814 1816 decanus
844 1783 922 1828 ipse
951 1782 1036 1816 ad..
1061 1782 1275 1828 magistrum
1305 1782 1500 1823 scolarum,
1523 1789 1599 1816 et..
1623 1783 1842 1828 capicerium
1869 1783 1988 1816 Sancti
2010 1782 2150 1816 Aurelii

271 1855 396 1883 contra
425 1849 543 1883 dictos
573 1849 803 1883 adversarios
833 1861 921 1883 suos
948 1855 983 1883 et
1009 1849 1212 1883 Aubertum
1240 1850 1285 1883 de
1312 1850 1486 1883 Nemosio
1517 1850 1802 1883 concanonicum
1834 1850 2061 1891 corumdem,
2089 1850 2152 1894 qui

274 1922 358 1950 tunc
387 1915 562 1961 temporis
590 1915 724 1949 absens
754 1915 827 1949 illis
857 1915 1000 1950 adhesit
1028 1922 1154 1962 postea
1178 1916 1214 1949 in
1241 1916 1305 1950 hac
1326 1923 1441 1962 parte,
1463 1916 1551 1950 alias
1571 1916 1710 1950 litteras
1737 1917 1955 1962 impetravit,
1978 1929 2042 1962 pcr
2063 1928 2153 1961 quas
2190 1917 2197 1929 ⁶

273 1981 509 2016 mandabatur
542 1982 700 2024 eisdem,
735 1989 775 2016 ut
807 1995 872 2016 eos
906 1995 924 2016 a
958 1983 1246 2016 contradictione
1284 1982 1495 2029 hujusmodi
1534 1995 1599 2029 per
1636 1995 1828 2016 censuram
1869 1983 2151 2016 ecclesiasticam

272 2048 525 2091 cohercerent,
559 2061 578 2082 a
612 2048 746 2095 quibus
779 2062 862 2083 cum
895 2061 1019 2083 earum
1053 2050 1266 2084 auctoritate
1301 2057 1421 2096 partes
1455 2050 1561 2084 citate
1596 2050 1765 2092 fuissent,
1801 2057 1837 2084 ct
1870 2050 1987 2096 ipsius
2025 2050 2153 2083 decani

273 2115 426 2150 adverse
450 2115 543 2161 parti
568 2115 694 2161 petitio
722 2123 940 2162 presentata,
967 2117 1152 2162 sepefatus
1178 2116 1419 2150 cancellarius
1445 2123 1480 2150 ct
1504 2118 1583 2162 ejus
1610 2117 1700 2150 socii
1721 2117 1765 2150 ad
1787 2117 2034 2163 supradictum
2057 2117 2155 2150 l'ari-

275 2181 435 2215 siensem
465 2182 678 2228 episcopum
708 2189 743 2216 et
771 2184 851 2228 ejus
881 2183 1094 2229 conjudices
1124 2183 1298 2229 quasdam
1329 2183 1496 2217 obtentas
1525 2196 1543 2217 a
1570 2183 1677 2217 nobis
1708 2196 1820 2229 super
1845 2184 1974 2217 eodem
2005 2183 2153 2228 negotio

276 2247 521 2282 exhibuerunt
548 2248 700 2290 litteras,
732 2249 768 2282 in
797 2249 945 2295 quibus,
976 2250 1083 2283 tacito
1111 2250 1207 2296 quod
1239 2250 1329 2296 ipsis
1359 2250 1521 2296 exceptis
1551 2251 1587 2283 in
1617 2250 1865 2283 concedendis
1895 2251 1927 2283 ei
1956 2250 2154 2295 sepedictis

277 2313 448 2347 domibus
468 2320 583 2347 totum
611 2314 746 2348 dictum
772 2315 967 2361 capitulum
995 2317 1258 2358 consensisset,
1282 2323 1497 2362 suggestum
1520 2316 1628 2349 nobis
1654 2317 1733 2358 suit,
1755 2317 1853 2361 quod
1880 2316 2152 2362 suprascriptus

277 2380 517 2414 cancellarius
542 2387 578 2414 et
604 2381 749 2426 quidam
775 2381 835 2415 alii
863 2382 1018 2416 ecclesie
1038 2383 1219 2416 antedicte
1246 2383 1412 2416 canonici
1439 2383 1655 2416 defensores
1677 2396 1742 2428 pro
1764 2384 1848 2428 jure
1874 2383 2021 2428 capituli
2044 2395 2156 2428 super

278 2435 598 2488 consuetudinem,
626 2459 732 2493 quam
757 2448 853 2482 idem
878 2448 1057 2494 allegabat
1082 2449 1242 2483 decanus
1267 2461 1387 2483 coram
1408 2449 1593 2494 jamdictis
1619 2449 1882 2495 subdelegatis,
1910 2461 1950 2482 sc
1976 2449 2155 2483 duxerant

280 2513 559 2559 presentandos,
590 2520 625 2547 et
654 2514 751 2559 quod
783 2514 891 2548 iidcm
922 2515 1081 2561 iniquam
1112 2522 1236 2549 contra
1271 2527 1335 2549 eos
1366 2515 1590 2549 diffinitivam
1621 2516 1836 2549 sententiam
1868 2515 2156 2561 promulgarant,
2184 2543 2185 2546 ,

279 2591 298 2613 a
319 2591 387 2626 qua
413 2580 530 2613 suerat
553 2592 596 2613 ex
618 2587 718 2626 parte
743 2580 905 2627 ipsorum
931 2581 975 2614 ad
1001 2582 1125 2615 sedem
1151 2582 1385 2628 apostolicam
1412 2582 1645 2628 appellatum,
1674 2582 1858 2615 nominato
1886 2595 2031 2628 quoquc
2058 2582 2156 2616 Pari-

280 2646 395 2680 siensi
425 2646 599 2692 episcopo
627 2647 874 2681 committente
902 2635 1044 2681 officiali
1072 2660 1139 2681 suo
1161 2643 1197 2682 in
1226 2655 1415 2694 prenotato
1443 2649 1592 2694 negotio
1619 2649 1719 2683 vices
1744 2661 1841 2682 suas.
1869 2649 1938 2691 Qui
1964 2656 1996 2683 ct
2025 2649 2156 2695 reliqui

280 2712 444 2758 ejusdem
470 2713 633 2759 episcopi
661 2714 887 2759 conjudices,
913 2727 994 2748 cum
1031 2722 1150 2761 partes
1175 2715 1220 2748 ad
1245 2728 1345 2749 suam
1375 2716 1594 2761 presentiam
1621 2716 1844 2757 citavissent,
1867 2722 1902 2749 et
1927 2728 2009 2761 pars
2030 2716 2156 2749 decani

282 2778 492 2824 petitionem
527 2780 639 2825 partis
668 2780 821 2814 adverse
856 2781 891 2814 in
926 2781 1072 2827 scriptis
1108 2782 1253 2827 petierit
1286 2781 1356 2814 sibi
1392 2782 1483 2824 dari,
1509 2782 1655 2827 judices
1691 2782 1759 2828 ipsi
1790 2782 1886 2827 juris
1921 2782 2049 2815 ordinc
2086 2795 2157 2815 non

281 2851 424 2879 servato
454 2845 550 2879 illam
581 2846 753 2881 exhibere
783 2847 981 2882 noluerunt
1009 2848 1142 2890 eidem,
1174 2849 1243 2882 nisi
1276 2849 1443 2894 primitus
1473 2855 1549 2882 acta
1580 2849 1739 2894 priorum
1766 2849 1946 2894 judicum,
1976 2862 1993 2882 a
2025 2848 2159 2894 quibus

282 2911 471 2946 dicebatur
499 2912 717 2959 appellatum
745 2914 871 2954 fuisse,
901 2914 937 2948 in
966 2926 1092 2948 eorum
1120 2915 1303 2960 presentia
1329 2915 1530 2957 exhiberet,
1556 2922 1693 2949 certum
1715 2915 1847 2949 adhoc
1869 2914 1939 2948 sibi
1966 2916 2157 2949 terminum

283 2978 512 3024 prefigendo,
539 2979 624 3013 licet
649 2979 809 3014 decanus
836 2981 915 3026 ipse
944 2981 1104 3015 nondum
1129 2994 1218 3015 usus
1239 2982 1366 3015 suisset
1389 2982 1527 3015 eisdem
1550 2994 1615 3015 nec
1636 2982 1685 3015 uti
1709 2988 1929 3028 proponeret
1949 2994 2068 3015 coram
2091 2982 2157 3014 cis.
