2580 3528
500 402 565 434 594
1087 408 1405 431 anR'rULAnicM
1440 406 1630 428 rmvmzs.
1667 404 1796 427 rmus.
2275 395 2374 436 [1282

500 484 622 518 bilitcr
656 485 752 518 dicto
788 483 1008 517 monasterio
1043 482 1224 528 prefuisti,
1255 481 1349 514 bona
1384 481 1463 525 ejus
1499 479 1708 524 temporalia
1743 477 1994 524 multipliciter
2027 478 2310 524 augmentando,
2340 485 2373 512 et

501 558 648 597 propter
668 551 735 584 hoc
756 551 907 596 dignum
929 549 1141 582 extimantes
1163 555 1198 581 et
1218 559 1420 581 consonum
1442 546 1572 579 rationi
1594 552 1633 578 ut
1653 544 1718 578 tibi
1740 545 1784 578 de
1806 545 1998 590 premissis
2018 544 2127 579 bonis
2148 545 2313 578 decentis
2340 551 2375 579 et

502 618 726 651 honorabilis
752 616 974 662 provisionis
999 616 1113 660 gratia
1139 615 1378 654 conferretur,
1403 612 1466 645 tibi
1489 624 1553 657 pro
1575 623 1732 657 persona
1754 618 1812 645 tua
1839 618 1970 657 tuaque
1995 611 2127 645 familia
2153 612 2374 658 competenti

503 685 546 718 de
567 685 751 718 voluntate
777 683 959 717 communi
980 693 1163 715 consensu
1190 678 1351 713 unanimi
1376 691 1415 712 ac
1441 678 1662 712 instantibus
1689 678 1860 723 precibus
1886 679 1998 712 totius
2023 685 2226 712 conventus
2251 691 2376 712 mona-

502 751 605 785 sterii
631 750 797 796 prelibati
824 749 1058 794 singulariter
1080 747 1264 793 expressis
1292 746 1335 779 ab
1363 745 1534 778 omnibus
1562 745 1606 778 de
1634 744 1715 790 ipso
1746 752 1928 779 conventu
1956 758 1974 778 a
2001 745 2109 779 nobis
2137 752 2286 791 propter
2306 745 2374 779 hoc

504 818 709 863 specialiter
736 822 932 849 convocato
961 815 997 847 in
1024 821 1147 847 nostra
1175 813 1359 858 presentia
1388 819 1472 845 tunc
1499 812 1536 844 in
1564 812 1692 845 eodem
1721 812 1942 845 monasterio
1971 812 2198 854 constitutis,
2221 812 2376 858 premis-

504 897 626 918 sorum
654 884 832 916 bonorum
861 881 1120 914 nichilominus
1149 879 1365 912 sufficientia
1391 878 1590 924 diligenter
1615 878 1792 924 inspecta,
1819 879 1864 912 de
1892 878 2007 912 Brolii
2034 879 2152 912 Pareti
2180 885 2216 912 et
2242 880 2376 912 Euran-

503 951 586 984 ville
608 950 704 983 villis
726 949 888 993 ejusdem
912 947 1121 980 monasterii
1142 958 1222 979 cum
1245 945 1428 987 domibus,
1451 945 1629 991 grangiis,
1646 945 1794 990 juribus
1815 952 1850 979 et
1869 946 2101 991 pertinentiis
2122 946 2200 979 suis
2219 947 2378 991 (septua-

502 1018 600 1062 ginta
627 1023 661 1049 ct
686 1015 802 1048 tribus
828 1014 932 1047 libris
958 1014 1166 1059 parisiens,
1189 1024 1278 1058 quas
1300 1012 1396 1045 idem
1418 1019 1620 1046 conventus
1640 1012 1677 1045 in
1703 1013 1780 1058 ipsa
1805 1012 1890 1047 villa
1917 1013 1962 1046 de
1989 1012 2197 1047 Euranville
2222 1012 2375 1058 percipit

502 1083 696 1123 annuatim,
726 1082 911 1126 exceptis),
940 1092 1083 1113 necnon
1110 1080 1153 1113 de
1182 1080 1334 1124 quadam
1361 1079 1469 1112 domo
1495 1079 1539 1112 de
1566 1079 1720 1113 Yssiaco
1745 1080 1789 1113 ad
1815 1080 1950 1113 dictum
1978 1080 2238 1113 monasterium
2265 1079 2377 1125 perti-

504 1156 609 1182 nente
644 1161 724 1181 cum
761 1147 930 1181 omnibus
966 1159 1035 1192 que
1070 1147 1163 1179 infra
1197 1146 1400 1179 clausuram
1436 1146 1554 1191 ipsius
1589 1146 1719 1179 domus
1754 1147 1974 1189 consistunt,
2003 1159 2043 1180 ac
2078 1147 2122 1180 de
2157 1146 2373 1192 quibusdam

502 1215 705 1249 redditilms
733 1221 876 1247 centum
901 1213 1074 1246 librarum
1101 1213 1311 1258 parisiens,
1333 1224 1403 1258 que
1429 1212 1472 1246 ab
1498 1212 1709 1246 hominibus
1735 1213 1821 1247 ville
1849 1214 1894 1246 de
1922 1213 2150 1259 Antogniaco
2176 1213 2373 1246 Parisiens.

502 1283 659 1315 diocesis
688 1294 730 1314 ex
757 1288 852 1314 certa
878 1293 984 1313 causa
1005 1280 1110 1313 annis
1131 1280 1289 1325 singulis
1311 1280 1407 1313 dicto
1429 1280 1652 1313 monasterio
1674 1280 1922 1320 solvebantur,
1944 1281 2156 1314 auctoritate
2180 1280 2376 1326 legationis

501 1356 625 1382 nostre
651 1348 877 1394 providimus
902 1360 919 1380 a
945 1354 978 1380 te
1001 1347 1120 1392 quoad
1141 1347 1275 1380 vixeris
1297 1347 1545 1392 possidendis.
1570 1347 1761 1381 Universis
1782 1359 1871 1393 ergo
1898 1354 1933 1381 et
1958 1347 2116 1393 singulis
2141 1347 2186 1381 de
2211 1347 2376 1393 predicto

501 1422 681 1449 conventu
707 1427 818 1460 super
842 1414 910 1447 hoc
936 1414 1143 1459 specialiter
1163 1414 1364 1459 requisitis,
1387 1426 1426 1447 ac
1447 1414 1696 1459 provisionem
1722 1414 1933 1459 hujusmodi
1957 1421 2068 1448 ratam
2097 1414 2316 1448 habentibus
2341 1420 2378 1447 et

501 1490 695 1527 acceptam,
723 1494 789 1514 nos
813 1481 1072 1514 nichilominus
1094 1481 1235 1513 irritum
1257 1481 1490 1514 decernimus
1511 1487 1547 1514 et
1567 1481 1687 1523 inane,
1710 1482 1740 1515 si
1762 1493 1870 1515 secus
1891 1482 1935 1514 (le
1956 1481 2054 1515 villis
2083 1488 2118 1514 et
2143 1481 2224 1514 aliis
2249 1476 2377 1526 suprass-

502 1549 608 1582 dictis
624 1549 681 1582 vel
702 1549 822 1593 aliquo
844 1560 908 1581 seu
930 1547 1112 1592 aliquibus
1134 1547 1333 1580 eorundem
1355 1554 1480 1580 contra
1501 1548 1672 1593 prefatam
1695 1548 1943 1594 provisionem
1965 1555 2125 1582 nostram
2146 1548 2378 1593 contingeret

502 1616 716 1661 attemptari,
746 1621 851 1660 prout
876 1615 911 1647 in
937 1614 1144 1660 patentibus
1170 1614 1302 1647 litteris
1328 1615 1464 1647 nostris
1490 1615 1666 1648 confectis
1695 1615 1838 1657 exinde,
1867 1627 1906 1649 ac
1933 1615 2056 1661 sigillo
2085 1627 2157 1661 quo
2185 1614 2377 1648 utebamur

503 1690 664 1728 tempore
686 1682 879 1727 legationis
901 1681 1079 1726 premisse
1101 1681 1255 1726 signatis
1278 1681 1422 1726 plenius
1444 1682 1663 1716 continetur.
1683 1682 1738 1715 Ad
1759 1682 1827 1715 hoc
1849 1682 1992 1716 dilectis
2014 1682 2100 1715 filiis
2118 1709 2138 1715 ..
2157 1683 2374 1716 Carnotens.

504 1757 539 1783 et
561 1776 582 1782 ..
610 1749 863 1782 Meledunens.
886 1749 923 1781 in
944 1748 1099 1781 ecclesia
1121 1748 1326 1781 Senonensi
1347 1748 1613 1782 archidiaconis
1635 1761 1700 1795 per
1725 1749 1813 1783 alias
1839 1756 1982 1783 nostras
2003 1749 2143 1783 litteras
2164 1749 2376 1783 auctoritate

503 1816 662 1862 predicta
689 1815 951 1856 mandavimus,
981 1822 1020 1848 ut
1046 1815 1116 1860 ipsi
1144 1815 1202 1848 vel
1229 1815 1319 1848 alter
1346 1827 1471 1848 eorum
1501 1823 1534 1849 tc
1561 1816 1619 1850 vel
1647 1823 1919 1862 procuratorem
1947 1823 2047 1850 tuum
2076 1823 2137 1850 tuo
2165 1817 2313 1849 nomine
2339 1816 2376 1849 in

502 1883 725 1928 corporalem
766 1882 1039 1927 possessionem
1074 1881 1254 1923 villarum,
1291 1882 1495 1924 domorum,
1532 1884 1779 1930 grangiarum,
1811 1884 1964 1929 jurium,
1999 1883 2299 1929 pertinentiarum
2342 1889 2378 1916 et

503 1950 652 1983 aliorum
684 1950 945 1994 premissorum
978 1949 1193 1982 inducerent
1224 1956 1260 1982 et
1289 1955 1478 1982 tuerentur
1508 1950 1709 1992 inductum,
1735 1951 1911 1984 facientes
1942 1950 2006 1984 tihi
2033 1950 2091 1984 vel
2119 1950 2215 1983 dicto
2245 1961 2377 1996 procu·

506 2017 613 2050 ratori
640 2028 704 2061 pro
727 2023 760 2049 te
783 2016 826 2048 de
847 2015 1028 2057 villarum,
1053 2016 1257 2057 domorum,
1280 2017 1514 2061 grangiarum
1536 2024 1569 2050 et
1591 2017 1743 2050 aliorum
1772 2018 2016 2063 predictorum
2039 2017 2231 2059 fructibus,
2255 2017 2378 2050 reddi-

504 2083 614 2125 tibus,
636 2083 794 2128 juribus,
823 2082 1062 2128 proventibus
1084 2089 1119 2115 et
1144 2082 1429 2116 obventionibus
1456 2084 1639 2117 universis
1667 2085 1809 2130 integre
1836 2084 2067 2130 responderi,
2089 2084 2377 2118 contradictores

505 2162 568 2195 per
597 2162 785 2183 censuram
814 2149 1095 2182 ecclesiasticam
1127 2150 1408 2194 compescendo.
1440 2151 1575 2184 Verum
1609 2151 1692 2196 quia
1722 2163 1899 2197 processu
1929 2152 2117 2197 temporis,
2147 2151 2232 2184 dum
2259 2150 2376 2184 adhuc

505 2217 681 2262 premisse
712 2216 906 2261 legationis
933 2215 1052 2248 officio
1080 2216 1332 2260 fungeremur,
1361 2216 1607 2251 intelleximus
1634 2218 1732 2263 quod
1761 2225 1951 2264 postquam
1979 2225 2016 2251 tu
2047 2219 2083 2251 in
2113 2218 2375 2263 premissorum

506 2284 776 2329 possessionem
805 2282 1015 2328 hujusmodi
1042 2283 1199 2315 mandati
1225 2283 1342 2316 nostri
1363 2285 1574 2318 auctoritate
1597 2285 1768 2318 inductus
1793 2286 1907 2327 suisti,
1930 2285 2098 2318 nonnulli
2123 2285 2168 2318 de
2196 2291 2376 2318 conventu

506 2350 667 2395 predicto
702 2362 741 2382 se
776 2349 984 2393 hujusmodi
1016 2348 1219 2394 provisioni
1249 2356 1387 2392 nostre,
1418 2351 1475 2383 cui
1507 2351 1608 2396 prius
1638 2359 1913 2394 consenserant,
1945 2351 2179 2398 opponebant
2212 2363 2278 2396 pro
2312 2362 2377 2385 sue

508 2416 608 2449 libito
635 2416 844 2454 voluntatis,
871 2428 939 2448 nos
964 2415 1130 2448 volentes
1159 2422 1195 2448 et
1220 2416 1344 2449 talium
1370 2418 1607 2451 temeritatem
1636 2431 1869 2464 compescere
1892 2431 1932 2452 ac
1955 2419 2202 2464 provisionem
2226 2418 2376 2451 eandem

507 2483 618 2515 robur
638 2482 803 2515 obtinere
825 2488 998 2527 perpetue
1020 2482 1213 2524 firmitatis,
1233 2483 1269 2515 in
1291 2484 1578 2518 contradictores
1600 2492 1635 2519 et
1656 2485 1814 2519 rebelles
1835 2485 2219 2520 excommunicationis
2236 2491 2378 2518 senten-

509 2549 589 2581 tiam
622 2548 930 2593 promulgavimus
961 2548 1141 2593 dictisque
1172 2549 1439 2584 archidiaconis
1467 2563 1532 2596 per
1561 2552 1649 2586 alias
1679 2553 1796 2586 adhuc
1825 2560 1969 2586 nostras
1998 2553 2137 2586 litteras
2167 2551 2378 2585 auctoritate

509 2614 684 2659 premissa
709 2614 876 2646 dedimus
901 2614 938 2646 in
964 2615 1140 2648 mandatis
1162 2622 1201 2648 ut
1221 2616 1291 2661 ipsi
1312 2617 1370 2650 vel
1390 2617 1480 2651 alter
1501 2630 1626 2652 corum
1649 2620 1799 2653 eandem
1822 2618 2206 2653 excommunicationis
2231 2624 2378 2651 senten-

510 2681 590 2713 tiam
621 2681 656 2712 in
685 2680 847 2724 predicto
877 2681 1097 2714 monasterio
1128 2682 1342 2716 solemniter
1372 2684 1614 2729 publicarent,
1646 2687 1707 2731 qui
1738 2698 1848 2732 super
1878 2686 1946 2719 hoc
1976 2685 2182 2719 mandatum
2212 2690 2375 2717 nostrum

510 2747 637 2791 exequi
667 2746 895 2778 studuerunt.
924 2748 1042 2789 Quare
1063 2747 1248 2781 humiliter
1277 2750 1426 2795 petebas
1452 2764 1470 2785 a
1499 2752 1606 2785 nobis
1627 2760 1678 2794 ut,
1700 2766 1780 2786 cum
1807 2759 1891 2798 post
1914 2752 1980 2786 hec
2009 2751 2128 2785 omnia
2158 2763 2201 2784 ex
2230 2750 2379 2796 dispen-

509 2813 648 2846 satione
674 2812 792 2845 divina
818 2812 960 2844 culmen
981 2814 1254 2848 ascenderimus
1275 2817 1475 2861 apostolice
1497 2819 1684 2864 dignitatis
1706 2826 1741 2853 et
1765 2820 1801 2853 in
1827 2819 2090 2865 plenitudinem
2116 2818 2231 2851 simus
2257 2823 2379 2863 potes—

509 2880 591 2913 tatis
611 2878 800 2923 assumpti,
818 2884 1060 2922 opportunum
1082 2880 1298 2926 firmumque
1320 2883 1431 2917 robur
1451 2886 1653 2930 provisioni
1675 2887 1836 2932 predicte
1857 2886 2001 2920 adicere
2022 2886 2268 2931 dignaremur.
2287 2884 2377 2918 Cum

510 2947 629 2991 itaque
663 2945 839 2990 premissa
875 2944 993 2977 omnia
1023 2947 1196 2979 memorie
1227 2947 1438 2993 habeamus,
1469 2965 1535 2985 1101·
1565 2953 1655 2986 illud
1686 2953 1860 2987 oblivioni
1892 2952 2183 2986 commiserimus
2213 2950 2310 2996 quod
2341 2956 2377 2983 tu

634 3004 672 3027 75.
