2580 3528
258 415 356 458 1266]
597 425 644 448 ΑΒ
678 424 785 448 Auno
818 423 897 447 nco
932 423 1065 453 usqua
1099 423 1148 446 ΑΒ
1182 423 1412 446 PRILIPPUM
1447 423 1487 445 iv
1521 422 1610 445 nnc.
1648 422 1783 445 smne.
2063 413 2127 447 461

253 546 368 584 414.
389 556 518 582 litterae
535 554 676 590 οήἶεὶαἱίε
696 554 796 581 curiae
816 554 1004 589 Parisiensis,
1027 553 1132 590 quibus
1151 553 1214 580 dies
1233 552 1348 587 dicitur,
1367 561 1426 589 qua
1447 561 1543 578 coram
1563 552 1626 588 ipso
1647 553 1785 588 magister
1802 552 1862 578 Odo
1882 552 1917 579 de
1937 552 2064 579 Belleval
2075 562 2129 589 pro

342 604 441 632 libello
451 603 576 641 quodam
589 605 702 639 samo-w
717 607 817 630 contra
830 603 1000 639 magistrum
1017 602 1197 629 Guillelmum
1211 602 1320 638 Rigaut
1330 601 1482 638 publicato
1492 609 1600 638 parere
1614 600 1722 627 debuit.

1280 691 1354 722 7200,
1367 690 1514 718 Decembri·
1527 691 1659 720 28-1207,
1674 690 1793 717 danmm'l'
1806 690 1844 717 19.

361 794 382 801 ..
425 767 618 802 Universis
648 773 840 814 presentes
872 766 1013 801 litteras
1047 765 1270 812 inspecturis
1305 765 1470 799 officialis
1504 765 1605 799 curie
1642 764 1862 798 Parisiensis
1896 764 2049 798 salutem
2094 765 2130 798 in

252 834 419 869 Domino.
446 836 578 868 Notum
602 835 755 868 facimus
780 846 849 868 nos
874 846 969 868 anno
996 833 1141 867 Domini
1168 833 1365 866 millesimo
1390 832 1642 866 ducentesimo
1668 831 1898 878 sexagesimo
1924 838 2041 873 sexto,
2069 831 2129 865 die

252 901 423 936 mercurii
442 908 524 936 ante
543 902 676 936 festum
696 900 793 935 beati
811 900 1030 948 Vincentii¹,
1052 900 1191 934 litteras
1211 900 1366 933 inferius
1385 906 1573 933 annotatas
1593 899 1731 933 vidisse
1753 899 1789 932 in
1810 898 1877 932 hec
1897 898 2008 932 verba
2029 910 2037 931 :

341 968 516 1003 Officialis
536 969 636 1002 curie
663 959 883 1002 Parisiensis
911 967 1126 1014 presbytero
1152 967 1281 1001 Sancte
1302 966 1490 1001 Genovefe
1510 966 1548 999 in
1568 972 1691 1000 monte
1715 965 1869 999 salutem
1895 965 1932 998 in
1958 965 2127 999 Domino.

252 1035 369 1070 Vobis
393 1035 606 1069 mandamus
631 1035 802 1081 quatinus
827 1035 947 1068 citetis
972 1034 1217 1080 peremptorie
1238 1040 1273 1067 et
1293 1033 1537 1079 personaliter
1561 1044 1681 1066 coram
1707 1032 1816 1066 nobis
1840 1032 1884 1066 ad
1911 1032 2006 1066 diem
2033 1044 2131 1066 cras-

252 1102 362 1136 tinam
399 1102 614 1149 magistrum
653 1101 820 1136 Odonem
861 1101 906 1135 de
946 1100 1047 1135 Bella
1083 1100 1202 1142 Valle,
1242 1101 1479 1146 injungentes
1517 1099 1635 1133 eidem
1683 1099 1782 1145 quod
1829 1101 1952 1132 secum
2005 1099 2131 1133 afferat

249 1169 440 1214 quamdam
473 1169 629 1203 litteram
663 1169 937 1202 diffamatoriam
973 1179 1078 1214 quam
1114 1167 1260 1214 publice
1295 1167 1428 1201 dicitur
1461 1166 1716 1212 promulgasse
1750 1173 1876 1200 contra
1910 1166 2126 1212 magistrum

252 1235 494 1270 Guillermum
515 1235 650 1269 dictum
672 1235 816 1282 Rigaut,
842 1235 880 1268 in
905 1234 1149 1281 prejudicium
1170 1234 1302 1280 ipsius,
1324 1240 1360 1267 et
1380 1245 1486 1279 quam
1507 1233 1598 1279 petit
1617 1233 1688 1266 sibi
1714 1233 1892 1275 exhiberi,
1918 1233 2128 1267 intimantes

251 1301 370 1336 eidem
397 1302 495 1348 quod
522 1297 599 1336 sive
628 1302 782 1343 venerit,
810 1301 888 1335 sive
915 1313 1002 1342 non,
1030 1313 1100 1335 nos
1126 1300 1369 1347 procedemus
1394 1307 1520 1334 contra
1544 1300 1677 1346 ipsum,
1706 1306 1815 1346 prout
1841 1300 1886 1333 de
1907 1301 1992 1345 jure
2019 1300 2129 1334 fuerit

250 1368 536 1415 procedendum.
566 1370 694 1402 Datum
722 1379 817 1402 anno
843 1368 989 1402 Domini
1014 1367 1209 1401 millesimo
1235 1355 1745 1412 ducentesimo‘sexagesimo
1770 1373 1886 1408 sexto,
1916 1367 1975 1400 die
2002 1367 2128 1400 martis

250 1442 332 1470 ante
354 1432 590 1482 Epiphaniam
611 1435 794 1469 Domini’.

339 1503 429 1536 Item
453 1502 542 1536 alias
570 1503 608 1536 in
636 1502 703 1536 hec
726 1501 838 1537 verba
865 1514 872 1536 :
900 1501 1075 1536 Officialis
1100 1501 1201 1535 curie
1227 1501 1446 1534 Parisiensis
1472 1500 1688 1546 presbytero
1715 1500 1844 1533 Sancte
1870 1501 2058 1534 Genovefe
2089 1500 2127 1534 in

250 1575 372 1604 monte
409 1569 571 1603 Parisius
605 1569 757 1604 salutem
791 1570 830 1603 in
864 1569 1033 1603 Domino.
1070 1569 1107 1603 Si
1140 1568 1279 1602 citastis
1318 1579 1438 1602 coram
1483 1566 1590 1601 nobis
1625 1567 1669 1600 ad
1703 1567 1799 1600 diem
1839 1567 2011 1600 mercurii
2045 1574 2127 1601 ante

249 1635 485 1683 Epiphaniam
516 1636 686 1670 Domini'
719 1636 965 1683 peremptorie
999 1642 1035 1669 et
1067 1635 1311 1682 personaliter
1344 1635 1558 1681 magistrum
1592 1634 1759 1668 Odonem
1794 1633 1839 1667 de
1874 1634 1975 1668 Bella
2008 1634 2126 1676 Valle,

249 1702 437 1746 clericum,
469 1703 568 1750 quod
602 1715 726 1738 secum
759 1703 904 1738 afferret
937 1702 1127 1749 quamdam
1161 1702 1317 1737 litteram
1348 1701 1637 1743 diffamatoriam,
1672 1713 1777 1747 quam
1813 1700 1959 1747 publice
1994 1701 2127 1735 dicitur

249 1770 504 1817 promulgasse
533 1777 658 1804 contra
677 1770 892 1817 magistrum
922 1769 1167 1804 Guillermum
1195 1769 1331 1803 dictum
1362 1769 1507 1815 Rigaut,
1535 1768 1722 1810 clericum,
1751 1774 1788 1801 et
1816 1768 1853 1801 in
1882 1768 2125 1814 prejudicium

248 1836 380 1883 ipsius,
410 1843 446 1871 et
474 1849 580 1883 quam
607 1836 697 1884 petit
726 1837 797 1871 sibi
827 1835 1004 1879 exhiberi,
1035 1843 1071 1870 et
1102 1836 1147 1870 ad
1175 1836 1306 1870 dictam
1336 1836 1459 1870 minus
1488 1835 1712 1869 sufficienter
1740 1835 1997 1881 comparuerit,
2029 1836 2125 1870 dicto

248 1904 423 1950 magistro
448 1902 653 1939 Guillermo
673 1911 798 1938 contra
819 1915 916 1946 eum,
943 1910 1052 1950 prout
1076 1903 1214 1945 debuit,
1238 1909 1464 1949 expectante,
1493 1909 1529 1936 et
1554 1902 1598 1936 ad
1627 1902 1744 1948 ipsius
1771 1902 1948 1935 maliciam
1975 1903 2126 1937 convin-

247 1965 413 2013 cendam,
439 1970 545 2005 vobis
574 1971 787 2005 mandamus
814 1971 851 2004 in
877 1969 1011 2005 virtute
1040 1970 1250 2004 obedientie
1279 1976 1317 2004 et
1343 1969 1496 2003 firmiter
1523 1969 1773 2014 injungentes,
1805 1969 1976 2014 quatinus
2003 1969 2122 2015 ipsum

247 2037 367 2071 citetis
387 2038 631 2084 peremptorie
652 2045 688 2072 et
707 2037 963 2084 personaliter,
985 2044 1024 2071 ut
1042 2036 1102 2071 die
1127 2037 1276 2071 veneris
1302 2036 1472 2070 instanti⁴
1493 2036 1580 2070 hora
1607 2047 1842 2082 vesperarum
1869 2047 1990 2069 coram
2016 2036 2123 2070 nobis

247 2110 453 2150 compareat
491 2116 645 2139 unacum
682 2105 857 2151 predictis
884 2104 1031 2146 litteris,
1059 2104 1224 2150 predicto
1254 2103 1429 2150 magistro
1461 2102 1666 2137 Guillermo
1699 2103 1830 2148 Rigaut
1858 2103 1955 2148 quod
1981 2103 2121 2148 justum

248 2170 358 2204 fuerit
377 2181 488 2216 super
506 2167 579 2205 hiis
598 2183 860 2217 responsurus,
884 2178 920 2206 et
939 2171 976 2205 in
997 2171 1143 2217 signum
1165 2171 1322 2204 mandati
1343 2170 1499 2211 executi,
1521 2169 1683 2216 sigillum
1704 2176 1864 2203 vestrum
1887 2170 2121 2215 presentibus

247 2235 449 2282 apponatis.
481 2234 609 2271 Datum
641 2249 735 2272 anno
766 2238 911 2272 Domini
946 2237 1140 2272 millesimo
1173 2237 1425 2271 ducentesimo
1455 2237 1684 2282 sexagesimo
1714 2243 1830 2278 sexto,
1861 2236 1920 2269 die
1950 2237 2119 2270 mercurii

247 2302 443 2349 predicta¹.

337 2370 423 2404 Item
450 2369 538 2404 alias
565 2370 603 2404 in
630 2370 696 2404 hec
716 2370 827 2405 verba
849 2381 857 2404 ε
880 2371 986 2404 Anno
1008 2370 1153 2404 Domini
1174 2370 1369 2404 millesimo
1389 2369 1642 2403 ducentesimo
1663 2368 1893 2414 sexagesimo
1919 2375 2035 2411 sexto,
2061 2370 2120 2404 die

246 2436 392 2470 veneris
412 2443 494 2482 post
514 2436 750 2483 Epiphaniam
773 2438 931 2478 Domini,
948 2437 1036 2471 hora
1057 2449 1305 2483 vesperarum,
1323 2436 1367 2470 ad
1388 2448 1493 2482 quam
1515 2436 1610 2469 diem
1632 2435 1763 2469 citatus
1783 2442 1859 2469 erat
1879 2436 2122 2481 personaliter

247 2503 420 2549 magister
445 2503 526 2538 Odo
553 2504 599 2538 de
628 2504 726 2538 Bella
752 2504 855 2539 Valle
882 2504 926 2538 ad
953 2503 1198 2538 exhibendum
1227 2503 1416 2549 quemdam
1445 2502 1609 2536 libellum
1636 2501 1927 2544 diffamatorium,
1958 2509 1997 2536 ut
2023 2503 2121 2537 dice-

246 2568 351 2604 batur
387 2569 509 2613 nobis,
548 2582 654 2616 quem
694 2571 833 2618 legerat
866 2571 903 2605 in
938 2570 1085 2617 publico
1119 2581 1289 2604 sermone
1327 2569 1422 2616 apud
1460 2570 1591 2603 fratres
1628 2569 1893 2611 predicatores,
1936 2569 2043 2603 nobis
2086 2577 2122 2604 et

246 2636 419 2682 magistro
453 2632 657 2671 Guillermo
691 2637 787 2671 dicto
822 2638 967 2684 Rigaut,
1001 2649 1041 2671 ac
1075 2637 1180 2671 etiam
1212 2636 1319 2670 nobis
1355 2648 1467 2682 super
1506 2635 1723 2682 quibusdam
1763 2636 2121 2683 interrogacionibus

245 2713 505 2749 responsurus,
536 2704 644 2739 dictis
673 2704 733 2739 die
762 2711 798 2739 et
828 2700 928 2747 hora,
963 2704 1060 2739 dicto
1089 2703 1293 2738 Guillermo
1314 2702 1557 2749 personaliter
1585 2714 1706 2736 coram
1736 2702 1844 2737 nobis
1873 2710 2118 2749 comparente,

245 2768 431 2804 deffensor
461 2770 547 2805 dicti
579 2772 742 2819 magistri
775 2771 917 2807 Odonis
951 2771 1083 2806 obtulit
1114 2783 1154 2805 se
1181 2771 1356 2817 magister
1381 2769 1579 2811 Johannes,
1615 2769 1734 2803 dictus
1765 2769 1952 2811 Lethiaus,
1986 2782 2118 2804 cavens

245 2845 311 2881 pro
335 2835 433 2870 dicto
453 2837 628 2884 magistro
649 2838 779 2873 Odone
799 2838 868 2873 sub
889 2850 981 2885 pena
1002 2838 1153 2872 duarum
1176 2837 1401 2871 marcharum
1423 2836 1579 2883 argenti,
1601 2848 1666 2883 pro
1687 2848 1757 2882 qua
1779 2848 1884 2883 pena,
1911 2837 1943 2870 si
1969 2837 2120 2871 convin-

244 2908 402 2945 ceretur,
432 2903 533 2938 dedit
551 2898 712 2952 plegium
747 2917 812 2939 seu
848 2905 1102 2951 fidejussorem
1138 2905 1350 2951 magistrum
1385 2903 1550 2938 Yvonem
1586 2903 1796 2937 Britonem⁸
1840 2903 1917 2947 Qua
1951 2904 2118 2937 cautione

246 2969 407 3015 prestita,
436 2977 475 3004 ut
500 2970 634 3005 dictum
663 2978 731 3015 est,
761 2979 843 3019 post
870 2972 1002 3006 multas
1035 2971 1310 3013 altercaciones,
1337 2970 1545 3004 monuimus
1571 2970 1705 3005 dictum
1733 2970 1963 3004 defensorem
1991 2976 2029 3003 ut
2058 2969 2117 3003 die
