2580 3528
447 369 511 402 230
1023 377 1342 401 annTULAMUM
1377 375 1566 397 UNIVERS.
1605 374 1733 396 Pilais.
2217 364 2316 407 [1252

448 453 605 486 lominus
627 453 746 494 etiam,
775 453 805 486 si
835 453 966 498 aliquis
996 453 1166 486 inventus
1193 450 1301 483 suerit
1326 449 1421 482 dicte
1452 447 1679 480 ordinacioni
1709 447 1978 490 contradicens,
2007 460 2135 494 penam
2161 460 2317 495 suspen-

447 519 563 552 sionis
584 519 778 552 lectionum
802 531 865 564 per
886 530 1045 551 mensem
1069 518 1257 551 sustineat.

541 621 608 645 nihl.
626 621 691 645 Coll.
708 621 785 652 Coi-p.
803 621 900 644 Christi
916 620 1039 647 Oxoniae,
1052 627 1100 642 ms.
1118 620 1171 646 283,
1189 619 1233 641 fol.
1251 617 1320 641 155b.
1337 631 1368 634 —
1383 617 1570 647 Fragmentum
1583 616 1654 647 apud
1670 615 1747 644 Coxe,
1766 616 1856 641 Gatal.
1872 618 1950 642 codd.
1971 623 2038 642 mss.
2053 618 2151 653 colleq-
2167 618 2266 647 oxon,
2283 619 2316 648 Π,

448 666 500 689 123.
515 679 546 683 -—
560 666 615 689 Non
638 666 788 689 enuntiatur
803 674 853 696 quo
870 673 956 688 mense
969 664 1032 687 hacc
1048 666 1146 687 statuta
1165 663 1217 685 sint
1232 662 1302 685 data.
1316 662 1369 684 Hoc
1387 664 1473 684 tamen
1487 660 1606 683 evenisse
1624 663 1684 683 ante
1705 660 1944 692 Quadragesimam
1958 662 2114 686 concludere
2128 671 2272 694 possumus
2287 671 2319 688 ex

446 710 506 741 ipso
521 710 685 738 documento,
702 713 728 733 et
746 718 777 733 ex
800 717 838 737 eo,
862 709 931 740 quod
946 711 1044 731 statuta
1066 707 1219 730 artistarum
1234 707 1390 737 plerumque
1412 704 1462 728 isto
1485 707 1603 736 tempore
1624 705 1694 728 facta
1709 704 1770 728 sint.
1788 705 1927 730 Praeterea
1941 706 2044 730 docum.
2060 715 2173 739 sequens
2192 707 2232 739 (11⁰
2253 707 2317 740 202),

447 754 508 778 licet
525 754 550 777 in
568 762 616 777 ms.
631 757 716 777 teneat
731 754 846 785 primum
861 754 956 781 locum,
972 755 1033 784 post
1048 760 1129 783 supra
1144 751 1308 782 publicatum
1322 753 1418 777 tamen,
1435 757 1494 772 cum
1507 757 1558 780 quo
1573 748 1665 772 intime
1680 749 1851 778 connectitur,
1868 758 1926 774 esse
1944 752 2092 775 consectum
2108 752 2223 784 probant
2237 752 2319 776 verbo

447 799 474 822 in
489 799 539 822 fine
555 806 560 821 ·.
579 807 590 821 r<
607 799 697 822 Actum
719 798 836 821 Pnrisius
859 804 935 821 armo
952 796 1077 827 predicto
1093 796 1134 818 die
1152 795 1236 818 sabati
1257 797 1317 817 ante
1331 794 1516 817 brandones».
1539 793 1605 817 Cum
1623 793 1706 825 igitur
1725 793 1774 817 hoc
1798 797 1927 818 statutum
1949 795 2049 819 editum
2075 796 2111 820 sit
2131 796 2243 820 sabbato
2258 800 2319 821 ante

446 843 604 866 dominicam
619 843 731 874 primam
746 841 977 873 Quadragesimne,
991 840 1150 872 praecedens
1172 839 1250 862 etiam
1266 842 1325 862 ante
1345 838 1504 861 dominicam
1519 837 1634 869 primam
1651 838 1886 870 Qundragesimae,
1903 839 1955 863 imo
1971 843 2030 864 ante
2050 840 2201 870 sabbatum,
2219 842 2318 865 factum

446 891 495 915 est,
510 887 671 919 proindeque
686 887 711 909 in
727 895 768 909 an.
787 887 846 909 1252
862 885 999 909 transferri
1018 885 1101 908 debet.

540 972 561 994 1.
582 972 609 994 ln
621 979 669 994 ms.
688 979 698 993 α
715 969 947 993 determinatorum
964 977 984 992 ».
996 982 1024 986 --
1039 969 1060 991 2.
1080 969 1127 991 Ms.
1143 977 1154 991 «
1169 976 1199 991 ex
1213 967 1308 990 animis
1325 975 1346 990 ι).
1365 981 1396 985 -
1411 968 1433 990 3.
1457 967 1521 990 Vide
1536 967 1606 991 infra
1616 967 1649 990 nd
1662 971 1692 990 n⁰
1707 968 1761 991 246.
1775 981 1806 985 —
1820 969 1843 991 4.
1862 968 1975 992 Gilberti
1992 969 2137 993 Pon-ataui.
2159 969 2198 993 Cf.
2217 970 2249 993 de
2267 969 2319 994 into

448 1016 576 1043 flaui-dau,
594 1016 664 1039 Hist.
681 1016 715 1039 de
729 1015 757 1038 la
768 1013 944 1044 philosophie
958 1013 1131 1043 scolastique,
1148 1013 1168 1040 Ι,
1182 1013 1227 1035 452
1240 1020 1296 1043 sqq.
1309 1025 1340 1029 —
1350 1013 1372 1035 5.
1392 1012 1540 1043 Utrumque
1552 1011 1645 1035 Boetii.
1659 1026 1686 1030 —
1695 1013 1718 1035 6.
1738 1012 1875 1036 Sexdecim
1887 1013 1949 1036 libri
1962 1013 2065 1045 priores
2079 1013 2208 1039 Instituit.
2221 1021 2320 1046 qram-

445 1060 564 1084 maticae
585 1058 712 1082 Prisciani
730 1058 892 1081 vocabantur
907 1057 1075 1082 Priscianus
1094 1057 1189 1086 major
1205 1057 1248 1079 vel
1265 1063 1399 1087 maynus.
1414 1056 1466 1079 duo
1487 1055 1573 1080 ultimi
1591 1064 1653 1080 vero
1668 1057 1841 1082 Priscianus
1859 1058 1963 1082 minor.
1980 1072 2011 1076 —
2029 1059 2052 1082 7.
2071 1058 2115 1082 Sic
2133 1059 2320 1083 nominabatur

446 1103 538 1127 tertius
554 1103 620 1126 liber
640 1103 720 1127 Artis
739 1102 857 1133 maJoris
875 1101 976 1125 Donati-
1000 1102 1039 1125 Cf.
1061 1101 1170 1128 Thurot,
1187 1101 1214 1124 in
1234 1100 1342 1125 Notices
1364 1105 1389 1125 et
1410 1100 1531 1126 emeruit-3
1553 1102 1600 1126 des
1624 1107 1699 1130 mss,
1718 1102 1796 1130 xxn,
1813 1103 1837 1125 2·
1856 1105 1936 1134 part„
1952 1103 1991 1126 94.
2006 1115 2039 1121 —
2052 1104 2075 1126 8.
2095 1103 2138 1127 Sic
2158 1103 2185 1126 in
2207 1111 2256 1127 ms.
2277 1103 2320 1128 hic

446 1148 578 1171 mendoso.
596 1161 624 1166 -
640 1149 662 1170 9.
680 1148 727 1170 Ms.
746 1155 757 1170 α
772 1146 992 1178 pnrticularcnter
1008 1154 1030 1169 ».
1045 1159 1071 1164 —
1088 1146 1125 1169 10.
1140 1146 1188 1168 Ms.
1204 1154 1215 1168 (ι
1229 1145 1378 1176 caprivium
1394 1153 1415 1169 ».

446 1358 557 1395 202.
582 1369 697 1393 statuta
713 1367 882 1392 artistarum
898 1367 1025 1392 nationis
1040 1365 1215 1400 anglicanae
1230 1365 1266 1392 de
1282 1365 1473 1392 baccalareis.

1587 1428 1705 1464 [1252],
1720 1429 1854 1456 Februarii
1868 1430 1905 1459 16,
1921 1430 2034 1457 Parisiis.

536 1504 782 1537 Bachellarius
814 1504 850 1536 in
882 1503 1020 1536 artibus
1048 1503 1215 1548 inceptus
1243 1503 1279 1536 in
1308 1504 1480 1536 nascione
1509 1503 1697 1549 anglicana
1725 1504 1825 1537 dabit
1850 1504 1959 1538 fidem
1985 1505 2083 1550 quod
2113 1504 2323 1540 observabit

448 1577 576 1604 statuta
607 1570 860 1604 Universitatis
889 1576 996 1615 prout
1027 1581 1200 1615 expressa
1230 1576 1324 1603 sunt
1343 1570 1376 1603 ei
1406 1582 1425 1603 a
1452 1577 1606 1604 rectore.
1640 1570 1748 1604 Dabit
1773 1571 1879 1604 etiam
1908 1571 2015 1605 fidem
2046 1572 2145 1617 quod
2173 1571 2324 1606 obediet

449 1637 579 1670 rectori
606 1642 653 1678 [et
673 1637 910 1682 pro]cnratori
936 1648 1000 1669 sue
1028 1637 1213 1670 nascionis
1239 1637 1277 1669 in
1304 1637 1414 1670 licitis
1441 1643 1476 1670 et
1501 1637 1680 1671 honestis.
1709 1639 1823 1684 Leget
1846 1637 2024 1672 lectiones
2053 1638 2255 1673 ordinarias
2285 1639 2322 1672 in

448 1716 533 1749 capa
555 1704 706 1737 rotunda
728 1710 763 1736 et
787 1704 823 1736 in
850 1703 1003 1748 palle0⁴.
1033 1703 1241 1748 Disputabit
1265 1703 1353 1737 hora
1381 1704 1631 1746 determinata,
1660 1711 1695 1738 et
1721 1705 1934 1750 questiones
1962 1717 2047 1739 suas
2068 1705 2324 1740 determinabit

449 1782 512 1815 per
546 1771 782 1815 quadraginta
814 1770 893 1803 dies
927 1770 1100 1803 continue
1135 1777 1219 1815 post
1251 1770 1510 1816 inceptionem.
1542 1772 1623 1804 Non
1652 1770 1802 1805 habebit
1834 1771 2016 1805 sotillares
2049 1778 2226 1806 rostratos
2255 1784 2322 1806 nec

448 1837 636 1882 loqueatos
658 1849 723 1870 nec
744 1838 973 1870 fenestratOS.
997 1838 1077 1869 Non
1098 1837 1226 1870 induet
1246 1837 1517 1883 supertunicale
1545 1837 1671 1871 fissum
1699 1838 1886 1872 lateribus.
1914 1840 1994 1872 Non
2013 1838 2162 1872 habebit
2182 1839 2322 1888 mitram

448 1904 485 1936 in
514 1904 628 1949 capite
658 1903 726 1937 sub
763 1916 847 1949 capa
883 1904 1037 1937 rotunda
1073 1903 1219 1949 publice
1249 1911 1347 1937 extra
1378 1904 1525 1938 domum
1556 1917 1670 1938 suam.
1705 1905 1775 1939 Ibit
1803 1906 1846 1939 ad
1877 1905 2099 1952 sepulturam
2127 1906 2322 1940 scolarium

449 1970 578 2003 diebus
606 1970 759 2011 festivis7
789 1970 932 2015 quando
959 1970 1060 2011 sciat,
1088 1977 1123 2003 et
1148 1971 1285 2004 seriatis
1312 1970 1457 2013 diebus,
1485 1972 1630 2017 quando
1655 1972 1765 2005 suerit
1789 1972 1930 2006 citatus.
1958 1972 2128 2005 Intererit
2152 1971 2323 2006 omnibus

449 2036 796 2082 congregationibus
817 2049 882 2070 sue
903 2037 1100 2070 nascionis.
1124 2039 1204 2070 Non
1226 2037 1424 2071 sustinebit
1443 2050 1570 2071 coreas
1591 2038 1673 2071 duci
1695 2039 1732 2071 in
1753 2039 1933 2084 principio
1954 2051 2020 2072 suo
2042 2045 2140 2072 extra
2161 2038 2321 2072 domum.

450 2104 563 2148 Leget
595 2103 652 2136 vel
682 2103 754 2148 legi
789 2103 895 2136 faciet
928 2103 1139 2149 psalterium
1176 2104 1351 2150 magistro
1381 2111 1461 2138 actu
1492 2111 1643 2151 regente
1679 2112 1834 2139 mortuo.
1870 2106 1950 2138 Non
1980 2105 2156 2139 revelabit
2183 2111 2324 2140 secreta

450 2170 633 2203 nascionis
655 2182 731 2202 sue.
755 2171 833 2202 Non
855 2170 1064 2215 procurabit
1083 2170 1235 2216 aliquid,
1262 2171 1361 2216 quod
1387 2171 1518 2205 debeat
1544 2172 1707 2206 converti
1733 2172 1769 2205 in
1791 2172 2073 2218 dissipacionem
2098 2171 2156 2206 vel
2182 2172 2324 2218 disper-

450 2237 587 2269 sionem
611 2248 675 2269 sue
697 2237 892 2269 nascionis.
916 2238 1085 2270 lntererit
1111 2238 1204 2270 sesto
1233 2238 1347 2271 sancti
1375 2238 1571 2272 Edimundi
1597 2239 1734 2284 regis²‚
1761 2245 1796 2272 et
1814 2240 1907 2272 sesto
1927 2239 2041 2272 sancti
2061 2238 2259 2281 Nicholai’,
2289 2245 2325 2272 et

449 2303 541 2336 festo
568 2302 671 2336 beate
696 2303 902 2344 Katerine⁶,
931 2310 965 2336 et
992 2303 1086 2336 beati
1117 2304 1289 2346 Tholne⁵,
1317 2311 1350 2337 et
1376 2305 1542 2350 vesperis
1569 2305 1672 2339 beate
1699 2306 1811 2338 Mar-ie
1837 2305 1999 2351 qualibet
2022 2306 2081 2339 die
2107 2306 2267 2347 veneris,
2289 2311 2325 2339 et

451 2370 561 2402 misse
591 2370 752 2414 ejusdem
785 2370 946 2414 qualibet
979 2371 1038 2403 die
1073 2370 1212 2404 sabbati
1248 2371 1284 2403 in
1320 2383 1384 2404 sua
1415 2372 1600 2414 nascione,
1638 2372 1707 2405 nisi
1737 2372 1940 2418 legitimum
1975 2372 2143 2406 habuerit
2175 2372 2324 2418 impedi-

451 2443 623 2477 mentum⁷
646 2437 742 2481 quod
764 2436 963 2470 notificabit
983 2438 1209 2482 procuratori
1231 2450 1296 2471 seu
1318 2439 1512 2483 provisori.
1543 2440 1623 2472 Non
1648 2439 1853 2473 absentabit
1877 2451 1916 2473 se
1945 2446 1983 2472 ut
2003 2439 2148 2473 intersit
2168 2451 2324 2485 congre-

452 2502 659 2547 gationibus
684 2502 740 2535 vel
765 2503 887 2535 missis
914 2504 949 2535 in
977 2503 1092 2536 aliena
1120 2505 1292 2537 nascione
1321 2505 1437 2547 factis,
1467 2517 1533 2538 nec
1562 2506 1598 2538 in
1624 2506 1783 2551 propria,
1810 2505 1871 2539 ubi
1893 2506 2012 2551 aliqua
2033 2518 2116 2551 pars
2136 2505 2324 2539 nascionis

454 2580 470 2600 a
493 2575 565 2600 toto
587 2580 652 2601 suo
675 2569 902 2610 discordans,
925 2570 956 2602 si
977 2571 1175 2616 contingat,
1206 2571 1287 2604 talia
1312 2572 1451 2605 fecerit.
1479 2573 1567 2605 Item
1590 2584 1663 2605 non
1684 2573 1781 2606 sinet
1801 2572 2060 2606 bachellarium
2082 2572 2323 2605 determinare

454 2640 577 2666 contra
597 2635 896 2667 consuetudinem
919 2643 954 2668 et
974 2643 1143 2670 statutum
1166 2638 1434 2671 Universitatis.
1458 2640 1502 2671 Et
1521 2639 1643 2684 rigore
1664 2638 1945 2672 exaininacionis
1966 2638 2123 2671 fideliter
2143 2638 2323 2684 premisso

455 2700 545 2744 ipsis
566 2699 794 2733 bachellariis
820 2701 898 2734 sine
925 2702 1008 2734 odio
1034 2703 1091 2735 vel
1119 2716 1240 2737 amore
1267 2704 1421 2749 alicujus
1447 2717 1605 2750 persone
1633 2704 1733 2738 dabit
1756 2705 1937 2738 licentiam
1964 2704 2229 2738 determinandi
2257 2716 2323 2738 nec

456 2766 562 2798 alicui
583 2767 729 2811 gratiam
753 2767 854 2800 saciet
877 2768 1080 2802 inconsulta
1102 2770 1285 2803 nascione.
1315 2771 1421 2804 Dabit
1445 2771 1583 2816 aliquid
1609 2771 1645 2804 in
1672 2771 1855 2816 presentia
1881 2771 2064 2804 nascionis
2085 2771 2122 2803 in
2143 2777 2324 2804 sustenta-

457 2839 614 2864 mentum
638 2832 865 2866 luminarium
888 2834 990 2867 beate
1010 2835 1186 2881 VirginiS.
1209 2837 1316 2870 Dabit
1336 2844 1411 2871 tres
1432 2837 1576 2879 bursas,
1599 2850 1704 2871 unam
1733 2838 1981 2879 Universitati,
2011 2837 2115 2870 aliam
2143 2837 2322 2879 nascioni,

458 2899 596 2930 tertiam
632 2898 799 2939 bedenis,
836 2912 925 2944 quas
959 2901 1076 2934 solvet
1109 2904 1335 2946 procuratori
1371 2916 1436 2937 sue
1471 2904 1668 2937 nascionis.
1705 2903 1812 2936 Dabit
1849 2903 1995 2937 bedello
2034 2915 2098 2937 sue
2139 2904 2324 2937 nascionis
