2580 3528
275 431 373 474 1245]
616 442 663 464 ΑΒ
697 442 804 464 Auno
837 441 915 464 mcc
949 441 1082 471 usqua
1116 442 1165 464 An
1199 442 1430 464 PHILIPPUM
1465 443 1506 465 iv
1540 443 1628 466 asc..
1665 443 1803 466 rame.
2088 434 2151 468 185

272 515 448 550 habeatur
475 515 637 550 studium
667 515 865 561 theologie,
897 515 945 549 ita
971 516 1070 561 quod
1097 515 1266 549 monachi
1293 516 1338 549 ad
1365 516 1526 549 studium
1555 516 1716 562 deputati
1743 529 1762 550 a
1789 517 1954 550 kalendis
1982 517 2153 552 Octobris

273 593 391 628 usque
410 582 455 616 ad
474 581 611 616 Pascha
631 582 764 624 statim,
787 588 980 628 postquam
1000 582 1148 616 missam
1168 582 1363 624 audierint,
1386 589 1485 616 extra
1505 583 1682 617 terminos
1702 589 1832 617 exeant
1852 583 1896 616 ad
1917 584 2153 627 studendum,

272 653 310 684 et
327 649 449 683 studio
468 656 598 684 vacent
617 661 734 695 usque
759 649 805 682 ad
824 649 1069 683 collationem.
1095 649 1127 682 A
1147 649 1283 683 Pascha
1303 656 1422 683 autem
1443 661 1560 695 usque
1581 650 1626 683 ad
1646 650 1761 683 dictas
1782 650 1956 684 kalendas
1981 649 2152 684 Octobris

272 723 402 759 exeant
426 723 511 762 post
537 716 694 757 Laudes,
715 722 751 750 et
771 728 888 761 usque
913 716 958 749 ad
985 716 1177 762 prandium
1199 716 1381 758 studeant,
1404 716 1472 750 hoc
1501 716 1614 759 salvo,
1637 717 1735 762 quod
1756 717 1910 750 missas²
1929 717 2077 751 audiant
2095 716 2153 751 vel

273 781 473 816 celebrent.
502 784 638 816 Iterum
664 789 746 829 post
772 794 904 816 nonam
932 794 1050 828 usque
1077 782 1122 816 ad
1148 795 1298 816 coenam
1324 789 1553 817 revertantur
1572 783 1610 816 in
1630 783 1668 816 id
1688 783 1821 829 ipsum.
1849 783 1907 817 Ad
1931 783 2045 817 dictas
2066 796 2152 817 vero

273 849 435 884 abbatias
455 849 598 883 mittere
619 856 792 896 poterunt
811 849 960 883 abbates
982 850 1027 883 de
1047 849 1236 884 monachis
1257 850 1348 892 suis,
1370 850 1484 896 quos'
1505 850 1550 883 ad
1575 850 1643 883 hoc
1664 851 1781 896 magis
1806 850 1961 884 idoneos
1980 851 2151 892 viderint,

274 916 322 950 ita
340 920 472 958 tamen,
495 916 595 962 quod
614 916 659 950 ad
679 916 716 950 id
737 916 908 963 compelli
929 929 1003 950 non
1023 923 1207 962 poterunt,
1229 916 1364 962 quibus
1385 916 1536 951 facultas
1557 917 1675 951 deerit
1693 917 1752 951 vel
1770 917 1952 960 voluntas,
1975 924 2012 951 et
2033 917 2153 951 abbati

274 982 345 1016 loci
374 982 488 1025 illius,
518 983 564 1017 ad
593 995 700 1029 quem
731 983 935 1025 mittuntur,
962 983 1187 1029 respondere
1208 990 1400 1017 teneantur
1427 984 1489 1029 qui
1517 984 1664 1018 mittunt
1692 984 1737 1017 de
1765 985 1936 1030 expensis
1964 985 2154 1018 transmis-

274 1061 411 1092 sorum,
434 1061 501 1083 nec
522 1049 646 1084 clerici
667 1050 852 1084 seculares
872 1062 939 1084 nec
959 1050 1109 1084 alterius
1130 1050 1271 1084 ordinis
1292 1051 1329 1083 in
1349 1050 1441 1096 ipsis
1462 1050 1574 1084 scolis
1593 1051 1839 1084 admittantur.

363 1117 433 1150 Pro
463 1117 667 1151 reverentia
696 1129 784 1151 vero
815 1117 954 1150 domini
983 1129 1074 1163 pape
1104 1123 1140 1151 et
1167 1117 1320 1151 aliorum
1351 1117 1602 1159 cardinalium,
1625 1118 1687 1163 qui
1714 1129 1780 1164 pro
1801 1118 1898 1151 dicto
1926 1118 2155 1163 scripserunt

275 1183 458 1229 negofio‘,
490 1189 527 1217 et
558 1184 732 1230 precipue
760 1185 792 1217 J.
824 1183 918 1217 tituli
948 1185 983 1217 S.
1011 1184 1195 1217 Laurentii
1216 1184 1269 1225 [in
1297 1184 1448 1225 Lucina]
1478 1184 1648 1218 concedit
1675 1184 1871 1230 capitulum
1899 1184 2085 1230 generale,
2116 1191 2156 1218 ut

275 1249 436 1283 studium
457 1262 523 1296 per
542 1249 828 1284 sollicitudinem
848 1249 989 1284 abbatis
1010 1250 1242 1284 Clarevallis⁸
1269 1251 1431 1284 Parisius
1447 1252 1521 1296 jam
1543 1251 1726 1297 inceptum
1748 1251 2008 1285 inviolabiliter
2028 1263 2153 1297 perse-

274 1323 388 1358 ven-et,
411 1323 447 1350 et
472 1316 559 1350 illuc
586 1316 711 1350 nullus
736 1317 879 1350 mittere
907 1317 1158 1362 compellatur,
1185 1317 1256 1350 nisi
1284 1324 1483 1363 spontanea
1510 1317 1707 1351 voluntate.
1735 1318 1805 1361 Qui
1830 1324 1949 1351 autem
1970 1318 2023 1351 sic
2045 1318 2154 1351 mise-

276 1382 360 1425 rint,
382 1383 507 1417 missis
528 1383 745 1428 provideant
764 1383 801 1416 in
824 1384 1008 1429 expensis.

368 1482 438 1507 Bibl.
450 1482 599 1511 Trecentis,
616 1490 665 1506 ms.
683 1482 753 1511 1796,
770 1481 815 1506 tol.
829 1482 851 1505 2.
869 1482 933 1506 eod.
950 1481 1049 1506 definit.
1067 1485 1093 1505 et
1111 1481 1220 1514 capitul.
1238 1490 1298 1513 gen.
1315 1481 1378 1506 ord.
1395 1482 1458 1507 Cist.
1479 1482 1505 1505 in
1526 1482 1602 1506 Arch.
1620 1486 1680 1506 stat,
1698 1482 1724 1505 in
1739 1482 1849 1511 Luzern,
1865 1483 1883 1506 l.
1901 1483 1923 1510 1,
1939 1490 2002 1514 pars
2020 1483 2041 1511 1,
2057 1491 2083 1514 p.
2101 1483 2154 1506 196.

276 1527 401 1556 Mai-tane,
417 1527 496 1553 Thes-
512 1533 577 1552 που.
593 1527 703 1555 anecd„
713 1526 756 1555 lv,
772 1526 842 1555 1³⁸4,
859 1530 898 1550 no·
910 1527 925 1550 3
935 1529 961 1550 et
974 1527 997 1550 4.
2104 1526 2106 1528 ·

370 1611 392 1636 1.
417 1610 546 1636 Johannis
574 1611 606 1635 de
626 1611 738 1640 Tolletu,
762 1610 825 1636 Ord.
847 1611 957 1635 Cisterc.
980 1625 1012 1629 —
1033 1611 1055 1635 2.
1082 1611 1146 1635 Cod.
1168 1612 1229 1636 Luz.
1252 1620 1264 1635 (ι
1287 1611 1397 1636 missam
1417 1619 1438 1635 ».
1461 1625 1493 1630 —
1512 1613 1534 1635 3.
1559 1612 1622 1635 Cod.
1644 1612 1705 1635 Luz.
1729 1620 1741 1635 κ
1761 1615 1825 1643 quot
1845 1620 1867 1635 ι).
1890 1625 1920 1630 -
1944 1612 1967 1634 4.
1985 1611 2059 1635 Trec.
2083 1620 2095 1635 α
2111 1611 2156 1643 qui

275 1650 395 1688 predicto
408 1656 515 1688 negotio
529 1657 695 1688 prefuerunt,
711 1656 830 1680 coneedit
847 1665 870 1684 ι»,
887 1660 934 1681 etc.
948 1669 980 1674 -—
990 1658 1012 1680 5.
1030 1656 1095 1680 Vide
1109 1664 1193 1688 supra
1207 1660 1247 1680 11⁰·
1261 1657 1308 1680 133
1322 1659 1348 1680 et
1363 1656 1417 1680 146.

281 1859 389 1897 149.
413 1869 595 1896 Innocentius
610 1870 654 1896 IV
662 1871 777 1895 statuta
792 1877 811 1895 a
829 1869 963 1904 Gregorio
979 1870 1023 1895 IX
1038 1869 1223 1895 Universitati
1242 1866 1407 1895 Pari-«riensi
1427 1877 1564 1894 concessa
1587 1868 1735 1903 magistris
1757 1871 1785 1894 et
1805 1867 1988 1894 scholaribus
2008 1867 2158 1894 Tolosanis

365 1917 545 1945 observanda
560 1918 659 1945 eradit.

1429 1967 1504 1997 1245.
1522 1967 1683 2000 Septembris
1696 1967 1739 1997 22,
1755 1967 1870 2000 Lugduni.

364 2043 556 2078 Universis
590 2043 775 2089 magistris
809 2049 845 2076 et
877 2042 1082 2076 scolaribus
1116 2041 1348 2076 Tholosanis.
1386 2043 1427 2075 In
1460 2042 1604 2076 civitate
1638 2041 1846 2076 Tholosana
1880 2041 2005 2075 domui
2042 2041 2157 2076 David

276 2110 393 2144 sactus
419 2115 476 2143 est
499 2109 584 2143 fons
610 2115 738 2155 patens
765 2115 801 2143 et
826 2121 918 2143 vena
944 2109 1031 2151 vite,
1053 2109 1205 2143 scientia
1226 2108 1408 2150 salutaris,
1430 2108 1475 2142 ad
1495 2110 1600 2154 cujus
1620 2120 1732 2154 aquas
1753 2108 1920 2142 sitientes
1942 2108 2160 2154 confugiunt

278 2175 490 2210 haurientes
517 2175 555 2209 in
581 2175 717 2222 gaudio
745 2176 790 2210 de
817 2175 980 2210 sontibus
1009 2175 1219 2218 Salvatoris‚
1247 2182 1286 2209 ut
1312 2187 1393 2209 cum
1423 2175 1578 2209 Rachele
1604 2175 1762 2209 camelos
1788 2174 1968 2221 gibbosos
1988 2175 2160 2208 videlicet

279 2249 491 2289 peccatores
510 2241 624 2288 gibbo
651 2242 900 2289 peccaminum
926 2249 1097 2276 oneratos
1125 2249 1212 2288 potu
1238 2242 1414 2284 reficiant,
1436 2255 1476 2276 ac
1504 2242 1668 2276 revelent
1688 2249 1771 2288 post
1793 2241 1951 2282 labores,
1975 2254 2020 2275 ne
2046 2242 2083 2274 in
2103 2242 2160 2275 via

280 2308 451 2343 deficiant
468 2308 531 2354 qui
561 2314 710 2354 propter
738 2308 944 2354 ignorantie
970 2308 1233 2342 sue'tenebras
1260 2307 1468 2342 laborantes
1495 2308 1682 2350 continue,
1710 2315 1782 2341 tota
1809 2315 1928 2349 nocte,
1956 2307 2066 2340 nichil
2088 2307 2159 2341 nisi

279 2375 378 2421 quod
411 2387 542 2409 vanum
577 2381 634 2408 est
666 2381 702 2408 et
736 2375 983 2409 transitorium
1018 2381 1248 2421 acceperunt,
1279 2375 1344 2408 sed
1374 2387 1471 2408 nunc
1503 2375 1672 2409 conversi
1706 2374 1749 2407 ad
1785 2373 1918 2407 ssuenta
1954 2373 2160 2419 theologice

281 2441 476 2488 discipline
505 2441 542 2475 in
572 2441 689 2487 ipsius
717 2441 854 2475 lumine
884 2441 1009 2475 vident
1037 2441 1161 2475 lumen
1186 2454 1205 2475 a
1229 2453 1302 2487 quo
1331 2448 1498 2486 tanquam
1526 2454 1544 2474 a
1572 2447 1672 2486 patre
1698 2440 1874 2474 luminum
1902 2452 2009 2473 omne
2037 2440 2159 2474 datum

280 2507 457 2554 optimum
485 2514 522 2541 et
547 2519 655 2541 omne
683 2507 818 2541 donum
847 2508 1046 2553 perfectum
1074 2514 1215 2541 emanat
1240 2507 1364 2542 verius
1391 2513 1427 2540 et
1453 2507 1656 2541 descendit.
1687 2506 1741 2540 Ibi
1771 2506 1947 2540 lactentes
1972 2506 2016 2540 ad
2047 2506 2159 2540 ubera

280 2574 443 2621 pendent
475 2574 612 2608 matris.
654 2573 708 2607 lbi
743 2573 904 2620 parvulis
939 2574 1043 2620 panis
1076 2574 1256 2619 frangitur
1290 2574 1564 2619 scripturarum.
1602 2572 1655 2606 lbi
1685 2573 1901 2607 exercitatos
1939 2572 2160 2607 habentibus

281 2652 416 2676 sensus
440 2641 478 2674 in
501 2640 613 2674 altum
639 2641 729 2675 retia
754 2640 854 2674 ducit
878 2642 1007 2675 Petrus
1027 2641 1074 2674 ita
1095 2647 1135 2675 ut
1154 2640 1278 2674 nullus
1303 2652 1434 2686 expers
1457 2651 1647 2674 munerum
1670 2640 1875 2674 inveniatur
1895 2640 2012 2686 ipsius
2033 2640 2095 2685 qui
2115 2639 2160 2673 ad

281 2707 434 2742 eandem
464 2708 653 2742 scientiam
683 2707 880 2741 accesserit
906 2719 997 2754 puro
1018 2707 1141 2741 corde.
1163 2709 1277 2742 Vocat
1296 2707 1363 2741 hec
1384 2707 1564 2753 siquidem
1586 2706 1736 2741 ancillas
1756 2713 1852 2740 artes
1873 2706 2045 2741 videlicet
2069 2706 2160 2740 libe-

282 2773 378 2808 rales
404 2773 450 2808 ad
474 2774 532 2808 sui
559 2773 777 2820 obsequium
808 2774 852 2808 ad
879 2786 1039 2820 superne
1070 2774 1188 2808 menia
1213 2774 1380 2808 civitatis.
1411 2775 1455 2807 Et
1481 2773 1617 2807 idcirco
1642 2773 1777 2807 ibidem
1804 2773 1910 2807 ssoret
1935 2773 2094 2807 studium
2125 2773 2159 2806 in

283 2840 422 2874 eisdem
451 2846 491 2874 ut
519 2852 585 2887 per
612 2840 762 2875 ancillas
792 2840 985 2875 hostiarias
1013 2841 1059 2874 ad
1086 2852 1207 2875 veram
1236 2840 1448 2886 sapientiam
1479 2839 1638 2873 hostium
1670 2846 1800 2886 pateat,
1829 2846 1864 2873 et
1898 2846 2064 2885 tanquam
2097 2851 2161 2885 per

282 2906 375 2941 viam
403 2906 612 2953 compendii
639 2906 821 2941 adducant
847 2907 891 2941 ad
919 2907 1033 2954 ipsam
1061 2906 1226 2941 velocius
1253 2907 1454 2941 studiosos.
1482 2906 1658 2940 volentes
1686 2906 1799 2952 igitur
1826 2906 1923 2952 quod
1945 2912 2014 2939 tam
2041 2905 2160 2938 fidelis

285 2972 457 3019 plantatio
491 2973 692 3019 apostolice
726 2974 826 3008 sedis
860 2975 1003 3008 confota
1040 2974 1272 3016 muneribus,
1309 2973 1448 3008 exculta
1483 2972 1632 3014 studiis,
1670 2972 1854 3007 defensata
1890 2973 1991 3018 digni
2026 2972 2159 3005 favoris

410 3031 508 3056 Chare.
529 3031 609 3056 Unio.
627 3031 721 3057 Paris.
739 3031 759 3056 1.
2006 3031 2035 3053 2¹0
