2580 3528
490 379 554 410 642
1071 385 1391 408 CHARTULARIUM
1426 383 1617 406 univssns.
1654 381 1782 404 PAnls.
2264 374 2364 414 [1286

490 462 616 506 quavis
645 461 848 506 adjectione
878 461 1106 506 aliquatenus
1136 472 1208 492 non
1235 465 1425 499 vocentur,
1457 457 1522 490 sed
1551 468 1631 490 cum
1660 456 1864 489 reverentia
1893 456 2093 490 invitentur
2122 463 2158 490 et
2190 457 2362 503 precibus

484 529 585 573 juxta
606 528 907 561 consuetudinem
929 527 1184 572 supradictam,
1212 532 1247 558 et
1271 525 1369 570 quod
1390 524 1483 557 dicta
1505 522 1732 557 Universitas
1762 521 1902 555 nullum
1935 534 2149 568 processum
2176 530 2363 570 attemptet

488 601 613 628 contra
634 594 889 628 cancellarium
915 593 1086 634 eundem,
1107 592 1300 637 nullasque
1326 590 1493 623 licentias
1520 589 1674 635 regendi
1699 589 1886 622 concedat.
1910 590 1954 623 Et
1977 589 2096 623 dictus
2121 590 2361 625 cancellarius

488 673 527 694 ac
549 673 784 694 successores
805 661 922 706 ipsius
943 659 1098 692 ecclesie
1114 658 1332 691 Parisiensis
1349 656 1555 690 cancellarii
1572 667 1635 688 sua
1648 655 1907 700 jurisdictione
1923 667 2064 702 suoque
2080 657 2199 690 officio
2215 664 2362 691 utantur

487 727 602 760 libere
624 734 731 773 prout
750 732 963 760 consuetum
986 732 1042 758 est
1062 724 1250 765 hactenus,
1273 723 1388 756 donec
1416 723 1454 755 in
1483 721 1548 755 hac
1577 728 1677 767 parte
1707 733 1773 767 per
1802 722 1926 755 sedem
1953 723 2104 756 eandem
2134 723 2233 757 aliud
2261 724 2360 758 ordi-

487 801 607 827 natum
629 794 787 827 extiterit
805 792 862 826 vel
883 792 1081 837 provisum.
1105 792 1179 823 Nos
1201 790 1295 823 enim
1318 790 1349 822 si
1370 800 1478 822 secus
1503 795 1751 834 attemptatum
1776 789 1947 831 extiterit,
1973 801 2171 834 processus
2191 797 2228 824 et
2246 790 2360 825 licen-

486 862 553 894 tias
569 860 778 905 hujusmodi
795 871 838 892 ex
854 871 950 891 nunc
968 858 1092 890 irritos
1113 856 1345 889 decernimus
1362 862 1398 888 et
1415 855 1555 889 inanes.
1574 855 1803 888 Intendimus
1819 867 1965 901 quoque
1982 856 2080 902 quod
2100 868 2166 902 per
2181 858 2358 903 premissa

485 927 541 960 vel
563 939 687 960 eorum
709 925 855 970 aliquod
877 924 1080 970 privilegiis
1108 923 1263 968 partium
1292 922 1350 956 vel
1378 922 1597 955 Parisiensis
1623 921 1780 955 ecclesie
1807 921 1947 955 nullum
1976 922 2218 968 prejudicium
2246 936 2359 970 gene·

485 1000 596 1034 retur,
619 992 684 1025 sed
705 991 963 1024 nichilominus
983 990 1174 1036 privilegia
1195 989 1273 1034 ipsa
1293 989 1330 1022 in
1352 1001 1416 1022 sua
1441 995 1652 1022 remaneant
1675 988 1855 1022 firmitate.
1879 989 1980 1022 Diem
2007 1001 2095 1023 vero
2119 990 2302 1024 citationis
2322 998 2358 1025 et

483 1061 631 1092 formam
654 1065 689 1091 et
709 1058 882 1103 quicquid
902 1057 986 1090 inde
1008 1056 1156 1089 duxeris
1181 1055 1386 1089 faciendum
1417 1054 1524 1088 nobis
1554 1067 1619 1101 per
1647 1061 1728 1089 tuas
1754 1055 1894 1089 litteras
1922 1055 2048 1089 harum
2079 1057 2211 1091 seriem
2241 1058 2358 1092 conti·

482 1133 611 1160 nentes
636 1125 792 1158 fideliter
813 1124 978 1157 intimare
1000 1135 1188 1168 procures.
1212 1124 1290 1156 Dat.
1313 1123 1426 1155 Rome
1451 1122 1547 1168 apud
1569 1122 1733 1156 Sanctam
1756 1121 1923 1156 Sabinam
1945 1123 2014 1156 kal.
2038 1123 2238 1167 Februarii,
2261 1136 2356 1160 anno

481 1194 610 1239 primo.

571 1291 634 1321 Reg.
651 1290 709 1313 vat.
726 1288 833 1312 Honorii
849 1289 890 1311 lv.
907 1296 949 1311 an.
966 1288 988 1316 1,
1010 1296 1050 1319 ep.
1068 1288 1122 1316 263,
1144 1288 1189 1312 sol.
1210 1287 1264 1311 721).
1283 1301 1314 1304 -
1335 1287 1403 1310 Bibl.
1427 1287 1560 1319 Phillipps
1584 1287 1611 1310 in
1635 1287 1816 1316 Cheltenham,
1842 1296 1891 1312 ms.
1917 1289 1972 1317 876,
1997 1289 2042 1313 fol.
2068 1290 2106 1318 26,
2129 1289 2176 1313 ubi
2198 1289 2353 1321 praecedit:

478 1334 614 1359 Universis
630 1337 765 1366 presentes
780 1333 882 1356 litteras
897 1331 1056 1363 inspecturis
1072 1331 1245 1355 cancellarius
1261 1331 1420 1355 parisiensis
1436 1332 1549 1355 salutem
1563 1332 1590 1355 in
1603 1332 1722 1356 Domino.
1735 1332 1866 1356 Novar-itis
1880 1341 1927 1356 nos
1938 1333 2040 1357 litteras
2051 1333 2152 1358 domini
2163 1342 2233 1366 pape
2242 1334 2354 1359 inferius

476 1382 614 1403 annotatas
629 1378 728 1402 vidisse
743 1378 769 1401 in
783 1378 831 1400 hec
846 1377 926 1400 verba
943 1385 948 1400 ·.
967 1386 978 1400 α
995 1376 1126 1400 Honorius
1143 1385 1165 1403 »,
1183 1380 1232 1401 etc.
1249 1377 1278 1399 In
1294 1376 1345 1400 fine
1360 1376 1458 1408 legitur
1474 1384 1479 1400 ε
1498 1385 1510 1400 «
1527 1376 1729 1408 Transcriptum
1748 1377 1901 1409 hujusmodi
1920 1377 2070 1402 litterarum
2091 1378 2149 1402 fieri
2170 1378 2280 1403 fecimus
2302 1379 2353 1404 nub

475 1424 564 1455 sigillo
579 1427 668 1446 nostro
683 1431 751 1446 anno
766 1422 868 1446 Domini
883 1422 977 1445 milles.
995 1421 1047 1445 CC⁰
1066 1421 1247 1452 nonagesimo,
1268 1421 1310 1444 die
1326 1421 1396 1452 jovis
1414 1424 1477 1452 post
1495 1421 1587 1444 Natale
1607 1421 1710 1445 Domini
1728 1429 1751 1445 ι).
1773 1422 1801 1445 In
1823 1422 1886 1445 Cod.
1902 1422 1960 1446 Vat.
1974 1423 2036 1454 Reg.
2054 1424 2108 1452 406,
2123 1424 2168 1449 sol.
2185 1425 2223 1452 75,
2239 1423 2355 1448 occurrit

476 1468 657 1492 tantummodo
672 1467 776 1491 initium
790 1467 939 1490 litterarum
954 1466 1071 1489 Honorii.
1081 1466 1199 1493 —Prom
1214 1466 1266 1490 Les
1280 1465 1419 1496 Reyistres
1433 1465 1609 1491 d'Hon-orius
1623 1466 1674 1495 IV,
1690 1470 1720 1489 n⁰
1735 1467 1788 1490 267.

570 1554 591 1576 1.
609 1553 647 1576 Cf.
665 1560 746 1583 supra
761 1556 789 1575 n⁰
804 1552 857 1575 515.
869 1565 900 1568 —
910 1552 932 1574 2.
949 1551 987 1574 Cf.
1004 1550 1067 1573 ibid.
1084 1559 1110 1582 p.
1127 1550 1181 1574 618.
1193 1564 1224 1568 —
1234 1551 1258 1574 3.
1273 1550 1457 1573 Procuratoris
1473 1550 1578 1574 articuli
1589 1550 1756 1574 continentur
1769 1551 1795 1574 in
1809 1551 1965 1575 documento
1980 1555 2009 1574 n⁰
2023 1553 2079 1576 515.
2089 1553 2152 1576 —4.
2167 1553 2188 1576 1.
2201 1561 2223 1576 e.
2241 1553 2353 1578 litteras

475 1597 609 1622 minutas.
626 1597 664 1620 Cf.
682 1604 762 1628 supra
778 1600 807 1619 11⁰
826 1596 879 1619 516.
899 1609 927 1613 -—
942 1597 964 1618 5.
981 1595 1125 1626 Praecipue
1144 1594 1328 1626 suspensionis
1344 1594 1496 1618 lectionum.
1513 1595 1551 1618 cf.
1569 1603 1651 1627 supra
1670 1599 1700 1618 n⁰
1715 1596 1768 1624 515,
1789 1604 1816 1627 p.
1833 1597 1888 1620 620.
1904 1610 1935 1614 —
1949 1597 1972 1620 6.
1989 1596 2086 1628 Utique
2100 1597 2273 1627 Fen-andum,
2295 1598 2351 1622 frn-

474 1646 541 1666 trem
562 1642 633 1673 regis
653 1642 812 1672 Arugonum,
828 1640 859 1663 de
875 1648 925 1671 quo
942 1648 1023 1671 supra
1038 1644 1067 1662 n⁰
1083 1640 1128 1663 503
1143 1643 1168 1662 et
1183 1648 1210 1671 p.
1226 1640 1281 1663 617.
1294 1653 1326 1657 —-
1341 1640 1362 1663 7.
1381 1639 1419 1663 Cf.
1437 1639 1468 1662 de
1483 1639 1533 1663 hoc
1548 1648 1630 1671 supra
1645 1644 1675 1663 n⁰
1688 1641 1741 1664 516.
1759 1654 1787 1658 —
1803 1642 1825 1664 8.
1843 1641 1907 1664 Vide
1922 1649 2004 1673 supra
2017 1645 2046 1664 n⁰
2061 1642 2115 1665 516.
2130 1655 2162 1660 —-
2176 1643 2199 1665 9.
2216 1642 2262 1666 An.
2280 1642 2350 1671 1285,

474 1686 560 1710 Martii
583 1687 620 1709 28.
636 1700 667 1703 —
682 1686 720 1709 10.
740 1686 759 1709 l.
783 1693 805 1708 e.
827 1685 971 1708 decisiones
991 1692 1076 1716 papae
1096 1684 1235 1707 exstabant
1253 1687 1357 1707 tantum
1381 1683 1407 1707 in
1431 1683 1528 1707 litteris
1552 1685 1682 1714 minutis,
1706 1693 1757 1708 non
1783 1685 1809 1708 in
1829 1685 2002 1711 authenticis
2015 1686 2140 1712 bullatis.

473 1832 584 1870 529.
608 1841 748 1875 Magister
758 1839 913 1865 Eustacias
925 1838 960 1864 de
974 1837 1175 1872 Grandicuria,
1189 1838 1261 1864 vices
1273 1846 1376 1873 gerens
1390 1838 1520 1875 episcopi
1535 1838 1766 1874 Silvaneclensis,
1780 1839 1988 1866 conservatoris
1999 1839 2214 1876 privilegiorum
2234 1841 2349 1868 Univer-

559 1890 657 1916 silatis
672 1889 842 1923 Parisiens„
859 1889 891 1914 P.
909 1887 1036 1914 scholari
1050 1887 1213 1913 Parisiensi
1226 1887 1421 1923 patrocinium
1438 1887 1585 1924 impendit.

560 1994 734 2039 Magister
764 1992 956 2025 Eustacius
986 1991 1030 2024 de
1060 1991 1314 2033 Grandicuria,
1340 1991 1618 2025 archidiaconus
1649 1991 1693 2025 de
1723 1991 1835 2026 Coha.
1867 1992 1904 2025 in
1931 1992 2085 2026 ecclesia
2115 1992 2344 2036 Ebroicensi,

470 2061 705 2106 vicesgerens
731 2059 924 2093 reverendi
944 2058 982 2091 in
1002 2058 1150 2092 Christo
1175 2058 1288 2103 patris
1314 2057 1411 2090 dom.
1435 2057 1720 2092 Silvanectensis
1745 2058 1923 2104 episcopi,
1944 2060 2214 2093 conservatoris
2234 2060 2346 2106 privi-

469 2128 649 2173 legiorum
670 2125 898 2160 universitati
923 2125 1181 2170 magistrorum
1203 2131 1239 2157 et
1259 2124 1453 2157 scolarium
1477 2125 1738 2158 Parisiensium
1757 2137 1776 2158 a
1796 2125 1884 2158 sede
1900 2126 2099 2171 apostolica
2119 2126 2344 2160 indultorum

470 2194 638 2228 omnibus
663 2199 726 2228 etc.
750 2193 902 2226 salutem
927 2198 963 2224 et
986 2191 1164 2224 mandatis
1189 2190 1401 2236 apostolicis
1427 2190 1579 2224 firmiter
1604 2191 1767 2224 obedire.
1791 2192 1882 2226 Cum
1904 2192 1946 2226 ad
1968 2193 2236 2238 reprimendam
2262 2205 2344 2239 per-

468 2273 656 2295 versorum
684 2260 860 2293 maliciam
882 2265 918 2291 et
936 2258 1044 2291 vitam
1066 2257 1124 2303 pie
1145 2257 1351 2291 vivencium
1378 2257 1640 2291 confovendam
1663 2258 1720 2303 pia
1740 2259 2042 2293 consideracione
2063 2260 2172 2294 sedes
2197 2267 2344 2306 aposto—
2381 2258 2383 2260 ’

468 2328 535 2361 lica
569 2326 793 2373 disposuerit
825 2325 1032 2371 providere,
1063 2336 1108 2357 ne
1139 2324 1304 2369 magistri
1336 2331 1371 2357 et
1403 2324 1563 2358 scolares
1590 2325 1752 2359 Parisius
1786 2326 1977 2360 studentes
2011 2327 2265 2372 permittantur
2298 2327 2342 2361 ab

468 2395 588 2440 aliquo
609 2400 706 2427 extra
727 2393 906 2426 civitatem
926 2391 1170 2424 Parisiensem
1193 2403 1258 2436 per
1277 2390 1417 2424 litteras
1438 2391 1657 2437 apostolicas
1685 2399 1746 2425 aut
1773 2392 1976 2438 legatorum
2007 2393 2172 2438 ejusdem
2200 2401 2342 2439 aposto-

468 2462 535 2495 lice
557 2461 656 2494 sedis
677 2460 811 2493 nullam
840 2459 884 2492 de
910 2458 1006 2491 dicto
1035 2457 1228 2503 privilegio
1254 2457 1429 2491 facientes
1456 2458 1684 2492 mencionem
1710 2459 1747 2492 in
1772 2471 1916 2493 causam
1938 2459 2044 2503 trahi,
2066 2461 2181 2503 citari,
2203 2461 2338 2503 vexari,

468 2528 664 2568 molestari,
692 2538 757 2559 seu
786 2526 829 2558 ad
855 2525 1032 2570 judicium
1065 2524 1222 2565 evocari,
1252 2531 1293 2557 ut
1322 2525 1374 2557 sic
1405 2536 1448 2557 eo
1478 2525 1633 2559 liberius
1659 2525 1859 2560 litterarum
1884 2527 2006 2561 studio
2031 2539 2158 2561 vacare
2183 2527 2338 2568 valeant,

467 2607 538 2639 quo
575 2594 694 2626 minus
727 2592 862 2624 fuerint
895 2591 976 2625 aliis
1015 2591 1180 2636 occupati
1217 2602 1224 2623 :
1261 2602 1348 2623 sane
1388 2603 1451 2624 sua
1491 2591 1598 2624 nobis
1635 2593 1673 2625 P.
1715 2593 1867 2627 scolaris
1907 2594 2125 2627 Parisiensis
2161 2594 2262 2640 gravi
2298 2606 2339 2627 ac

467 2659 661 2706 querulosa
691 2657 953 2702 conquestione
984 2657 1211 2698 monstravit,
1243 2657 1340 2701 quod
1370 2657 1438 2690 viri
1470 2672 1486 2689 «
1518 2658 1608 2691 tales
1641 2672 1657 2689 n
1687 2659 1918 2692 venerabiles
1941 2666 1977 2693 et
1999 2660 2148 2693 discreti
2178 2660 2338 2693 decanus

466 2734 501 2760 et
529 2724 723 2771 capitulum
753 2724 871 2768 ipsum
903 2722 1077 2755 scolarem
1109 2734 1229 2755 coram
1260 2735 1299 2756 se
1331 2730 1429 2756 extra
1458 2724 1638 2758 civitatem
1669 2726 1911 2759 Parisiensem
1942 2738 2008 2772 per
2036 2726 2175 2759 litteras
2197 2732 2339 2771 aposto-

464 2794 551 2826 licas
588 2797 647 2824 aut
679 2790 880 2834 legatorum
916 2788 1079 2832 ejusdem
1115 2789 1313 2834 apostolice
1348 2790 1461 2832 sedis,
1497 2790 1633 2824 nullam
1667 2792 1895 2825 mencionem
1931 2792 1976 2825 de
2012 2792 2109 2825 dicto
2143 2792 2336 2838 privilegio

463 2860 654 2898 facientes,
692 2856 729 2888 in
768 2861 892 2887 nostre
926 2855 1196 2898 jurisdictionis
1234 2856 1494 2900 prejudicium,
1532 2857 1735 2891 elusionem
1773 2865 1809 2891 et
1846 2865 2092 2904 contemptum
2134 2859 2335 2905 prefatique

463 2925 614 2960 scolaris
644 2923 836 2967 dampnum
869 2932 941 2953 non
971 2921 1152 2953 modicum
1179 2928 1214 2954 et
1238 2934 1433 2967 gravamen
1457 2935 1496 2956 ac
1522 2930 1646 2957 contra
1669 2923 1847 2958 dictorum
1872 2925 2148 2971 privilegiorum
2171 2932 2333 2959 tenorem

586 2983 624 3005 ει.
