2580 3528
447 353 510 394 1‘04
1030 372 1352 395 ann’ruLAan
1387 373 1578 395 UNtvaas.
1615 373 1743 395 rmus.
2227 364 2326 405 [1222

447 446 626 489 Quocirca
647 445 861 479 discretioni
882 453 1003 479 vestre
1024 458 1089 492 per
1113 446 1312 492 apostolica
1333 447 1466 492 scripta
1486 447 1712 489 mandamus,
1735 447 1904 492 quatinus
1926 447 2024 493 quod
2044 460 2062 481 a
2083 447 2190 481 nobis
2215 459 2327 494 super

446 511 518 545 hiis
548 512 735 558 provisum
767 519 835 554 est,
865 513 1004 546 faciatis
1033 512 1294 547 inviolabiliter
1327 512 1528 555 observari,
1564 514 1851 547 contradictores
1886 526 1951 559 per
1984 526 2175 548 censuram
2210 514 2326 548 eccle-

447 579 629 612 siasticam
650 579 893 625 appellatione
915 580 1117 625 postposita
1137 580 1419 625 compescendo.
1438 581 1544 624 Quod
1566 581 1597 614 si
1618 593 1691 614 non
1713 592 1854 623 omnes,
1876 581 1948 614 duo
1968 588 2143 623 vestrum,
2162 587 2227 616 etc.
2245 582 2323 615 Dat.

448 646 562 679 Alatri
583 646 606 691 ij
630 646 699 680 kal.
722 646 835 688 Junii,
857 659 952 679 anno
974 647 1110 680 sexto³.

542 744 604 776 Reg.
621 745 678 768 vat.
697 745 805 768 Honorii
821 745 857 768 111
873 753 914 768 an.
931 746 955 774 6,
971 753 1013 776 ep.
1028 746 1083 774 411,
1101 746 1145 769 fol.
1163 746 1217 768 245.
1233 759 1265 762 —
1280 745 1344 770 Rec.
1361 747 1407 770 des
1422 745 1494 770 Hist.
1509 747 1555 770 des
1569 745 1681 774 Gaules,
1698 745 1762 774 XIX,
1780 746 1833 769 724.

544 829 566 852 1.
593 829 632 853 Cf.
657 838 739 860 supra
761 833 800 852 n⁰⁸
822 830 852 852 30
879 833 905 853 et
924 830 963 853 114.
993 843 1024 847 —-
1055 831 1078 853 2.
1101 829 1165 853 Vide
1185 838 1268 861 supra
1289 833 1318 852 n⁰
1343 830 1381 853 41.
1413 843 1444 847 -
1474 831 1496 853 3.
1519 830 1624 861 Absque
1648 829 1728 853 dubio
1751 830 1892 853 subsecuta
1913 834 1954 854 est
1974 830 2130 862 compositio
2152 830 2238 854 amica
2258 830 2326 855 inter

449 873 592 906 magistros
607 877 633 897 et
647 874 782 897 scholares
799 882 830 897 ex
844 877 920 905 parte
930 882 991 902 una,
1003 877 1081 905 atque
1092 874 1247 905 episcopum
1263 877 1289 897 et
1303 874 1491 897 cancellarium
1507 882 1538 898 ex
1551 877 1628 905 parte
1643 874 1735 902 altera,
1752 882 1813 897 nam
1828 875 2027 906 compositionis
2043 875 2140 899 mentio
2152 875 2181 899 fit
2190 875 2217 898 in
2229 875 2325 899 litteris

448 917 570 949 Gregorii
585 919 619 941 lx
635 919 648 941 3
663 918 736 942 Junii
752 918 814 941 unni
830 919 900 947 1228,
917 922 943 942 et
957 919 1027 950 quod
1044 920 1112 942 facta
1128 918 1207 942 fuerit
1226 918 1358 942 mediante
1373 919 1490 942 Romano
1507 919 1533 942 S.
1550 918 1643 950 Angeli
1663 918 1773 942 diacono
1796 919 1923 942 cardinali
1939 919 2019 950 (infra
2037 924 2067 943 n⁰
2082 919 2129 952 58).
2151 920 2183 943 At
2197 928 2230 943 ne
2244 928 2326 944 unum

447 962 555 994 quidem
569 963 755 986 documentum
770 963 894 991 occurrit,
910 963 980 994 quod
995 963 1072 986 nobis
1087 964 1185 986 reserat
1200 963 1231 986 de
1252 963 1303 986 ista
1317 963 1517 994 compositione.
1534 963 1630 986 Notum
1649 966 1689 986 est
1703 964 1886 987 tantummodo
1901 972 1932 987 ex
1948 964 2051 988 Ghron.
2070 964 2231 988 Turonensi
2245 963 2326 996 (apud

446 1007 695 1035 Martene-Durand,
713 1007 808 1038 Ampl.
823 1007 896 1035 colb,
911 1008 940 1035 V,
958 1008 1027 1037 1067)
1040 1010 1065 1030 et
1079 1009 1157 1032 Ann.
1168 1008 1322 1038 Dunstapl.
1339 1007 1389 1039 (ed.
1406 1008 1502 1035 Luard,
1518 1016 1545 1039 p.
1562 1008 1610 1040 68),
1622 1008 1739 1039 legatum
1754 1008 1864 1031 Parisiis
1875 1016 1944 1032 anno
1959 1008 2020 1032 1225
2030 1008 2150 1040 sigillum
2165 1008 2326 1033 scholarium

447 1059 535 1074 coram
551 1052 673 1074 omnibus
691 1051 803 1083 fregisse
818 1055 843 1075 et
857 1055 949 1083 postea
964 1051 991 1075 in
1007 1051 1123 1075 Concilio
1138 1052 1296 1083 provinciali
1316 1052 1413 1084 Brugis
1433 1052 1524 1076 habito
1545 1053 1598 1076 sere
1622 1052 1756 1084 octoginta
1780 1052 1932 1084 magistros,
1955 1053 2001 1085 qui
2021 1056 2132 1084 propter
2155 1053 2326 1078 rebellionem

447 1149 515 1164 nnno
538 1141 599 1164 1225
621 1141 662 1164 vel
683 1149 751 1163 anno
776 1141 895 1173 sequenti
917 1141 967 1164 sub
989 1141 1114 1173 episcopo
1136 1141 1339 1165 Bartholomaeo
1355 1142 1513 1174 (1223-1227)
1535 1150 1593 1165 esse
1616 1143 1721 1171 factam,
1743 1142 1902 1174 praesertim
1922 1151 1981 1166 cum
2003 1150 2035 1166 ex
2055 1150 2187 1174 anonyma
2209 1142 2326 1167 Historia

446 1185 630 1217 episcoporum
647 1185 870 1210 Autissiodorens.
887 1186 960 1218 (Rec.
985 1188 1029 1211 des
1048 1187 1156 1211 Hister.
1182 1187 1228 1211 des
1253 1187 1363 1216 Gaules,
1384 1187 1475 1216 xvm,
1492 1187 1546 1219 740)
1564 1187 1708 1216 discamus,
1729 1187 1883 1219 episcopum
1906 1187 2076 1212 Guillelmum
2101 1191 2234 1211 mortuum
2257 1196 2324 1218 esse,

445 1233 586 1262 antequam
602 1238 654 1262 pax
669 1230 737 1254 inter
752 1230 850 1262 ipsum,
867 1231 923 1254 sive
938 1231 1086 1262 capitulum
1101 1240 1160 1254 cum
1175 1231 1342 1260 cancellario,
1358 1235 1384 1255 et
1398 1231 1605 1256 Universitatem
1620 1235 1690 1255 esset
1705 1232 1836 1256 conclusa.
1960 1239 1972 1249 ³

443 1397 524 1434 46.
547 1407 692 1432 Honorius
714 1408 762 1433 III
782 1406 915 1433 Galonem
939 1407 1074 1434 abbatem
1097 1411 1125 1434 et
1142 1408 1269 1444 priorem
1285 1409 1312 1434 S.
1334 1409 1492 1443 Genovefae
1514 1412 1542 1435 et
1566 1409 1735 1443 magistrum
1760 1410 1786 1435 S.
1815 1409 1983 1435 canonicum
2009 1410 2035 1435 S.
2059 1409 2209 1436 Benedicti
2227 1410 2322 1436 Paris.

533 1459 626 1482 monet
640 1465 675 1482 ne
694 1465 768 1491 mag.
787 1456 929 1482 Riccardo
949 1456 1119 1483 Ebroicensi
1137 1456 1344 1483 archidiacono
1366 1458 1395 1483 in
1416 1466 1504 1483 sacra
1519 1458 1630 1494 pagina
1651 1457 1802 1493 (Parisiis)
1823 1457 1951 1484 studenti
1974 1458 2164 1494 quotidianae
2184 1458 2325 1485 distribu-

532 1505 624 1531 tiones
640 1505 841 1532 exhibeantur.

1601 1552 1675 1582 1222,
1690 1552 1838 1578 Novembris
1851 1553 1895 1582 25,
1912 1553 2038 1579 Laterani.

534 1651 555 1657 ..
571 1624 702 1658 Abbati
717 1632 753 1658 et
770 1651 790 1658 ..
807 1625 921 1670 priori
942 1626 1071 1659 Sancte
1089 1626 1276 1659 Genovefe
1297 1633 1333 1659 et
1348 1626 1523 1671 magistro
1546 1627 1580 1660 S.
1597 1627 1771 1660 canonico
1794 1627 1913 1660 Sancti
1934 1627 2123 1660 Benedicti
2144 1627 2325 1661 Parisien-

442 1690 559 1725 sibus.
582 1691 683 1724 Licet
702 1691 808 1725 vobis
830 1692 1072 1725 direxerimus
1093 1693 1227 1738 scripta
1248 1699 1385 1735 nostra,
1407 1699 1447 1726 ut
1467 1693 1601 1726 dilecto
1623 1693 1698 1726 filio
1720 1693 1895 1739 magistro
1917 1693 2091 1726 Riccardo
2109 1693 2326 1727 Ebroicensi

441 1757 698 1791 archidiacono
734 1759 770 1791 in
805 1771 906 1792 sacra
940 1759 1071 1804 pagina
1105 1759 1265 1804 cupienti
1301 1760 1449 1793 studere
1492 1766 1692 1805 proventus
1732 1772 1820 1793 suos
1854 1760 2124 1794 ecclesiasticos
2157 1761 2325 1794 faceretis

441 1825 585 1870 integre
615 1825 827 1863 ministrari,
859 1838 934 1858 non
962 1832 1081 1859 tamen
1110 1826 1294 1868 volumus,
1323 1827 1405 1871 quia
1435 1838 1502 1860 nec
1530 1833 1655 1860 nostre
1681 1827 1895 1860 intentionis
1916 1827 2044 1867 extitit,
2066 1833 2106 1860 ut
2125 1827 2325 1861 cotidianas

441 1892 522 1925 illas
544 1891 838 1934 distributiones,
861 1905 931 1937 que
959 1899 1096 1926 tantum
1122 1893 1371 1926 residentibus
1401 1893 1438 1926 in
1464 1893 1632 1927 ecclesiis
1654 1900 1690 1927 et
1713 1893 1784 1927 hiis
1806 1894 1868 1939 qui
1888 1893 1989 1927 horis
2010 1894 2194 1927 intersunt
2217 1906 2324 1928 cano-

442 1959 535 1991 nicis
556 1958 787 2000 exhibentur,
811 1960 843 1992 ei
865 1959 976 1992 tribui
997 1960 1147 1993 faciatis.
1171 1961 1248 1993 Dat.
1273 1961 1439 1993 Laterani
1456 1960 1503 2005 vij
1526 1960 1594 1993 kal.
1613 1960 1827 1994 Decembris
1849 1962 1957 2004 [anno
1977 1961 2053 2006 vij].

533 2057 595 2088 Reg.
613 2057 670 2080 vat.
689 2057 797 2080 Honorii
813 2057 849 2080 111
865 2065 906 2081 an.
925 2059 947 2086 7,
964 2066 1005 2089 ep.
1023 2059 1061 2086 36,
1079 2058 1122 2081 fol.
1140 2058 1178 2086 10,
1195 2066 1246 2089 quo
1268 2058 1423 2082 emendatur
1442 2061 1528 2082 textus
1549 2058 1575 2081 in
1597 2058 1715 2089 Gompil.
1736 2058 1765 2087 V,
1782 2067 1803 2082 c.
1822 2059 1844 2087 1,
1861 2058 1900 2082 tit.
1918 2059 1950 2082 de
1965 2058 2124 2090 praebendis
2139 2059 2172 2091 (3,
2187 2058 2212 2091 4)
2225 2062 2251 2083 et
2265 2067 2323 2091 cap.

437 2100 514 2126 Licet
528 2101 554 2124 in
565 2101 594 2130 X,
610 2102 633 2130 3,
650 2103 706 2125 5.—
723 2101 865 2125 Riccardus
884 2102 932 2125 fuit
946 2105 1038 2133 postca
1057 2102 1164 2126 nuntius
1180 2105 1206 2126 et
1219 2106 1379 2134 procurator
1394 2102 1590 2126 Universitatis.
1609 2103 1647 2127 Cf.
1661 2103 1730 2127 infra
1744 2107 1774 2126 n⁰
1789 2104 1842 2126 330.

434 2268 515 2306 47.
538 2277 683 2303 Jordanus
705 2278 844 2312 magister
863 2278 1010 2313 generalis
1033 2280 1158 2313 fratrum
1180 2278 1420 2305 praedicatorum
1440 2279 1542 2305 scribit
1561 2280 1655 2306 sorori
1674 2280 1790 2305 Dianae
1810 2280 1977 2314 Bononiam,
1995 2283 2057 2305 oret
2067 2288 2121 2316 pro
2142 2278 2324 2306 scholaribus

524 2327 749 2362 Parisiensibus,
768 2330 799 2352 ut
814 2327 942 2354 ordinem
958 2327 1064 2354 Praed.
1084 2329 1198 2354 intrent.

1595 2374 1668 2400 Circa
1684 2374 1761 2400 finem
1776 2381 1815 2400 αη.
1831 2374 1906 2404 1223,
1922 2374 2036 2400 Ρανιείίε.

483 2447 607 2479 Frater
636 2447 807 2480 Jordanis
837 2447 916 2480 ord.
949 2448 1223 2481 Predicatorum
1255 2460 1385 2481 servus
1421 2448 1562 2482 inutilis
1592 2449 1783 2482 karissime
1814 2448 1851 2481 in
1881 2448 2027 2482 Christo
2055 2448 2173 2481 sorori
2201 2449 2324 2493 Dyane

440 2512 603 2545 deliciari
629 2513 772 2559 jugiter
797 2514 834 2546 in
863 2514 997 2559 gaudio
1019 2521 1055 2547 et
1079 2515 1222 2548 deliciis
1251 2515 1422 2561 paradisi.
1451 2517 1543 2548 Ecce
1565 2515 1755 2548 karissima
1782 2515 1904 2560 previa
1924 2514 1990 2548 Dei
2011 2514 2124 2560 gratia
2150 2514 2324 2548 comitan-

441 2578 539 2612 tibus
566 2586 601 2612 et
632 2579 893 2615 nichilominus
920 2581 1230 2626 prosequentibus
1256 2582 1334 2615 suis
1361 2594 1399 2615 ac
1428 2582 1581 2615 filiarum
1609 2594 1769 2615 mearum
1796 2581 2023 2614 orationibus
2043 2592 2219 2626 prospere
2240 2581 2324 2614 veni

442 2646 603 2678 Parisius
633 2658 746 2679 sanus
774 2654 810 2680 et
838 2647 1033 2680 incolumis
1059 2655 1322 2694 competenter,
1345 2655 1380 2682 et
1400 2661 1496 2682 nunc
1522 2655 1713 2694 presentes
1733 2648 1799 2682 tibi
1824 2648 1946 2681 curavi
1967 2647 2149 2680 destinare
2170 2647 2322 2690 litteras,

442 2719 482 2745 ut
508 2712 636 2745 saltem
668 2725 711 2745 ex
741 2713 940 2746 litterarum
973 2714 1189 2747 salutatione
1219 2715 1375 2760 aliquale
1406 2715 1471 2748 tibi
1501 2722 1699 2760 generetur
1733 2714 1915 2756 solatium,
1945 2714 2003 2747 cui
2033 2713 2173 2747 sublata
2203 2720 2260 2747 est
2279 2714 2324 2747 ad

443 2786 588 2824 tempus
613 2780 815 2825 corporalis
846 2781 1029 2826 presentia
1057 2788 1093 2814 et
1116 2781 1287 2815 allocutio
1319 2781 1537 2827 personalis,
1567 2788 1602 2815 et
1628 2794 1671 2814 ex
1691 2781 1748 2814 his
1775 2780 1919 2814 duobus
1946 2780 2163 2814 consollatio
2188 2780 2324 2825 qualis-

444 2858 644 2891 cunque...
673 2846 812 2880 Valete.
836 2847 907 2880 Ora
935 2859 1000 2892 pro
1023 2860 1091 2880 me.
1116 2848 1236 2881 Saluta
1263 2860 1425 2894 sorores,
1449 2848 1542 2881 filias
1563 2849 1600 2881 in
1621 2848 1777 2881 Domino
1799 2847 1963 2889 dilectas,
1990 2854 2026 2880 et
2045 2859 2148 2880 orare
2174 2859 2323 2880 moneas

444 2924 509 2958 pro
538 2913 742 2946 scolaribus
772 2913 1056 2956 parisiensibus,
1088 2921 1126 2948 ut
1153 2915 1331 2948 Dominus
1360 2915 1544 2960 adaperiat
1572 2915 1681 2948 corda
1710 2915 1888 2960 ipsorum,
1911 2921 1950 2948 ut
1974 2914 2018 2947 ad
2043 2914 2322 2948 conversionem
