2618 3640
501 419 542 452 14
1083 429 1405 452 CHARTULARIUM
1440 429 1631 451 UNIVERS.
1668 429 1797 451 PARIS.

499 511 568 537 tam
586 503 838 548 sollempniter
864 510 920 536 est
943 503 1110 548 adeptus,
1135 510 1218 548 post
1245 503 1481 536 monitionem
1503 509 1660 536 vestram
1682 502 1853 536 duxerint
1876 502 2125 548 impetendum
2151 509 2212 536 aut
2231 514 2382 548 posses-

499 571 639 604 sionem
666 570 852 615 prebende
881 570 1042 615 qnalibet
1071 570 1262 603 occasione
1289 569 1516 611 turbandam,
1548 581 1612 603 eos
1638 582 1703 615 per
1732 569 1962 602 severitatem
1993 569 2235 603 districtionis
2265 569 2383 603 eccle-

499 637 644 670 siastice
675 637 772 670 omni
806 637 1093 670 contradictione
1128 643 1164 670 et
1197 636 1439 682 appellatione
1474 643 1641 669 cessante
1675 648 1911 681 compescere
1951 635 2160 669 nullatenus
2194 636 2381 679 omittatis,

499 703 760 737 nichilominus
780 704 967 746 facientes,
990 710 1029 736 ut
1049 704 1324 749 prenominatus
1346 703 1543 749 episcopus
1565 715 1671 736 suum
1692 703 1730 735 in
1752 703 1818 735 hoc
1839 702 1927 736 velit
1947 702 2121 736 adhibere
2145 715 2380 737 consensum.

498 770 676 804 Nolumus
697 771 793 803 enim
815 771 910 804 sicut
929 783 996 803 nec
1017 770 1096 803 fieri
1117 770 1300 810 convenit,
1322 777 1362 803 ut
1381 770 1581 815 apostolice
1603 770 1703 803 sedis
1724 770 1904 803 institutio
1926 776 1996 803 tam
2013 769 2267 815 sollempniter
2286 770 2382 804 cele-

499 837 598 870 brata
627 844 661 870 et
687 844 740 870 tot
767 843 1022 882 tantorumque
1049 837 1212 870 virorum
1242 836 1568 882 approbationibus
1596 843 1632 870 et
1659 837 1839 870 sententia
1868 836 2030 870 unanimi
2060 836 2241 878 roborata,
2269 843 2383 871 teme-

498 904 601 937 ritate
632 916 696 936 seu
724 904 1010 937 contradictione
1040 903 1289 949 quorumlibet
1313 903 1531 943 infirmetur,
1553 910 1614 936 aut
1633 904 1765 936 factum
1793 903 1891 948 quod
1918 903 1962 936 de
1984 903 2072 936 tanti
2097 903 2243 937 consilii
2268 910 2383 938 matu-

498 971 601 1003 ritate
631 983 670 1003 ac
701 971 850 1015 provida
885 970 1178 1003 consideratione
1214 970 1396 1015 processit
1429 970 1466 1002 in
1501 970 1661 1003 recidive
1697 970 1902 1015 questionis
1938 970 2151 1016 scrupulum
2185 970 2380 1005 relabatur.

496 1037 614 1070 Nullis
643 1037 774 1070 litteris
804 1037 1034 1070 obstantibus
1065 1037 1191 1069 harum
1222 1043 1349 1069 tenore
1376 1037 1497 1078 tacito,
1527 1043 1595 1069 etc.
1628 1037 1735 1080 Quod
1768 1037 1798 1070 si
1827 1049 1901 1070 non
1931 1049 2073 1079 omnes,
2096 1044 2180 1080 ete.,
2207 1044 2246 1071 tu
2271 1038 2383 1072 frater

498 1104 669 1149 episcope
690 1116 770 1136 cum
793 1116 917 1136 eorum
939 1103 1066 1144 altero,
1085 1110 1152 1136 etc.
1176 1104 1255 1135 Dat.
1273 1104 1385 1136 Rome
1406 1103 1501 1148 apud
1524 1104 1693 1136 Sanctum
1715 1105 1861 1136 Petrum
1883 1104 1920 1149 iij
1944 1103 2014 1137 kal.
2033 1105 2132 1149 Maij,
2150 1104 2382 1150 pontificatus

498 1170 612 1203 nostri
633 1182 727 1202 anno
748 1170 878 1214 primo.

588 1268 650 1298 Reg.
667 1268 723 1290 Yat.
741 1267 885 1290 Innocentii
901 1268 946 1291 111.
963 1276 1004 1291 an.
1022 1268 1044 1296 1,
1061 1276 1102 1299 ep.
1120 1268 1174 1296 116,
1192 1268 1236 1291 sol.
1254 1268 1304 1291 31⁵.
1320 1268 1467 1296 —Baluze,
1483 1268 1572 1299 Epist.
1584 1268 1749 1293 Innocentii
1761 1268 1818 1298 III,
1835 1269 1855 1298 1,
1871 1270 1911 1298 67,
1928 1277 1969 1301 ep.
1987 1269 2040 1293 119.
2056 1283 2088 1287 —
2101 1270 2195 1293 Petrus
2211 1270 2243 1294 de
2258 1269 2381 1295 Corbolio

495 1320 562 1335 anno
583 1311 701 1343 sequenti
722 1312 820 1335 electus
841 1315 881 1335 est
899 1312 1041 1344 episcopus
1062 1313 1270 1342 Cameracensis,
1287 1321 1355 1336 anno
1376 1313 1438 1336 1200
1457 1314 1603 1337 translatus
1624 1317 1664 1337 est
1683 1314 1716 1337 ad
1737 1314 1826 1337 sedem
1847 1313 2102 1346 archiepiscopalem
2123 1315 2308 1340 Senonensem.
2325 1315 2381 1339 Sub

494 1356 551 1388 ipso
567 1356 617 1380 fuit
631 1356 732 1379 celebre
748 1356 894 1380 Concilium
909 1357 1058 1380 Parisiense
1073 1366 1141 1380 anno
1158 1358 1227 1381 1210.

588 1442 609 1465 1.
627 1441 774 1465 coelestino
789 1441 834 1464 111.
851 1443 914 1465 ——2
928 1442 1018 1465 Eidem
1035 1442 1178 1474 Stephano,
1195 1442 1240 1474 qui
1255 1442 1319 1465 olim
1338 1442 1499 1466 monasterio
1520 1443 1545 1466 S.
1559 1443 1707 1467 Genovefae
1728 1443 1812 1467 Paris.
1829 1443 1913 1466 abbas
1934 1444 2059 1475 praefuit.
2075 1458 2107 1462 -—
2121 1445 2143 1468 3.
2165 1445 2242 1468 Petro
2262 1444 2380 1474 Cantor-i,

494 1487 538 1519 qui
554 1495 622 1510 anno
638 1486 697 1508 1197
713 1485 787 1508 obiit.
804 1500 835 1503 —
849 1487 872 1509 4.
889 1487 1008 1510 Johanne
1024 1487 1043 1515 Ι,
1061 1495 1213 1510 successore
1229 1487 1356 1519 Stephani
1372 1487 1399 1510 in
1414 1487 1543 1519 regimine
1559 1488 1713 1511 monasterii
1728 1489 1754 1511 S.
1772 1488 1928 1512 Genovefne.

500 1654 574 1692 17.
602 1664 782 1689 Innocentius
803 1665 850 1688 III
866 1663 974 1689 decano
995 1667 1022 1689 et
1041 1663 1169 1700 capitulo
1190 1664 1368 1690 Eboracensi
1379 1665 1534 1701 praecipit,
1553 1668 1584 1690 ut
1598 1665 1767 1699 magistrum
1782 1666 1898 1691 Petrum
1914 1665 1950 1691 de
1968 1665 2106 1700 001·bolio‚
2125 1674 2143 1691 α
2159 1674 2214 1701 quo
2231 1666 2380 1702 (Parisiis)

583 1712 743 1738 divinarum
754 1713 894 1748 paginam
910 1713 1118 1749 scripturarum
1134 1712 1253 1748 audivit,
1271 1713 1312 1739 ad
1323 1713 1524 1750 praebendam
1540 1717 1568 1740 et
1583 1714 1853 1740 archidiaconatum
1870 1714 2036 1741 admittant.

1656 1818 1730 1848 1198,
1745 1817 1893 1844 Decembris
1908 1818 1948 1848 17,
1964 1818 2092 1844 Laterani.

584 1905 728 1937 Decano
746 1911 781 1937 et
797 1904 953 1949 capitulo
971 1904 1206 1938 Eboracensi.
1230 1905 1266 1938 Si
1287 1917 1414 1938 eorum
1432 1905 1672 1951 petitionibus
1691 1905 1933 1951 apostolicum
1951 1913 2136 1952 gratanter
2152 1907 2381 1952 impertimur

494 1983 699 2012 assensum,
726 1983 819 2016 quos
844 1971 1027 2016 gratiosos
1053 1971 1147 2004 inter
1167 1971 1258 2005 alios
1279 1971 1435 2005 clericos
1457 1972 1558 2005 orbis
1580 1980 1616 2006 et
1635 1972 1837 2006 litterarum
1860 1973 2012 2007 scientia
2033 1980 2068 2006 et
2092 1986 2234 2007 morum
2259 1973 2382 2008 reddit

494 2037 680 2079 honestas,
709 2037 818 2070 officii
846 2038 962 2071 nostri
993 2038 1087 2071 sicut
1113 2039 1297 2072 credimus
1328 2039 1485 2072 debitam
1517 2040 1776 2085 prosequimur
1805 2040 1983 2074 actionem
2016 2047 2052 2074 et
2081 2041 2157 2074 Deo
2187 2041 2226 2074 in
2250 2040 2319 2074 hoc
2345 2047 2382 2075 et

495 2104 705 2137 hominibus
733 2105 1012 2150 complacemus.
1043 2106 1135 2138 Sane
1162 2105 1248 2139 licet
1275 2106 1446 2139 dilectum
1478 2106 1591 2139 silium
1623 2107 1838 2152 magistrum
1862 2109 1899 2140 P.
1923 2107 1967 2140 de
1991 2107 2181 2150 Corbolio,
2208 2108 2253 2141 de
2274 2109 2381 2154 cujus

494 2171 694 2204 litteratura
725 2178 761 2205 et
789 2172 939 2205 scientia
966 2172 1003 2204 in
1029 2172 1243 2218 longinquis
1269 2179 1304 2206 et
1329 2173 1479 2206 remotis
1501 2173 1665 2219 partibus
1691 2174 1912 2220 predicatur,
1938 2186 2003 2208 sue
2029 2181 2167 2208 tantum
2188 2174 2380 2220 probitatis

495 2245 531 2271 et
554 2238 755 2272 honestatis
786 2239 917 2272 intuitu
945 2239 1079 2272 habere
1110 2239 1308 2272 debeamus
1338 2240 1375 2272 in
1403 2240 1608 2274 visceribus
1639 2241 1812 2283 caritatis,
1839 2254 1919 2275 cum
1951 2248 2068 2276 tamen
2098 2242 2142 2275 ad
2168 2242 2379 2276 memoriam

495 2312 655 2338 nostram
685 2306 908 2347 reducimus,
940 2318 1007 2339 nos
1037 2306 1232 2351 aliquando
1268 2306 1336 2339 sub
1371 2307 1488 2352 ipsius
1519 2308 1731 2353 magisterio
1768 2308 1932 2342 extitisse
1963 2315 1999 2342 et
2027 2308 2070 2342 ab
2101 2321 2144 2342 eo
2175 2309 2379 2343 divinarum

495 2372 641 2405 audisse
663 2372 829 2418 paginam
852 2373 1128 2418 scripturarum,
1151 2373 1249 2418 qnod
1270 2373 1406 2419 ubique
1427 2386 1501 2407 non
1523 2375 1636 2420 pudet
1656 2387 1724 2408 nos
1745 2376 1868 2409 dicere
1890 2376 1999 2409 immo
2020 2383 2189 2422 reputare
2210 2375 2380 2410 volumus

495 2439 711 2484 gloriosum,
733 2439 777 2472 ad
803 2439 1035 2473 dilectionem
1065 2440 1182 2485 ipsius
1210 2440 1387 2474 efficimur
1416 2442 1661 2487 promptiOres
1683 2449 1719 2476 et
1738 2444 1818 2488 ejus
1844 2442 2020 2476 libentius
2044 2449 2240 2488 augmento
2261 2443 2380 2476 inten-

496 2506 615 2538 dimus
648 2513 683 2539 et
711 2506 855 2539 honori.
891 2507 981 2541 Cum
1023 2507 1135 2553 igitur
1168 2507 1391 2541 venerabilis
1421 2508 1531 2542 frater
1563 2516 1690 2542 noster
1719 2510 1777 2543 G.¹
1801 2509 2045 2543 Eboracensis
2079 2509 2379 2555 archiepiscopus

497 2572 717 2617 prebendam
735 2573 978 2607 Eboracensis
1001 2574 1156 2607 ecclesie
1177 2587 1258 2607 cum
1280 2574 1574 2609 archidiaconatu
1596 2576 1715 2610 eidem
1737 2577 1912 2622 magistro
1933 2576 2142 2618 contulerit,
2161 2577 2256 2610 sicut
2270 2575 2379 2610 nobis

496 2651 561 2684 per
581 2651 666 2672 suas
686 2639 824 2673 litteras
845 2647 883 2674 ut
903 2642 1120 2686 proponitur
1140 2642 1331 2684 intimavit,
1354 2654 1420 2675 nec
1441 2655 1508 2676 vos
1529 2655 1688 2688 unquam
1713 2644 1839 2677 deceat
1859 2643 1965 2677 talem
1986 2655 2026 2677 ac
2046 2650 2183 2676 tantum
2204 2643 2378 2677 clericum

496 2718 515 2738 a
542 2706 713 2739 societate
742 2713 862 2740 vestra
892 2707 1071 2753 repellere
1100 2715 1155 2742 set
1181 2721 1324 2750 vocare,
1356 2721 1438 2742 cum
1469 2710 1513 2742 de
1544 2709 1712 2743 litteratis
1743 2717 1778 2743 et
1808 2710 1978 2743 discretis
2009 2710 2179 2755 personis
2210 2710 2378 2744 ecelesiis

498 2772 607 2805 multa
635 2773 827 2817 provenire
854 2775 1114 2808 consueverint
1140 2775 1377 2818 incrementa,
1405 2776 1637 2809 devotionem
1667 2783 1824 2810 vestram
1851 2776 2015 2822 rogando
2040 2788 2232 2810 monemus
2254 2783 2290 2810 et
2314 2789 2379 2823 per

497 2839 694 2883 apostolica
729 2840 860 2886 scripta
900 2841 1063 2875 districte
1102 2843 1339 2888 precipiendo
1374 2842 1605 2884 mandamus,
1645 2843 1816 2888 quatinus
1855 2843 2032 2889 prefatum
2076 2843 2290 2889 magistrum
2333 2844 2377 2877 ad

499 2904 719 2950 prebendam
747 2913 782 2939 et
808 2907 1136 2942 archidiaconatum
1165 2909 1236 2942 sibi
1263 2921 1480 2942 eoncessum
1507 2916 1577 2942 tam
1602 2909 1760 2943 libenter
1786 2922 1892 2955 quam
1919 2909 2119 2943 liberaliter
2145 2910 2378 2944 admittentes

498 2972 634 3005 faciatis
655 2973 810 3006 eundem
832 2974 889 3007 vel
915 2982 1186 3020 procuratorem
1209 2988 1314 3009 suum
1337 2975 1559 3021 prebendam
1586 2983 1622 3010 et
1645 2976 1977 3010 archidiaconatum
1998 2976 2147 3022 pacifice
2170 2977 2376 3023 possidere,
