2580 3528
252 396 350 438 1277]
586 405 634 428 ΑΒ
667 405 774 428 anno
807 404 885 427 mcc
919 405 1051 433 usone
1086 405 1135 427 An
1170 405 1399 427 PnlLtpPUM
1436 406 1474 428 ιν
1510 407 1598 429 nnc..
1635 407 1771 429 mmm.
2060 399 2125 432 559

338 481 370 515 7.
397 481 487 514 Item
508 479 607 525 quod
626 491 700 512 non
720 485 776 512 est
795 490 932 524 ponere
954 478 1307 512 demonstracionem
1329 479 1409 512 sine
1430 479 1541 512 rebus
1562 479 1720 513 entibus.

335 547 369 581 8.
395 547 484 581 Item
505 546 604 592 quod
624 546 743 580 omnis
764 545 967 591 propositio
989 545 1034 579 de
1054 545 1177 579 futuro
1197 557 1281 579 vera
1302 552 1359 579 est
1378 546 1596 579 necessaria.

335 615 368 648 9.
396 615 484 647 ltem
510 613 608 659 quod
633 612 811 646 terminus
836 624 916 646 cum
943 612 1057 646 verbo
1085 612 1131 646 de
1156 613 1318 658 presenti
1349 612 1582 647 distribuitur
1611 625 1676 658 pro
1707 613 1878 646 omnibus
1907 614 2124 647 differentiis

248 687 464 726 temporum.

337 747 504 781 1o.1tem
540 747 638 793 quod
672 759 716 780 ex
750 746 915 792 negativa
949 746 994 779 de
1029 746 1214 792 predicato
1254 746 1356 779 linito
1396 747 1563 792 sequitur
1605 746 1815 780 affirmativa
1855 747 1899 780 de
1939 747 2124 792 predicato

244 813 388 848 infinito
408 813 488 847 sine
507 813 716 847 constancia
737 812 905 858 subjecti.

1022 879 1064 914 In
1084 879 1337 914 Naturalibus.

340 962 370 994 1.
398 961 487 994 ltem
511 961 609 1006 quod
630 967 719 1006 quot
742 966 828 994 sunt
849 960 1064 1006 composita..
1089 966 1141 994 tot
1160 960 1338 1006 principia
1360 961 1509 994 omnino
1534 960 1660 1005 prima.

334 1029 367 1061 2.
395 1029 482 1062 ltem
504 1027 602 1074 quod
624 1027 738 1061 forma
759 1027 1005 1072 corrumpitur
1024 1027 1062 1060 in
1082 1039 1172 1073 pure
1194 1026 1319 1060 nichil.

333 1095 366 1127 3.
394 1095 482 1128 ltem
503 1094 601 1140 quod
622 1093 721 1127 nulla
743 1093 902 1140 potentia
922 1094 1035 1127 activa
1058 1100 1115 1127 est
1136 1094 1173 1126 in
1196 1094 1356 1127 materia.

333 1161 366 1194 4.
394 1162 482 1195 ltem
507 1161 606 1207 quod
628 1160 803 1207 privatio‘
825 1167 880 1194 est
901 1172 990 1207 pure
1011 1160 1138 1202 nichil,
1162 1167 1195 1194 et
1221 1161 1319 1206 quod
1345 1167 1401 1194 est
1424 1161 1460 1194 in
1486 1160 1704 1207 corporibus
1729 1172 1838 1207 supra
1861 1161 2061 1195 celestibus
2087 1169 2123 1196 et

244 1227 316 1262 hiis
337 1227 587 1261 inferioribus.

333 1296 365 1328 5.
393 1295 481 1328 Item
502 1293 601 1340 quod
621 1300 677 1328 est
695 1294 910 1328 conversiva
930 1294 1118 1339 generatio
1139 1294 1347 1327 animalium
1369 1295 1463 1328 sicut
1483 1294 1760 1327 elementorum.

391 1361 479 1395 Item
501 1360 599 1406 quod
619 1361 835 1407 vegetativa‚
856 1360 1030 1394 sensitiva
1051 1367 1087 1394 et
1106 1360 1327 1394 intellectiva
1348 1367 1434 1394 sunt
1453 1348 1562 1394 simiil
1583 1361 1620 1394 in
1641 1360 1830 1394 embrione
1852 1362 2045 1407 tempore⁸.

391 1428 481 1461 Item
501 1427 600 1473 quod
620 1426 841 1461 intellectiva
862 1427 1067 1460 introducta
1088 1427 1335 1473 corrumpitur
1355 1428 1531 1461 sensitiva
1551 1434 1587 1461 et
1606 1427 1840 1473 vegetativa7.

391 1495 481 1528 Item
501 1494 600 1540 quod
621 1493 822 1528 substantia
844 1494 958 1540 prima
978 1506 1052 1527 non
1073 1501 1130 1528 est
1148 1494 1350 1540 composita
1370 1506 1437 1527 nec
1459 1494 1625 1540 simplex.

330 1361 364 1595 5090>¹9³

391 1562 480 1595 item
501 1561 599 1607 quod
620 1567 764 1607 tempus
785 1573 859 1594 non
879 1567 936 1594 est
954 1561 992 1594 in
1013 1561 1286 1607 predicamento
1307 1561 1530 1607 quantitatis.

333 1629 385 1662 10.
413 1629 501 1662 ltem
532 1627 631 1673 quod
665 1639 738 1661 non
767 1634 825 1661 est
857 1627 1044 1662 inventum
1072 1627 1117 1661 ab
1145 1627 1358 1670 Aristotele,
1379 1628 1478 1674 quod
1508 1627 1728 1661 intellectiva
1759 1634 1879 1661 manet
1903 1634 1986 1673 post
2015 1639 2119 1674 sepa—

244 1692 442 1716 racionem.

332 1749 386 1782 11.
413 1749 501 1782 ltem
540 1747 639 1794 quod
676 1748 821 1794 quando
860 1748 1120 1794 incompletum
1160 1747 1199 1781 fit
1236 1747 1471 1794 completum,
1510 1748 1758 1782 diversificant
1801 1748 2013 1790 essentiam3
2053 1748 2119 1782 sed

241 1814 387 1861 quando
407 1814 667 1860 incompletum
688 1814 728 1848 fit
747 1814 816 1848 sub
837 1814 1031 1861 completo,
1054 1821 1138 1848 tunc
1159 1827 1245 1848 uon.

330 1883 382 1915 12.
410 1882 499 1915 Item
519 1881 619 1927 quod
638 1882 855 1928 vegetativa‚
877 1882 1051 1915 sensitiva
1073 1888 1109 1915 et
1129 1881 1350 1916 intellectiva
1372 1882 1446 1916 sint
1466 1894 1536 1915 una
1557 1882 1672 1915 forma
1693 1882 1880 1928 simplex⁸.

330 1950 383 1982 13.
410 1949 499 1982 ltem
527 1948 625 1994 quod
652 1960 787 1995 corpus
814 1948 934 1983 vivum
960 1955 996 1982 et
1023 1948 1224 1982 inortuum’
1249 1955 1306 1982 est
1334 1949 1511 1995 equivoce
1534 1960 1683 1995 corpus,
1711 1955 1747 1982 et
1773 1960 1908 1995 corpus
1935 1955 2116 1982 mortuum

243 2015 446 2050 secundum
467 2015 565 2061 quod
584 2027 719 2062 corpus
740 2022 920 2049 mortuum
944 2015 992 2049 sit
1009 2027 1145 2062 corpus
1166 2015 1368 2049 secundum
1390 2015 1491 2061 quid.

334 2082 387 2116 14.
414 2083 503 2116 Item
525 2082 623 2128 quod
644 2083 790 2116 materia
812 2089 848 2116 et
867 2083 980 2116 forma
1003 2094 1076 2116 non
1097 2082 1371 2129 distinguantur
1391 2094 1457 2128 per
1477 2082 1686 2116 essentiam.

336 2149 388 2182 15.
415 2149 503 2182 Item
525 2148 623 2195 quod
643 2160 750 2183 causa
771 2149 886 2195 prima
906 2156 963 2183 cst
982 2149 1199 2183 ordinabilis
1219 2149 1256 2183 in
1277 2161 1427 2195 genere,
1451 2156 1568 2183 tamen
1589 2155 1646 2183 est
1665 2155 1763 2183 extra
1784 2161 1916 2195 genus.

336 2217 388 2250 16.
415 2216 504 2250 Item
532 2215 631 2261 quod
660 2215 880 2251 intellectiva
911 2216 1035 2250 unitur
1068 2216 1218 2250 materie
1253 2216 1368 2262 prime
1403 2216 1448 2250 ita
1484 2216 1582 2262 quod
1617 2216 1862 2262 corrumpitur
1896 2215 1986 2248 illud
2020 2215 2117 2261 quod

245 2282 424 2329 precessit
444 2293 561 2328 usque
580 2282 624 2316 ad
645 2282 828 2316 materiam
850 2282 1014 2328 primam.

331 2348 440 2393 Qui¹⁰
474 2349 644 2390 sustinet,
681 2348 800 2391 docet,
836 2348 894 2383 vel
926 2349 1090 2383 defendit
1119 2361 1162 2383 ex
1196 2349 1404 2383 intencione
1435 2349 1580 2395 propria
1618 2348 1755 2395 aliquid
1791 2348 1942 2382 istorum
1976 2348 2119 2394 predic-

242 2422 374 2457 torum,
400 2415 432 2449 si
457 2415 505 2449 sit
529 2415 715 2461 magister,
739 2414 783 2449 ab
808 2414 929 2449 officio
955 2415 1155 2461 magisterii
1181 2415 1385 2461 deponatur
1411 2427 1455 2448 ex
1479 2415 1663 2449 communi
1689 2415 1894 2456 consilio¹¹‚
1922 2415 1954 2448 si
1987 2414 2119 2449 bache-

242 2477 367 2519 larius,
388 2477 432 2511 ad
454 2477 703 2523 magisterium
726 2489 798 2511 non
819 2483 1076 2523 promoveatur
1097 2477 1162 2511 sed
1182 2476 1227 2510 ab
1249 2477 1493 2511 Universitate
1513 2477 1727 2523 expellatur.

334 2561 417 2586 Oxou.
433 2562 533 2586 Uei-ton
547 2562 614 2586 Con.
630 2570 679 2586 mu.
696 2562 750 2590 2⁶7,
767 2562 811 2586 rot.
830 2561 902 2590 115⁸,
917 2565 944 2586 et
957 2562 995 2585 nic
1010 2562 1072 2594 plu·
1088 2561 1208 2586 minu-ve
1223 2570 1314 2586 omne·
1329 2561 1416 2591 codd..
1431 2562 1475 2594 qui
1491 2561 1676 2586 Colloctionem
1691 2569 1811 2586 errorum
1824 2561 1850 2585 in
1864 2561 1958 2594 Angli·
1970 2564 1996 2586 et
2008 2561 2118 2586 Puri-ii·

239 2606 482 2635 condemnatorum,
498 2606 530 2630 de
545 2614 597 2639 qua
612 2614 694 2638 supra
709 2610 739 2630 n⁰
753 2607 800 2630 47³
816 2606 842 2630 in
858 2610 919 2630 nota
934 2606 1015 2631 vet-bn
1030 2606 1151 2635 fecimuu,
1167 2606 1308 2631 continent.
1325 2606 1364 2631 Ct'.
1381 2606 1462 2630 etiam
1476 2606 1644 2639 D'Argentrc,
1661 2606 1728 2632 0011.
1742 2606 1818 2637 jud„
1840 2606 1859 2634 Ι,
1876 2606 1931 2631 ¹⁸⁴.
1947 2605 1994 2630 luti
2013 2605 2118 2630 umenti

240 2651 275 2675 ad
288 2650 494 2676 Univonitotem
511 2651 596 2676 Parin.
610 2659 661 2675 non
677 2650 784 2679 directe.
800 2654 887 2675 tamen
907 2651 1021 2683 quodum
1037 2651 1115 2675 modo
1131 2650 1285 2683 respiciunt,
1299 2659 1358 2675 cum
1371 2650 1479 2683 quid-m
1492 2659 1523 2675 ex
1535 2650 1577 2675 hi·
1591 2660 1603 2675 σι
1618 2650 1754 2675 erroribus
1770 2659 1782 2675 ν
1797 2650 1939 2683 praecipue
1953 2650 2049 2683 capiti·
2065 2659 2077 2674 α
2093 2650 2118 2674 in

239 2694 407 2720 ntur-tibu-
420 2704 443 2726 υ,
458 2703 473 2719 ι
490 2695 626 2728 magistri·
641 2695 846 2724 Puri-tonatim..
858 2703 882 2719 v.
894 2704 920 2728 g.
932 2703 947 2719 n
957 2695 1058 2720 Thomu
1072 2695 1105 2719 do
1120 2695 1231 2728 Aquino,
1246 2695 1408 2728 propngmnti
1424 2695 1522 2720 suerint
1533 2699 1559 2720 ot
1574 2694 1736 2720 Pnrinienm
1752 2703 1802 2719 non
1818 2695 1901 2719 multo
1918 2698 1980 2728 pont
1993 2695 2117 2719 condem-

240 2739 372 2764 nationen
387 2740 481 2764 horum
495 2747 616 2764 errorum
634 2739 754 2764 notitiam
769 2739 995 2764 condemn-ttoni-
1011 2739 1160 2764 habuerint.
1177 2740 1252 2764 Pam
1266 2739 1315 2764 boc
1329 2748 1361 2764 ox
1374 2740 1488 2772 epi-tota
1503 2739 1588 2772 ipniun
1604 2739 1710 2765 Roberti
1727 2739 1881 2772 Kilwardby
1895 2740 1977 2764 mina
1992 2740 2069 2764 Petro
2084 2739 2116 2763 de

240 2784 357 2809 Conflata
376 2784 577 2817 nrchiepiocopo
595 2784 782 2813 Corinthiomi,
807 2784 852 2818 qui
876 2784 1050 2817 prohibitioni
1073 2793 1118 2808 nx
1138 2784 1310 2808 articulorum
1335 2784 1403 2808 inm·
1421 2784 1573 2810 naturalia
1595 2786 1627 2815 (2.
1648 2786 1671 2814 ³,
1691 2785 1715 2814 ΙΙ,
1736 2787 1760 2814 5,
1780 2786 1804 2813 8,
1826 2785 1864 2815 12)
1889 2783 2037 2808 contrariu·
2054 2784 2115 2812 [uin

239 2828 334 2853 scribit
355 2828 426 2853 enim
450 2829 579 2854 {tobei-tuo
600 2837 606 2854 z
632 2838 644 2853 a
667 2829 818 2854 Reverendo
836 2829 906 2862 putri
926 2829 1002 2854 fratri
1022 2829 1050 2854 P.
1071 2828 1117 2853 Dei
1137 2829 1224 2861 greti·
1243 2829 1444 2862 nrchiopincopo
1463 2829 1640 2854 Corinthiam-i
1661 2830 1742 2853 rruter
1767 2828 1896 2853 noberta·
1918 2828 2116 2853 Cautum-ieoni-

240 2872 364 2898 uno-rdo-
387 2873 512 2907 lndigmu
533 2874 646 2898 alutem
665 2877 691 2898 ot
710 2873 837 2906 quidquid
861 2873 909 2898 tibi
933 2873 1019 2906 gratie
1043 2877 1069 2898 ot
1092 2873 1208 2898 honoris.
1234 2873 1386 2906 Scripuintin
1409 2873 1488 2898 michi
1511 2881 1603 2906 nuper,
1624 2873 1694 2906 quod
1716 2873 1875 2898 vonerabili·
1900 2876 1975 2905 putor
1994 2872 2116 2896 dominu-

238 2916 380 2950 cpiuoopn·
401 2917 560 2943 Pori-imni·
581 2918 657 2943 vobin
672 2917 842 2950 signifiuvit,
860 2918 930 2951 quod
950 2926 999 2950 ego
1020 2918 1054 2942 do
1071 2926 1201 2942 con-enm
1220 2917 1337 2942 omnium
1358 2917 1546 2950 megi-trorum
1565 2921 1619 2942 tam
1638 2917 1786 2950 regentium
1803 2925 1882 2950 quum
1901 2925 1952 2941 non
1970 2916 2116 2949 regentium

238 2960 366 2987 ursse-10·
385 2961 484 2987 onnon}-
502 2962 693 2995 mdempnnvi
713 2962 843 2995 quo-dnm
865 2962 890 2987 in
910 2962 1167 2995 ‘rnna-aientibus..
1189 2963 1318 2995 quo-dnm
1336 2962 1362 2987 in
1381 2962 1550 2995 logie-libus,
1566 2963 1695 2995 quondam
1716 2962 1742 2986 in
1762 2962 1928 2986 n-tumnbu·
1949 2969 1972 2990 ν,
1994 2966 2043 2986 σω.
2067 2961 2115 2985 Ι..
