2580 3528
484 409 549 442 248
1063 413 1380 437 cusurunxnium
1416 410 1606 433 UNIVERS.
1645 410 1772 431 ranis.
2253 399 2353 440 [1253

483 505 522 526 ac
544 491 807 526 revocationem
835 489 1043 534 hujusmodi
1072 500 1135 533 per
1160 499 1226 519 nos
1253 487 1361 519 factas
1386 484 1596 518 auctoritate
1623 490 1745 516 nostra
1772 495 1837 528 per
1863 495 1902 516 se
1930 482 1987 516 vel
2008 494 2073 528 per
2092 482 2201 516 alium
2223 494 2353 516 execu-

486 559 574 592 tioni
596 558 811 591 demandent
834 568 872 589 ac
894 568 958 589 vos
978 555 1021 588 ab
1047 555 1207 599 ipsorum
1234 554 1381 585 fratrum
1407 549 1680 596 gravaminibus
1701 549 1939 583 cohercentes
1966 561 2040 582 non
2060 549 2270 595 permittant
2288 561 2353 583 eos

485 638 502 658 a
530 625 633 659 vobis
655 624 845 657 occasione
867 622 1128 667 premissorum
1151 618 1311 651 indebite
1334 617 1531 658 nmlestari.
1554 616 1842 649 contradictores
1864 628 1929 661 per
1949 628 2139 650 censuram
2160 616 2353 650 ecclesias-

485 692 587 725 ticam
608 690 848 736 appellatione
871 687 1070 733 postposita
1091 684 1370 730 compescendo.
1394 685 1471 716 Dat.
1491 683 1638 724 Assisii7
1661 682 1730 715 kal.
1752 682 1851 723 Julii,
1871 682 2101 728 pontificatus
2122 683 2237 716 nostri
2258 695 2352 716 anno

485 758 687 791 undecimo.

577 855 711 886 Originale
726 854 752 876 in
768 853 843 876 Arch.
861 856 912 875 nat⁴
931 851 1013 875 Paris.
1031 852 1058 874 L.
1076 852 1128 878 2118,
1150 854 1179 872 n⁰
1198 851 1251 872 229.
1274 849 1382 872 Restant
1401 848 1445 870 fila
1465 847 1576 871 cannah.
1597 847 1764 878 Subscriptio
1786 857 1796 868 ‹
1812 847 1854 870 Ja.
1869 855 1927 872 nar,
1946 855 1958 870 u
1980 847 2034 870 Hoc
2050 850 2077 870 et.
2093 855 2204 879 sequens
2224 847 2354 879 originale

483 907 616 931 uunquam
631 899 664 922 ud
680 898 819 921 Archivum
836 895 1020 920 Universitatis
1036 894 1172 926 pertinuit.
1189 894 1305 917 Alterum
1321 892 1450 923 originale
1466 891 1492 915 in
1508 891 1584 915 Arch.
1601 892 1704 923 de'part.
1725 892 1757 914 de
1778 892 1804 914 la
1818 891 1961 915 cote-d'Or
1980 891 2084 923 (Dijon),
2103 892 2179 915 fonds
2195 891 2352 920 Cot-delion.

483 944 561 967 liasse
574 944 627 966 908.
645 943 673 965 In
688 942 840 965 membrana
856 948 966 963 aversa:
985 949 995 962 (ι
1012 939 1138 962 Dominus
1152 939 1196 962 det
1211 946 1303 969 pacem
1320 946 1342 960 ».
1361 936 1439 964 thid„
1457 936 1534 959 fonds
1547 936 1737 964 Dominicains,
1758 936 1839 959 liasse
1857 935 1959 967 93001.
1980 940 2010 959 n⁰
2030 936 2077 968 53),
2096 939 2233 968 praeterea
2251 936 2352 965 chau-ta.

483 988 604 1012 vidimus
619 986 756 1009 duodecim
771 985 943 1016 epistolarum
961 983 1104 1007 Innocentii
1120 983 1152 1006 IV
1165 986 1191 1006 et
1204 981 1343 1005 Alexandri
1360 982 1393 1004 lv
1407 989 1456 1012 per
1473 981 1585 1004 electum
1600 980 1772 1004 cusentinum
1790 989 1832 1004 an.
1847 981 1909 1004 1256
1926 982 2024 1004 factum
2044 980 2189 1009 continens,
2205 981 2273 1004 inter
2287 988 2354 1013 quae

482 1035 508 1055 et
524 1032 635 1062 epistola
651 1033 794 1053 memorata
807 1033 832 1052 et
846 1037 958 1060 sequens
975 1030 1013 1057 (no
1026 1029 1089 1057 223),
1106 1031 1184 1058 utque
1199 1027 1327 1058 epistolae
1343 1026 1376 1048 η’*
1391 1026 1436 1049 225
1451 1029 1478 1049 et
1492 1026 1538 1048 226
1550 1025 1701 1056 publicatae
1716 1025 1895 1048 inveniuntur.
1911 1039 1942 1042 —
1956 1025 2042 1049 Μένη-
2057 1026 2091 1049 de
2105 1025 2135 1050 la
2148 1025 2209 1050 Soc.
2222 1026 2256 1049 de
2269 1024 2358 1051 l'ht'st:

481 1077 514 1099 de
528 1075 612 1099 Paris
627 1079 651 1098 et
668 1076 700 1098 de
718 1073 953 1099 l'Ile-de-France,
972 1073 1000 1099 X,
1017 1073 1069 1095 254.
1085 1085 1116 1089 -
1132 1071 1205 1102 Apud
1222 1071 1355 1101 Gonznga,
1373 1070 1413 1094 De
1427 1069 1538 1100 oriyine
1549 1070 1663 1100 seraph.
1683 1069 1766 1100 reliq.
1784 1069 2003 1099 Franciscanae,
2024 1078 2050 1101 p.
2068 1070 2122 1096 115.
2138 1069 2195 1093 hoc.
2212 1070 2271 1094 doc.
2286 1069 2355 1094 sieut

481 1123 506 1143 et
523 1120 567 1142 illa
583 1119 650 1142 inu-a
667 1123 705 1141 n⁰⁸
719 1119 764 1141 225
779 1121 804 1141 et
824 1119 869 1140 226
884 1117 999 1140 breviter
1015 1120 1115 1139 tantum
1130 1116 1356 1147 perstringuntur.
1372 1114 1415 1138 Sic
1429 1117 1455 1138 et
1469 1114 1541 1146 apud
1556 1114 1692 1141 Bulaeum,
1709 1114 1755 1142 ΙΙΙ,
1772 1115 1826 1138 25⁷⁴.

574 1204 595 1226 1.
616 1211 627 1225 τ(
645 1203 680 1225 Ad
700 1213 708 1223 ι
727 1202 752 1225 in
770 1202 856 1233 primo
872 1210 909 1224 or.
926 1204 1017 1231 postea
1033 1201 1184 1231 adjunctum
1200 1203 1248 1222 est..
1264 1213 1295 1216 α-
1309 1200 1331 1222 2.
1350 1199 1403 1222 Hoc
1420 1200 1515 1222 ructum
1530 1198 1557 1222 in
1572 1199 1675 1222 docum.
1691 1202 1720 1222 n⁰
1737 1199 1783 1222 219
1795 1206 1876 1230 supra
1897 1198 1979 1222 voluto
1999 1199 2115 1222 nondum
2130 1202 2171 1222 est
2189 1207 2354 1230 expressum.

480 1365 590 1402 223.
618 1374 795 1400 Innocentius
813 1374 855 1399 IV
865 1373 1007 1409 episcopis
1023 1372 1134 1397 Adamo
1152 1371 1358 1397 silvanectensi
1373 1375 1401 1397 et
1414 1370 1539 1397 Iohanni
1553 1370 1723 1396 Ebroicensi
1737 1370 1773 1396 de
1793 1370 1894 1396 eadem
1910 1379 1940 1397 re
1955 1370 2063 1396 scribit.

1766 1454 1844 1483 1253,
1860 1454 1922 1479 dum
1935 1454 1953 1483 1,
1969 1453 2066 1480 Ᾰεεῐεῐί.

569 1531 803 1563 Innocentius
829 1530 1036 1575 cpiscopuS,
1063 1534 1143 1569 etc„
1169 1527 1340 1561 venerab.
1368 1527 1541 1560 fratribus
1565 1554 1585 1559 ..
1610 1527 1873 1561 Silvanectensi
1899 1534 1934 1560 et
1961 1554 1982 1560 ..
2012 1527 2227 1561 Ebroicensi
2255 1527 2353 1573 epis-

480 1598 581 1643 copis
615 1597 765 1630 salutem
802 1603 836 1629 et
867 1595 1100 1641 apostolicam
1137 1595 1443 1628 benedictionem.
1481 1594 1617 1627 Amena
1652 1594 1743 1627 ssore
1772 1594 1958 1635 virtutum,
1989 1600 2053 1628 etc.
2083 1594 2178 1628 sicut
2205 1598 2244 1627 ῐιο
2273 1595 2352 1636 222,

481 1665 629 1698 mutatis
661 1663 853 1704 mutandis,
889 1674 993 1708 usque
1029 1661 1309 1707 compescendo.
1345 1660 1481 1695 Deinde
1507 1674 1517 1694 .·
1543 1673 1616 1694 non
1651 1660 1882 1694 obstantibus
1916 1661 2100 1706 aliquibus
2134 1661 2266 1695 litteris
2294 1661 2352 1695 vel

482 1731 719 1776 indulgentiis
747 1730 1025 1775 quibuscunque
1053 1729 1199 1762 illorum
1228 1728 1469 1761 communiter
1495 1728 1553 1761 vel
1579 1728 1723 1761 divisim
1754 1740 1771 1761 a
1800 1728 1888 1761 sede
1913 1727 2111 1773 apostolica
2137 1728 2195 1761 vel
2222 1727 2353 1774 legatis

480 1798 558 1841 ejus
579 1797 779 1837 concessis,
802 1797 899 1842 quod
920 1796 1097 1841 suspendi
1117 1795 1175 1829 vel
1196 1795 1365 1828 interdici
1391 1801 1450 1828 aut
1477 1795 1782 1828 excommunicari
1803 1807 1876 1827 non
1898 1795 2052 1840 possint,
2080 1795 2157 1828 sive
2178 1806 2243 1840 per
2263 1806 2352 1840 quas

481 1865 632 1897 mandati
660 1864 775 1896 nostri
801 1864 965 1896 executio
992 1863 1027 1895 in
1053 1862 1117 1895 hac
1145 1869 1245 1908 parte
1274 1862 1443 1907 impediri
1469 1861 1586 1895 valeat
1610 1861 1667 1895 vel
1695 1862 1833 1895 differri
1860 1868 1896 1895 et
1922 1861 1966 1894 de
1992 1861 2126 1906 quibus
2150 1861 2292 1907 plenam
2318 1868 2354 1895 et

480 1939 686 1975 expressam
708 1943 772 1963 seu
802 1931 846 1963 de
871 1929 982 1963 verbo
1011 1930 1054 1962 ad
1082 1929 1232 1962 verbum
1255 1935 1420 1974 oporteat
1444 1929 1481 1961 in
1506 1929 1643 1962 nostris
1669 1928 1800 1962 litteris
1828 1928 1906 1961 fieri
1934 1928 2166 1961 mentionem.
2194 1929 2301 1972 Quod
2321 1929 2352 1962 si

481 2010 551 2030 non
573 1997 677 2030 ambo
698 1997 769 2029 hiis
797 1997 1019 2042 exequendis
1046 1996 1239 2042 potueritis
1265 1996 1459 2037 interesse,
1485 1995 1576 2028 alter
1601 2002 1762 2029 vestrum
1789 2007 1830 2028 ea
1855 1995 2115 2028 nichilominus
2141 2002 2350 2040 exequatur.

481 2065 557 2096 Dat.
582 2064 711 2096 Assisii
734 2064 802 2096 kal.
824 2063 922 2100 Julii,
946 2063 1177 2108 pontificatus
1199 2063 1314 2096 nostri
1335 2074 1429 2095 anno
1451 2062 1656 2095 undecimo.

572 2161 707 2192 Originalc
732 2162 756 2184 in
774 2162 849 2185 Areli.
867 2165 919 2184 unt.
937 2161 1019 2184 Paris.
1038 2162 1064 2185 L.
1082 2162 1136 2189 2128,
1154 2165 1182 2184 n⁰
1198 2162 1251 2184 230.
1269 2162 1418 2192 Supersunt
1433 2160 1477 2183 fila
1492 2160 1603 2184 cannah.
1621 2160 1811 2191 Depromptum
1825 2163 1874 2188 est,
1890 2163 1919 2183 ut
1934 2160 2046 2188 videtur,
2062 2168 2093 2183 ex
2113 2159 2224 2183 Archivo
2241 2161 2352 2184 fratrum

479 2206 570 2229 Praed.

480 2328 590 2365 224.
615 2338 794 2363 Innocentius
820 2339 863 2363 IV
881 2337 921 2363 ad
938 2338 1064 2373 priorem
1090 2337 1156 2363 Ord.
1181 2337 1286 2363 Praed.
1311 2341 1339 2363 et
1361 2338 1521 2363 ministrum
1548 2336 1614 2362 Ora.
1643 2336 1784 2362 Minorum
1808 2336 1942 2371 Parisiis,
1969 2339 2000 2361 ut
2022 2336 2166 2371 fratribus
2190 2335 2353 2371 regentibus

568 2386 727 2412 eorumdem
746 2386 882 2412 Ordinum
897 2386 1106 2412 ahsolutionem
1122 2389 1151 2412 et
1164 2386 1408 2422 dispensationem
1423 2385 1464 2411 ad
1479 2385 1623 2411 cautelam
1639 2385 1814 2421 impendant.

1749 2461 1826 2491 1253,
1841 2461 1954 2491 Juli1'21,
1969 2461 2066 2487 desisti.

570 2536 804 2568 Innocentius
832 2536 1026 2580 episcopus
1055 2548 1184 2569 servus
1214 2547 1404 2569 servorum
1440 2536 1505 2569 Dei
1541 2536 1684 2569 dilectis
1711 2535 1796 2569 filiis
1820 2562 1839 2568 ..
1865 2535 1977 2581 priori
2006 2536 2155 2569 fratrum
2185 2535 2352 2569 Predica-

483 2607 598 2633 torum
634 2608 668 2633 et
695 2603 736 2633 ..¹
774 2602 940 2634 ministro
973 2603 1122 2635 fratrum
1153 2603 1336 2635 Minorum
1365 2602 1651 2648 provincialibus
1682 2602 1831 2635 Francie
1866 2602 2018 2635 salutem
2053 2608 2089 2635 et
2116 2602 2351 2647 apostolicam

482 2666 785 2700 benedictionem.
816 2669 1043 2701 Transmissa
1074 2669 1180 2702 nobis
1211 2669 1426 2702 dilectorum
1458 2669 1615 2702 filiorum
1646 2695 1667 2701 ..
1696 2669 1830 2714 prioris
1861 2675 1896 2701 et
1926 2695 1947 2701 ..
1979 2669 2169 2714 guardiani
2201 2669 2350 2702 fratrum

483 2732 750 2766 Predicatorum
781 2746 819 2766 ac
850 2734 1031 2767 Minorum
1066 2735 1233 2768 ordinum
1269 2735 1424 2769 civitatis
1454 2735 1672 2778 Parisiensis
1702 2735 1827 2780 petitio
1857 2734 2078 2777 continebat,
2108 2734 2207 2779 quod
2240 2734 2352 2780 aliqui

484 2799 737 2843 magistrorum
768 2800 884 2844 ipsius
912 2801 1065 2834 civitatis
1093 2802 1239 2834 nomine
1269 2799 1517 2835 universitatis
1547 2801 1742 2835 scolarium
1771 2801 1925 2835 civitatis
1959 2801 2124 2846 ejusdem
2160 2801 2351 2835 occasione

485 2865 706 2908 quarundam
736 2866 910 2898 atrocium
940 2867 1167 2911 injuriarum,
1198 2881 1268 2913 que
1303 2868 1521 2913 quibusdam
1552 2867 1755 2901 scolaribus
1785 2866 2055 2900 Parisiensibus
2084 2867 2182 2900 illate
2210 2868 2353 2902 fuerant

484 2929 528 2962 ab
549 2930 664 2974 ipsius
685 2932 838 2964 civitatis
859 2932 1086 2973 custodibus,
1110 2934 1304 2978 petierunt,
1327 2941 1366 2967 ut
1384 2934 1514 2968 fratres
1539 2934 1702 2979 ipsorum
1728 2933 1897 2966 ordinum
1922 2939 2002 2966 actu
2024 2939 2194 2979 regentes
2215 2933 2350 2968 ibidem
