2580 3528
445 366 508 398 148
1028 376 1349 398 cuAn'rULARmM
1384 376 1575 398 UNIVERS.
1612 377 1742 399 mnis.
2226 367 2325 408 [1233

443 492 522 529 96.
549 502 699 536 Gregorius
724 503 768 527 IX
793 502 954 535 scientiam,
977 502 1178 527 strenuitatem
1203 501 1334 536 militiae,
1364 501 1539 527 devotionem
1560 501 1664 538 populi
1689 502 1718 528 in
1742 511 1828 537 regno
1858 503 1999 528 Franciae
2022 503 2159 538 florentes
2188 501 2325 529 laudibus

532 551 668 585 cumulat,
695 551 886 586 admonetque
910 550 1081 576 Ludovicum
1106 559 1199 585 regem
1223 551 1406 584 Francorum,
1434 554 1464 576 ut
1490 551 1626 586 injuriam
1651 559 1669 577 a
1691 550 1851 577 senescallo
1874 551 2091 577 Viromandensi
2111 552 2139 577 in
2159 551 2324 588 Philippum

532 599 737 626 cancellarium
752 600 957 634 Par-isiensem,
975 600 1056 635 cujus
1072 599 1137 625 laus
1153 600 1240 625 etiam
1257 599 1337 635 apud
1352 603 1464 625 eoeteros
1481 599 1540 625 lale
1551 603 1643 636 patet,
1662 600 1842 626 commissam
1858 599 1987 626 vindicet.

1605 702 1682 732 1233,
1697 701 1830 728 Februarii
1841 703 1887 732 27,
1903 702 2037 735 Anagniae.

536 813 556 819 ..
572 786 710 818 illustri
736 785 814 830 regi
841 786 1074 818 Francorum.
1102 784 1311 817 Thesauros
1336 784 1642 829 incomparabiles
1663 785 1785 818 divine
1806 784 2055 818 munificentie
2076 785 2176 831 larga
2196 798 2325 819 manus

443 853 479 885 in
509 864 623 898 regno
650 852 767 885 Gallie
793 859 960 896 tanquam
989 852 1026 883 in
1052 863 1118 884 suo
1140 850 1349 895 gazofilacio
1377 850 1582 893 collocavit,
1610 850 1744 896 quibus
1771 851 1872 884 orbis
1897 851 2043 885 illectus
2068 852 2112 885 ad
2138 852 2190 885 tui
2220 853 2325 898 regni

442 919 595 952 conssuit
634 919 823 963 regionem
860 918 1006 950 mittens
1041 917 1085 950 ad
1120 917 1304 950 archarios
1339 929 1425 962 gaze
1460 917 1569 962 hujus
1605 924 1788 963 emptores
1822 918 1995 960 idoneos,
2031 918 2093 963 qui
2131 918 2196 951 has
2235 930 2326 964 opes

442 986 660 1030 conquirant
678 997 752 1017 non
780 985 859 1017 sine
890 984 1014 1017 multis
1044 984 1241 1029 impendiis
1268 990 1302 1016 et
1329 983 1466 1016 labore.
1499 985 1572 1017 Nec
1602 983 1728 1017 harum
1759 984 2004 1018 habundantia
2032 997 2099 1018 suo
2125 985 2327 1018 minoratur

443 1052 637 1097 profluvio,
669 1058 723 1084 set
754 1051 876 1084 decisa
911 1063 976 1096 per
1001 1050 1140 1084 rivulos
1168 1050 1324 1083 ubertim
1351 1051 1502 1083 scaturit
1531 1057 1567 1084 et
1595 1051 1782 1096 copiosius
1808 1051 1845 1084 in
1870 1052 1970 1084 fonte
2000 1051 2191 1085 redundat.
2220 1052 2326 1085 Prius

443 1118 611 1163 equidem
638 1118 820 1162 juniores,
852 1124 889 1150 ut
920 1117 1007 1150 fiant
1032 1117 1225 1158 docibiles,
1261 1117 1297 1149 in
1327 1117 1541 1150 conflatorio
1576 1117 1780 1150 liberalium
1811 1117 1950 1151 cudunt
1978 1117 2118 1151 malleis
2148 1118 2325 1151 indefessi

442 1185 604 1218 exercitii
627 1191 662 1217 et
682 1191 873 1230 preparant
894 1196 977 1217 vasa
1000 1196 1076 1225 sua,
1100 1183 1234 1229 quibus
1254 1195 1365 1229 aquas
1392 1184 1534 1217 auriant
1553 1184 1731 1229 sapientie
1753 1184 1922 1218 salutaris
1943 1185 1988 1218 de
2015 1184 2178 1218 sontibus
2205 1184 2325 1219 Salva-

443 1252 544 1284 toris.
582 1252 747 1296 Cumque
782 1251 863 1284 sacti
898 1250 1034 1283 fuerint
1067 1250 1200 1283 eruditi
1231 1250 1341 1283 corde
1376 1250 1413 1283 in
1443 1250 1632 1295 sapientia,
1663 1257 1828 1284 eructant
1857 1251 1893 1283 in
1923 1251 2070 1296 populis
2096 1251 2207 1284 verba
2237 1251 2324 1291 vite,

442 1318 582 1351 fabulas
608 1318 799 1351 exsufflant
824 1329 1004 1358 errorum,
1027 1317 1224 1362 profligant
1249 1317 1391 1358 nenias,
1417 1323 1452 1350 et
1478 1317 1670 1350 stultorum
1699 1317 1935 1350 deliramenta
1956 1318 2154 1351 confutant.
2182 1319 2234 1351 Ex
2253 1317 2325 1351 hiis

442 1385 701 1430 religiosorum
737 1391 879 1418 caterve
921 1384 1104 1429 prodeunt
1136 1384 1362 1425 venerande,
1398 1396 1468 1429 que
1513 1384 1741 1429 splendidam
1785 1384 1921 1418 faciunt
1962 1384 2087 1417 faciem
2134 1385 2238 1430 regni
2274 1384 2324 1418 tui

441 1458 637 1485 vernantes
672 1451 833 1496 undique
868 1451 968 1484 velut
997 1457 1099 1483 ortus
1130 1450 1285 1483 floridus
1314 1450 1511 1495 voluptatis
1542 1457 1577 1483 et
1604 1451 1707 1495 quasi
1741 1451 1887 1484 Domini
1917 1451 2121 1496 paradisus,
2144 1463 2162 1484 a
2190 1450 2324 1496 quibus

442 1518 536 1551 clara
565 1518 713 1551 soboles
744 1518 875 1551 diffusa
905 1529 970 1562 per
999 1517 1125 1550 orbem
1157 1517 1312 1562 sparsim
1341 1523 1445 1550 ornat
1465 1517 1606 1550 climata
1636 1517 1819 1551 universa.
1851 1517 1982 1551 Clerus
2011 1529 2169 1563 quoque,
2197 1517 2323 1551 harum

443 1597 551 1630 opum
573 1585 676 1630 copia
702 1585 930 1625 fecundatus,
958 1584 1010 1617 sic
1035 1584 1119 1625 vita,
1148 1584 1299 1617 scientia
1321 1590 1356 1617 et
1381 1584 1545 1617 doctrina
1571 1591 1670 1617 tuum
1693 1583 1861 1617 nobilitat
1885 1584 2140 1629 principatum,
2162 1591 2199 1618 ut
2221 1585 2324 1630 quasi

442 1652 597 1697 gemmis
617 1651 701 1684 hinc
723 1651 807 1684 inde
830 1650 1063 1684 rutilantibus
1089 1651 1184 1683 clare
1206 1650 1398 1696 splendeat
1417 1651 1561 1696 fulgore
1587 1651 1709 1684 talium
1732 1651 1947 1684 illustratus.
1975 1651 2053 1684 Hiis
2074 1651 2213 1684 accedit
2233 1658 2325 1685 stre—

443 1719 562 1751 nuitas
588 1718 715 1751 militie
746 1718 922 1751 secularis
947 1718 991 1750 ad
1017 1718 1269 1750 defensionem
1299 1717 1397 1759 fidei,
1420 1717 1562 1762 justitie
1592 1724 1699 1762 atque
1725 1718 1838 1763 pacis,
1865 1730 1935 1762 que
1956 1718 2184 1763 frequentius
2209 1717 2324 1751 nobili

442 1786 610 1818 comitiva
640 1785 878 1830 subsequitur
908 1785 1026 1817 studia
1060 1784 1275 1825 litterarum,
1312 1791 1417 1829 prout
1448 1784 1603 1829 longeva
1638 1784 1745 1817 docet
1778 1785 1972 1830 antiquitas
2006 1785 2101 1830 apud
2135 1784 2323 1827 barbaros,

443 1853 597 1891 Grecos,
629 1858 664 1885 ct
692 1851 831 1890 Ytalos,
865 1858 899 1884 et
929 1863 1025 1883 nunc
1055 1851 1150 1895 apud
1182 1851 1379 1883 modernos
1410 1851 1487 1896 ipsa
1519 1851 1741 1896 experientia
1776 1857 2008 1896 protestatur.
2046 1851 2325 1896 Consequenter

442 1919 569 1964 implet
597 1919 702 1964 regni
732 1918 905 1951 ambitum
936 1918 1083 1951 fervens
1117 1917 1262 1951 devotio
1294 1917 1525 1962 populorum,
1554 1918 1616 1963 qui
1644 1917 1794 1951 stabiliti
1819 1917 2020 1951 orthodoxe
2045 1917 2130 1950 fidei
2156 1917 2323 1951 firmitate

442 1986 494 2019 sic
522 1986 620 2018 omni
647 1985 925 2018 honorificentia
950 1991 1170 2017 venerantur
1201 1990 1236 2017 et
1263 1984 1389 2017 colunt.
1418 1984 1483 2017 Dei
1512 1984 1686 2017 ecclesias
1714 1991 1747 2017 et
1775 1985 1976 2026 ministros,
1999 1991 2038 2017 ut
2061 1996 2146 2017 vere
2172 1983 2323 2018 celicole

442 2059 672 2086 censeantur.
705 2054 773 2085 Tot
802 2052 922 2097 itaque
953 2058 1096 2096 tamque
1128 2051 1354 2096 pregrandes
1385 2051 1590 2084 divitiarum
1626 2051 1749 2096 copias
1780 2051 1903 2084 divino
1934 2063 2084 2084 munere
2111 2063 2150 2084 ac
2178 2057 2322 2084 tuorum

442 2126 581 2165 patrum
618 2119 806 2164 diligentia
837 2130 953 2163 usque
988 2118 1031 2151 ad
1067 2125 1126 2150 tue
1161 2117 1392 2151 celsitudinis
1430 2124 1593 2163 tempora
1633 2124 1879 2159 conservatas,
1915 2117 1959 2150 ad
1993 2129 2144 2162 quarum
2179 2117 2322 2150 titulum

443 2186 710 2231 presulgentem
744 2185 914 2230 predives
949 2185 1128 2229 quispiam
1158 2184 1362 2229 principum
1392 2196 1465 2216 non
1493 2184 1649 2229 attingit,
1680 2191 1738 2217 tua
1766 2184 1876 2217 debet
1902 2184 2080 2217 serenitas
2108 2183 2206 2217 omni
2229 2183 2323 2229 vigi-

443 2253 551 2285 lantia
582 2252 767 2285 custodire
796 2252 832 2284 in
863 2251 961 2296 pacis
992 2251 1139 2296 gaudio,
1170 2250 1349 2288 libertatis
1377 2250 1635 2292 habundantia,
1658 2257 1693 2284 et
1712 2250 1864 2284 honoris
1891 2250 2105 2296 amplissimi
2133 2250 2322 2295 dignitate,

444 2331 516 2352 non
553 2319 693 2364 patiens
729 2325 767 2351 ut
802 2318 990 2350 temeraria
1026 2330 1154 2350 manus
1194 2317 1331 2350 minuat
1369 2317 1634 2362 projenitorum
1669 2317 1918 2351 sollicitudine
1952 2316 2144 2358 cumulata,
2179 2328 2323 2349 necnon

443 2385 643 2430 prudenter
672 2385 866 2418 advertens
898 2384 995 2428 quod
1026 2384 1063 2416 in
1099 2384 1204 2416 annis
1235 2384 1371 2417 teneris
1404 2390 1442 2416 ut
1472 2383 1642 2417 Salomon
1670 2384 1775 2429 regni
1805 2383 1990 2429 fastigium
2018 2382 2229 2425 ascendisti,
2261 2382 2323 2427 qui

443 2452 554 2496 patris
580 2452 764 2496 ampliavit
784 2463 937 2496 regnum
960 2450 1097 2483 divitiis
1114 2450 1316 2483 ethonore.
1341 2451 1433 2483 Sane
1454 2450 1632 2484 clamores
1653 2451 1864 2495 frequenter
1884 2450 2020 2483 nostris
2036 2449 2186 2483 auribus
2206 2448 2323 2482 incul-

442 2525 582 2559 cantur,
605 2518 703 2562 quod
731 2518 768 2550 in
796 2517 947 2562 quadam
970 2523 1070 2562 parte
1099 2517 1391 2549 circumserentie
1420 2517 1524 2562 regni
1553 2517 1604 2550 tui
1632 2516 1854 2562 repullulant
1880 2516 2030 2549 hereses
2052 2522 2087 2548 et
2113 2516 2322 2548 increscunt

443 2596 507 2629 per
534 2584 708 2616 incuriam
738 2584 982 2616 dominorum.
1012 2585 1103 2616 Tres
1125 2583 1229 2616 etiam
1259 2583 1365 2616 cunei
1393 2583 1544 2625 domini,
1573 2583 1832 2625 claustralium,
1861 2582 2069 2623 scolarium,
2090 2581 2320 2622 clericorum,

442 2652 653 2695 frequenter
680 2650 723 2682 ab
753 2650 874 2694 impiis
902 2650 1049 2694 impune
1084 2650 1276 2694 pulsantur
1303 2649 1496 2691 molestiis,
1525 2656 1740 2694 premuntur
1766 2649 1946 2694 dampnis,
1972 2647 2204 2681 contumeliis
2234 2647 2321 2680 affli-

441 2723 590 2762 guntur,
620 2716 681 2761 qui
710 2715 778 2748 sub
806 2722 889 2760 typo
917 2715 1005 2748 salse
1027 2716 1169 2759 justitie
1198 2727 1298 2748 suam
1328 2716 1523 2760 nequitiam
1553 2716 1756 2760 palliantes,
1782 2722 1818 2748 et
1842 2715 1918 2748 suis
1939 2714 2106 2759 vestigiis
2132 2713 2204 2746 ficti
2225 2714 2320 2758 juris

441 2790 658 2817 caracterem
687 2782 950 2827 imprimentes,
981 2781 1083 2826 quasi
1111 2793 1176 2826 per
1202 2782 1254 2814 sas
1282 2794 1363 2814 cum
1393 2782 1440 2814 sit
1467 2782 1605 2827 nephas
1635 2788 1804 2827 premunt
1829 2788 1864 2814 et
1891 2781 2101 2826 opprimunt
2131 2792 2203 2812 non
2234 2779 2320 2813 sub-

437 2851 568 2895 jectos.
606 2851 647 2882 Et
682 2849 817 2881 utinam
853 2847 896 2880 ab
927 2848 1006 2880 aula
1043 2847 1157 2893 regali
1192 2848 1323 2880 similis
1358 2848 1550 2893 oppressio
1581 2848 1624 2881 ad
1655 2848 1796 2893 aliquos
1826 2860 1891 2893 per
1923 2859 2029 2892 prava
2062 2846 2214 2880 consilia
2247 2858 2320 2879 non

441 2917 629 2962 procedat!
660 2915 845 2960 Nunquid,
874 2914 970 2947 bone
998 2926 1073 2955 rex,
1101 2913 1314 2955 sustinebis,
1341 2920 1381 2947 ut
1407 2914 1459 2947 sic
1487 2914 1636 2959 maligni
1664 2914 1910 2948 diversimode
1939 2913 2111 2947 maculam
2140 2913 2176 2945 in
2203 2912 2319 2958 gloria

2570 2769 2580 2878 *n-tssvu-m„
2576 2737 2580 2754 --
