2580 3528
258 415 356 456 1277]
603 424 650 447 AB
683 423 790 446 Anno
824 422 901 454 nce
935 401 1068 452 usmis
1102 422 1150 445 An
1186 422 1414 445 munerun
1449 422 1490 444 iv
1523 422 1612 444 nnc.
1649 423 1786 446 rame.
2065 414 2130 447 563

258 498 454 545 magistros
483 497 670 544 predictos
700 496 771 530 sub
799 497 916 530 forma
947 496 1176 542 infrascripta
1201 495 1421 529 unanimiter
1445 496 1677 529 concessisse
1703 502 1738 529 et
1767 508 1806 529 ea
1833 509 1902 542 que
1929 504 2132 542 sequuntur

257 564 405 599 utiliter·
419 564 624 598 ordinasse.

342 631 452 665 Anno
472 630 518 664 ab
539 630 793 664 Incarnatione
815 630 960 664 Domini
982 629 1178 663 millesimo
1202 629 1454 663 ducentesimo
1479 629 1750 675 septuagesimo
1776 629 1945 674 septimo,
1967 629 2025 663 die
2046 630 2131 663 lune

259 703 343 744 post
363 697 591 732 Nativitatem
617 681 911 731 be'ati'Johannis
934 696 1095 742 Baptiste
1115 696 1160 730 ad
1184 695 1361 729 honorem
1382 695 1450 729 Dei
1471 702 1506 729 et
1525 695 1715 729 utilitatem
1740 696 1859 729 tocius
1884 696 2131 730 universitatis

258 764 516 812 magistrorum
542 770 578 797 et
599 763 794 798 scolarium
820 763 981 797 Parisius
1006 763 1237 797 studencium
1262 762 1309 796 ob
1330 769 1540 808 perpetuam
1560 763 1614 796 rei
1634 763 1843 796 memoriam
1866 769 1902 796 et
1921 762 1966 796 ad
1984 763 2132 796 fraudes

259 843 330 877 que
351 830 432 865 fieri
457 820 731 865 consueverunt
754 830 901 876 penitus
927 829 1172 864 excludendas
1197 830 1235 863 in
1259 829 1397 864 Christi
1426 829 1574 863 nomine
1607 829 1813 863 ordinatum
1844 836 1900 864 est
1928 841 1994 875 per
2022 836 2130 862 totam

259 897 556 939 Universitatem,
583 904 739 943 quatuor
769 896 1000 931 facultatibus
1032 896 1100 930 hoc
1125 895 1334 930 volentibus
1367 903 1402 929 et
1433 896 1541 930 statui
1577 908 1616 929 ac
1653 895 1813 930 ordinari
1844 903 1951 942 atque
1986 896 2132 941 scriptis

261 963 469 1010 specialiter
488 964 608 1010 redigi
629 963 915 1010 postulantibus,
937 963 1035 1009 quod
1056 963 1180 996 nullus
1201 963 1354 996 studens
1374 963 1549 1004 parisius,
1571 962 1633 1008 qui
1654 962 1855 996 membrum
1877 962 2133 996 Universitatis

261 1042 302 1064 se
326 1037 496 1077 reputare
520 1029 610 1064 velit
633 1037 670 1064 et
693 1030 951 1064 Universitatis
977 1029 1181 1077 privilegiis
1206 1029 1367 1075 gaudere
1391 1029 1567 1071 intendat,
1594 1029 1732 1062 litteras
1762 1029 1847 1062 dare
1877 1035 2063 1075 presumat
2088 1029 2133 1063 de

261 1097 461 1132 reddendis
487 1097 596 1132 domo
620 1097 679 1131 vel
707 1096 820 1132 scolis
845 1096 972 1130 liberis
997 1108 1228 1142 quocumque
1253 1096 1408 1130 termino
1438 1096 1537 1137 anni,
1563 1108 1628 1130 seu
1653 1097 1899 1142 juramentum
1930 1108 2042 1142 super
2065 1096 2134 1130 hoc

261 1165 496 1210 interponere
516 1163 658 1197 audeat.
686 1164 723 1197 Si
749 1170 805 1197 est
824 1164 968 1209 juratus
990 1164 1026 1196 in
1047 1163 1166 1209 aliqua
1186 1163 1367 1204 facultate,
1394 1162 1463 1196 sub
1483 1164 1690 1208 juramento
1715 1175 1788 1208 quo
1813 1169 1957 1196 tenetur
1976 1162 2134 1196 facultati

261 1230 330 1265 hoc
359 1242 403 1264 ex
432 1242 529 1264 nunc
559 1229 631 1264 sibi
661 1220 804 1264 noverit
836 1228 1078 1276 prohibitum;
1110 1230 1141 1263 si
1173 1242 1246 1263 non
1277 1236 1333 1263 est
1357 1230 1514 1275 juratus,
1547 1229 1616 1262 sub
1648 1241 1740 1275 pena
1771 1241 1877 1275 quam
1907 1230 2135 1264 Universitas

262 1303 384 1344 potest
407 1297 605 1343 injungere
629 1296 699 1330 hoc
724 1296 894 1331 similiter
918 1296 989 1330 sibi
1015 1297 1159 1331 noverit
1182 1296 1428 1330 interdictum.
1449 1297 1596 1330 Juratus
1617 1296 1880 1330 contrafaciens
1900 1308 1966 1342 pro
1987 1297 2135 1342 perjuro

262 1363 438 1398 habeatur
457 1370 493 1398 et
511 1362 774 1398 nichilominus
795 1363 1053 1409 magistrorum
1074 1370 1111 1397 et
1129 1363 1324 1397 scolarium
1345 1348 1520 1396 societate
1538 1374 1604 1408 per
1623 1375 1757 1396 annum
1777 1363 1935 1397 totaliter
1955 1363 2134 1408 privetur;

261 1441 335 1464 non
366 1431 513 1476 juratus
542 1441 630 1464 vero
661 1429 796 1464 tamdiu
827 1430 859 1463 si
891 1430 1149 1464 contrafecerit
1180 1429 1353 1463 societate
1384 1429 1642 1475 magistrorum
1673 1436 1709 1463 et
1737 1429 1930 1463 scolarium
1960 1430 2135 1475 privetur,

260 1496 378 1531 donec
399 1496 552 1543 gratiam
573 1496 830 1531 Universitatis
850 1508 916 1542 per
936 1495 1154 1530 beneficium
1179 1495 1508 1538 reconciliacionis,
1530 1496 1682 1529 emenda
1707 1495 1967 1530 nichilominus
1988 1496 2137 1530 Univer-

259 1563 359 1598 sitati
390 1563 544 1610 prestita
571 1563 806 1610 competenti,
835 1563 982 1597 duxerit
1011 1563 1301 1610 promerendam.
1329 1564 1483 1596 Exactor
1511 1569 1628 1596 autem
1661 1562 1755 1596 dicte
1786 1563 2043 1609 promissionis
2073 1574 2136 1596 seu

257 1630 469 1677 juramenti,
496 1630 528 1664 si
553 1630 719 1676 pertinax
743 1630 852 1664 suerit
881 1630 918 1664 in
949 1629 1145 1676 exigendo,
1170 1629 1263 1664 hanc
1292 1641 1421 1676 penam
1452 1629 1642 1671 sustineat,
1669 1629 1769 1675 quod
1795 1629 1999 1675 hospicium
2029 1641 2139 1675 super

263 1707 336 1742 quo
363 1696 589 1731 exactionem
615 1696 769 1731 faciebat
792 1709 811 1731 a
836 1696 1043 1731 scolaribus
1069 1696 1127 1731 vel
1151 1696 1338 1742 magistris
1363 1696 1528 1742 proximo
1555 1708 1650 1730 anno
1671 1703 1755 1742 post
1774 1696 1998 1730 exactionem
2023 1696 2139 1730 nulla-

264 1769 371 1798 tenus
395 1762 592 1804 habitetur,
619 1763 687 1797 sed
710 1763 815 1809 quasi
839 1763 1072 1798 interdictum
1100 1775 1172 1809 quo
1195 1763 1240 1797 ad
1264 1763 1367 1796 illum
1392 1775 1525 1797 annum
1548 1763 1694 1809 penitus
1719 1763 1886 1798 evitetur.

353 1830 461 1864 Anno
487 1835 523 1864 et
551 1829 610 1864 die
640 1830 817 1877 predictis
845 1829 889 1864 ab
919 1830 1044 1864 eadem
1069 1830 1314 1864 Universitate
1343 1836 1400 1864 est
1428 1829 1647 1871 ordinatum,
1673 1842 1718 1863 ne
1747 1842 1858 1875 super
1883 1829 2053 1864 domibus
2080 1837 2141 1864 aut

264 1895 376 1931 scolis
407 1896 452 1930 ad
484 1895 622 1931 firmam
656 1908 722 1930 seu
752 1909 904 1931 censum
938 1896 1161 1943 recipiendis
1194 1896 1327 1942 aliquis
1358 1896 1536 1939 audiatur,
1571 1897 1641 1930 nisi
1670 1896 1848 1942 juraverit
1879 1896 1977 1942 quod
2011 1897 2140 1943 imper-

264 1969 413 2011 petuum
443 1969 506 1998 aut
533 1963 579 1998 ad
606 1963 716 1998 vitam
750 1975 868 2005 suam,
899 1970 960 1998 aut
990 1964 1095 1998 etiam
1131 1963 1176 1997 ad
1207 1963 1424 1997 decennium
1456 1963 1502 1997 ad
1535 1963 1656 1997 minus
1690 1962 1901 2009 hujusmodi
1933 1963 2052 1997 scolas
2082 1963 2141 1997 vel

265 2029 412 2064 domum
439 2030 579 2076 recepit
601 2036 638 2064 et
661 2030 742 2065 sine
766 2030 906 2072 fraude,
933 2037 970 2064 et
992 2031 1023 2064 si
1049 2030 1280 2077 contingeret
1302 2030 1421 2076 ipsum
1451 2029 1510 2064 vel
1538 2041 1612 2063 non
1637 2029 1761 2076 legere
1790 2030 1910 2076 quoad
1934 2030 2054 2064 scolas
2082 2030 2140 2064 vel

265 2107 340 2130 nou
370 2095 533 2130 habitare
565 2097 686 2143 quoad
715 2097 881 2140 domum,
912 2097 1034 2139 alteri,
1070 2097 1106 2131 in
1140 2098 1246 2143 cujus
1275 2097 1517 2143 prejudicium
1543 2103 1816 2143 presumeretur
1845 2097 2047 2143 recepisse,
2077 2098 2140 2142 jus

265 2173 372 2197 suum
405 2162 618 2206 dimitteret,
649 2163 722 2199 nisi
754 2164 937 2211 predictas
968 2164 1087 2198 scolas
1120 2170 1155 2198 et
1186 2163 1332 2198 domum
1362 2164 1442 2198 sine
1473 2163 1599 2197 fraude
1631 2175 1704 2197 non
1735 2164 1854 2197 animo
1890 2163 2140 2210 prejudicandi

265 2228 369 2264 alteri
403 2229 568 2276 precario
602 2229 754 2266 duceret
783 2230 1050 2266 concedendas.
1088 2231 1132 2264 Et
1165 2230 1232 2264 hec
1263 2237 1350 2265 sunt
1380 2230 1558 2272 ordinata,
1590 2237 1630 2264 ut
1660 2230 1851 2276 privilegia
1885 2230 2140 2264 Universitatis

266 2307 379 2342 super
410 2295 581 2331 domibus
615 2302 652 2331 et
683 2297 798 2345 scolis
832 2297 996 2332 taxandis
1035 2297 1225 2343 impetrata
1263 2297 1409 2343 plenius
1447 2297 1699 2331 custodiantur
1736 2303 1772 2330 et
1808 2297 1955 2331 fraudes
1994 2297 2139 2343 penitus

270 2361 523 2397 excludantur,
563 2363 605 2396 In
644 2363 892 2411 predictorum
932 2363 1136 2398 firmitatem
1173 2363 1335 2410 sigillum
1367 2363 1623 2398 Universitatis
1656 2363 1874 2397 Parisiensis
1907 2363 2139 2410 presentibus

266 2428 444 2469 ,duximus
471 2429 742 2476 apponendum,
767 2430 1012 2477 precipientes
1037 2436 1077 2464 ut
1098 2430 1135 2464 in
1160 2429 1341 2473 ecclesiis,
1367 2429 1600 2464 sermonibus
1624 2436 1660 2464 et
1683 2430 1794 2464 scolis
1820 2430 1980 2476 predicta
2010 2437 2139 2465 statuta

268 2494 327 2530 bis
358 2495 415 2530 vel
451 2502 505 2530 ter
537 2496 574 2531 in
607 2508 702 2531 anno
739 2496 884 2543 publice
920 2497 1156 2543 imposterum
1202 2496 1450 2543 divulgentur,
1483 2508 1528 2531 ne
1556 2497 1639 2542 quis
1667 2497 1762 2531 circa
1793 2496 1859 2531 hec
1892 2497 2138 2543 ignoranciam

267 2562 385 2598 valeat
409 2562 627 2609 pretendere
652 2563 689 2596 in
714 2564 888 2598 futurum.
915 2564 1044 2598 Datum
1071 2575 1166 2598 anno
1192 2570 1228 2597 et
1249 2563 1308 2597 die
1330 2563 1518 2610 predictis.

361 2658 500 2692 Origini-lo
514 2660 541 2684 in
557 2661 634 2685 Arcb.
649 2661 770 2685 Univm.
785 2661 869 2686 Parin.
885 2661 960 2686 theca
972 2661 1015 2686 tv.
1029 2661 1057 2686 Α.
1073 2662 1110 2686 1⁹.
1124 2661 1142 2686 i.
1157 2661 1285 2693 Supero-t
1298 2661 1442 2686 ueni-‘lum
1457 2661 1634 2686 membranae.
1651 2662 1767 2686 Alterum
1781 2661 1910 2694 originale
1921 2662 1985 2687 ibid.
1997 2662 2073 2687 theca
2083 2662 2140 2689 vn.

267 2704 298 2729 D.
320 2704 359 2729 11.
381 2712 406 2734 ι,
428 2704 474 2729 nbi
488 2705 575 2729 adhuc
589 2713 653 2738 pan
669 2706 752 2738 sigini
767 2706 844 2731 cerei.
859 2719 891 2725 -
904 2706 968 2731 eod.
984 2706 1042 2731 vn.
1058 2706 1121 2738 neg.
1137 2707 1192 2735 406,
1209 2706 1255 2731 fol.
1268 2707 1308 2732 ⁶2.
1324 2706 1394 2730 Bibl.
1413 2706 1545 2739 Phinipp·
1560 2706 1587 2730 in
1602 2706 1782 2735 Cheltenbam,
1802 2715 1852 2731 mu.
1872 2708 1927 2736 87⁶,
1948 2707 1992 2732 rol.
2012 2707 2069 2736 δὀἱ,
2089 2707 2139 2731 sub

267 2747 375 2773 rubric-
389 2752 419 2773 αἱ
432 2757 523 2782 supra.
539 2749 569 2774 ln
584 2750 635 2774 tine
649 2750 787 2774 amborum
805 2759 810 2775 :
827 2760 839 2775 a
855 2751 984 2776 haur-m
999 2750 1051 2775 hii·
1067 2749 1154 2775 verbi·
1169 2757 1229 2776 non
1237 2751 1360 2781 ‚iuratus
1374 2757 1440 2775 vero
1453 2750 1644 2783 approbamus.
1659 2751 1754 2775 Datum
1767 2754 1795 2775 ut
1807 2759 1889 2784 supra
1903 2760 1924 2781 ιι,
1941 2759 2007 2784 quae
2020 2752 2138 2776 clau-uin

269 2792 410 2826 ἀκαιρία
425 2796 466 2818 eut
485 2801 518 2818 ex
537 2794 621 2818 altero
635 2794 774 2819 amborum
794 2795 975 2828 originalium,
995 2795 1041 2819 ubi
1061 2802 1074 2819 ι
1089 2802 1141 2819 non
1157 2794 1262 2827 juratus
1278 2802 1340 2819 voro
1355 2803 1367 2819 ι
1383 2802 1465 2827 snper
1477 2802 1609 2820 ratur-m.
1625 2794 1749 2825 Bulaeus,
1765 2795 1810 2825 m,
1826 2797 1881 2823 ⁴82.
1897 2796 2016 2820 eumdem
2041 2799 2138 2820 textum

271 2836 341 2862 nio-t
352 2837 404 2862 duo
421 2845 487 2864 ιιιιι.
502 2838 588 2864 offert.
