2618 3640
510 450 551 481 52
1093 457 1409 480 CHARTULARIUM
1444 456 1634 479 uulvmts.
1671 456 1799 478 PAms.

510 545 592 566 eum
626 532 798 566 videlicet
831 532 892 578 qui
930 531 1115 565 mutabilia
1153 538 1281 564 cuncta
1320 542 1461 572 creans,
1496 530 1598 564 solus
1636 529 1874 563 immutabilis
1913 535 1969 563 est
2006 536 2146 563 nature.
2183 529 2249 562 Ille
2287 528 2389 562 solus

511 600 681 640 essentia,
718 606 753 632 et
782 599 968 632 essentiali
998 598 1211 632 excellentia
1241 598 1452 631 naturaliter
1483 597 1669 638 elucescit,
1701 596 1911 630 mutationis
1941 603 2091 638 motum,
2123 595 2390 630 vicissitudinis

510 666 673 699 umbram
695 666 823 707 nescit,
846 665 890 699 ab
912 672 1038 699 eterno
1058 677 1143 699 vere
1166 666 1264 698 Deus
1284 676 1451 710 magnus,
1474 670 1686 709 prepotens,
1708 663 1936 705 immortalis,
1964 675 2038 696 non
2059 663 2222 708 cujusvis
2241 662 2389 707 majoris

510 733 637 779 gratia,
665 733 730 766 sed
755 739 882 766 nature
908 732 1102 778 privilegio
1129 731 1310 777 specialis.
1339 733 1442 764 Hunc
1467 731 1642 776 predicat,
1665 730 1760 763 hunc
1782 730 1925 770 attollit,
1948 742 2022 763 non
2043 730 2161 763 solum
2183 730 2387 771 doctorum,

510 800 709 845 predicatio
739 799 796 833 vel
827 800 1017 844 scriptura,
1048 799 1113 831 sed
1142 799 1302 831 omnium
1332 809 1452 830 rerum
1483 797 1630 838 creatio,
1659 796 1892 838 mutabilitas,
1921 803 1956 830 et
1984 803 2123 838 natura,
2154 808 2225 841 que
2255 796 2389 837 omnia,

510 879 590 899 cum
620 866 760 911 judicio
796 866 955 899 evidenti
990 865 1238 898 mutabilitatis
1272 865 1380 897 insite
1415 870 1532 896 creata
1567 876 1606 896 se
1641 863 1847 904 ostendant,
1884 864 2094 897 Creatorem
2125 863 2324 896 increatum
2355 869 2391 895 et

509 933 769 966 immutabilem
800 939 967 965 astruunt
996 939 1031 964 et
1056 931 1323 964 commendant.
1360 931 1451 964 Cum
1479 931 1591 976 igitur
1618 931 1655 962 in
1685 930 1784 963 omni
1814 930 1993 975 scriptura
2023 929 2231 975 intelligere
2257 929 2392 975 poterit

509 1000 671 1044 prudens
705 999 832 1040 lector,
868 999 904 1031 in
940 999 1037 1031 omni
1072 1005 1235 1031 creatura
1268 997 1438 1030 admirari
1473 997 1648 1042 providus
1683 996 1903 1038 intellector,
1943 1003 2060 1030 creata
2095 1008 2239 1042 queque
2278 996 2390 1042 digne

509 1066 759 1106 considerans,
796 1072 925 1110 queret
958 1077 1104 1110 semper
1132 1065 1259 1097 faciem
1290 1064 1488 1102 Creatoris,
1525 1063 1616 1096 nihil
1645 1063 1749 1104 infra,
1786 1063 1878 1096 nihil
1912 1075 2021 1108 supra
2057 1062 2202 1096 satiabit
2229 1063 2389 1096 animum

509 1133 707 1165 dilectoris.
740 1132 835 1164 Infra
866 1132 1013 1176 quidem
1051 1131 1141 1163 nihil
1172 1137 1226 1164 est
1260 1130 1554 1180 quodsussicere
1581 1129 1713 1163 debeat
1738 1136 1799 1163 aut
1825 1130 1994 1175 preponi,
2026 1141 2136 1175 supra
2165 1129 2267 1162 illum
2298 1129 2390 1162 nihil

508 1205 575 1239 est,
605 1211 710 1243 quem
740 1205 880 1231 constat
907 1197 1078 1230 omnibus
1106 1197 1308 1230 eternitatis
1336 1197 1550 1230 excellentia
1579 1197 1779 1242 superponi
1809 1208 1816 1229 ε
1847 1209 1928 1229 eum
1957 1197 2126 1242 primum,
2156 1208 2238 1229 eum
2266 1196 2390 1230 novis-

506 1265 637 1297 simum
672 1277 758 1298 sane
793 1265 939 1310 sapiens
973 1265 1129 1310 percipit
1162 1264 1383 1306 intellectus,
1421 1276 1561 1297 summe
1595 1263 1731 1296 bonum
1765 1275 1851 1297 vere
1887 1264 2118 1309 potissimum
2157 1275 2257 1296 amor
2290 1269 2389 1297 recte

505 1332 788 1377 intelligentium
823 1338 859 1364 et
887 1332 1049 1364 affectus.
1086 1332 1138 1364 De
1169 1343 1241 1376 quo
1275 1343 1356 1364 cum
1388 1331 1481 1364 bene
1512 1331 1749 1372 studentium,
1782 1337 1821 1363 ut
1850 1330 1916 1372 ais,
1948 1330 2126 1363 emulator
2153 1330 2388 1364 affectuosius

504 1410 596 1431 nova
618 1399 754 1443 queris,
782 1410 855 1431 non
880 1398 917 1430 in
943 1410 1013 1439 me,
1040 1398 1106 1431 sed
1131 1398 1168 1430 in
1193 1398 1274 1443 ipso
1300 1398 1465 1431 invenire
1492 1398 1590 1442 quod
1616 1397 1779 1443 postulas
1805 1398 2040 1442 promereris,
2071 1397 2167 1442 quia,
2190 1397 2285 1430 sicut
2303 1396 2388 1430 mali

505 1472 659 1510 querent
679 1471 714 1498 et
734 1477 807 1497 non
833 1465 1033 1506 invenient,
1061 1465 1112 1498 sic
1139 1477 1177 1498 se
1203 1464 1311 1497 bonis
1337 1465 1496 1497 offerens
1522 1464 1719 1506 invenitur,
1747 1470 1782 1497 et
1807 1464 1869 1509 qui
1894 1464 1985 1509 petit
2004 1464 2145 1509 accipit,
2173 1470 2209 1497 et
2229 1463 2388 1509 pulsanti

504 1532 584 1576 ejus
605 1532 847 1564 sanctuarium
870 1532 1044 1576 aperitur,
1067 1538 1100 1564 et
1123 1538 1234 1573 recte,
1263 1532 1427 1576 quamvis
1448 1531 1542 1564 bene
1564 1531 1712 1564 studeas
1733 1531 1970 1564 emulatorem
1990 1538 2025 1564 te
2046 1530 2140 1564 bene
2162 1531 2386 1564 studentium

504 1598 701 1643 profiteris,
733 1599 770 1630 in
800 1611 871 1643 quo
903 1605 938 1631 et
967 1610 1039 1630 non
1067 1598 1158 1631 lates
1187 1598 1255 1631 sub
1282 1598 1420 1640 modio,
1450 1605 1485 1631 et
1511 1598 1798 1643 presumptionis
1825 1598 1913 1631 vitio
1942 1610 2016 1631 non
2044 1598 2181 1631 teneris
2211 1609 2218 1630 :
2248 1609 2387 1631 memor

504 1665 604 1698 illius
634 1665 769 1698 ethnici
800 1665 861 1710 qui
891 1677 930 1698 se
961 1677 1034 1697 non
1061 1665 1216 1710 sophum
1242 1672 1281 1698 ut
1306 1666 1461 1710 priores,
1490 1665 1554 1698 sed
1576 1665 1834 1710 philosophum
1861 1665 2067 1710 appellavit,
2097 1677 2164 1698 nec
2186 1665 2386 1710 sapientem

504 1731 664 1777 publice,
702 1732 766 1765 sed
803 1738 998 1764 amatorem
1034 1732 1210 1777 sapientie
1242 1732 1452 1777 predicavit.
1489 1733 1606 1765 Nosse
1636 1739 1754 1765 autem
1786 1731 1933 1773 debent,
1965 1732 2028 1777 qui
2058 1731 2177 1765 scolas
2207 1731 2385 1774 incolunt,

505 1799 586 1843 quia
609 1798 769 1831 nondum
793 1799 879 1831 satis
901 1810 1027 1831 eorum
1048 1799 1227 1843 quispiam
1253 1798 1347 1831 bene
1373 1799 1507 1840 studet,
1535 1799 1565 1831 si
1591 1799 1634 1832 ad
1656 1798 1875 1844 pulsandum
1901 1799 2105 1844 predictum
2128 1798 2386 1840 sanctuarium,

505 1865 752 1898 sollicitudine
791 1877 952 1910 congrua
991 1877 1063 1898 non
1104 1865 1257 1898 desudet
1290 1877 1297 1898 ε
1331 1866 1361 1898 si
1397 1878 1470 1898 non
1504 1866 1547 1898 ad
1583 1866 1651 1899 hoc
1686 1866 1796 1911 legat,
1832 1865 2014 1911 intelligat
2051 1872 2086 1898 et
2124 1865 2253 1911 diligat
2290 1864 2387 1898 hunc

504 1932 680 1974 laborem,
710 1939 748 1965 ut
775 1932 938 1977 prosectu
966 1944 1130 1977 congruo
1160 1933 1263 1977 sequi
1293 1939 1328 1965 et.
1354 1933 1500 1978 assequi
1528 1933 1617 1966 velit
1644 1940 1679 1966 et
1704 1933 1822 1966 valeat
1847 1934 2071 1967 Creatorem.
2101 1932 2268 1977 Denique
2292 1932 2388 1966 sicut

505 2011 655 2032 aversus
691 2012 709 2031 a
746 1999 950 2031 sanctuario
981 1999 1156 2044 ignorans
1183 1999 1385 2044 ignoratur,
1415 2000 1467 2032 sic
1495 2000 1671 2044 sapientia
1699 2000 1864 2033 animalis
1893 1999 2000 2033 stulta
2027 1999 2085 2032 vel
2113 1998 2263 2032 stultitia
2286 1998 2387 2044 judi-

505 2072 626 2106 catur3
664 2072 699 2098 et
727 2065 812 2098 licet
840 2066 1006 2098 videatur
1035 2066 1154 2110 quivis
1185 2066 1349 2111 perditus
1379 2066 1490 2099 multa
1520 2067 1627 2108 scire,
1663 2079 1736 2099 non
1767 2067 1871 2112 sapit,
1909 2066 1974 2099 sed
2009 2066 2161 2111 desipit,
2192 2065 2278 2098 dum
2312 2077 2386 2098 non

505 2139 606 2165 curat
631 2133 775 2165 Domini
801 2132 1043 2165 sanctuarium
1072 2133 1235 2165 introire.
1263 2134 1348 2166 Pete
1370 2145 1472 2178 ergo,
1499 2145 1625 2178 quere,
1652 2133 1769 2178 pulsa,
1796 2133 1992 2178 ingredere
2014 2133 2141 2178 sponsi
2162 2131 2385 2174 cubiculum,

504 2199 541 2231 in
572 2211 644 2244 quo
675 2211 741 2244 pax
765 2199 942 2243 justitiam
975 2199 1172 2241 osculatur,
1199 2200 1315 2232 anima
1345 2199 1457 2233 verbo
1489 2200 1554 2232 Dei
1585 2200 1737 2245 nuptiali
1767 2200 1891 2233 sedere
1921 2199 2111 2245 copulatur
2143 2211 2150 2232 :
2183 2211 2268 2244 quo,
2303 2211 2386 2232 cum

504 2266 729 2311 perveneris,
758 2272 793 2298 et
818 2266 911 2310 apud
938 2272 971 2298 te
998 2266 1134 2298 dixeris
1158 2278 1164 2298 :
1194 2280 1211 2297 «
1239 2267 1379 2299 Bonum
1407 2273 1463 2299 cst
1487 2279 1554 2299 nos
1580 2266 1637 2299 hic
1664 2279 1746 2300 esse
1770 2281 1800 2308 »,
1826 2267 2002 2300 valefacto
2028 2278 2102 2299 non
2128 2266 2246 2299 solum
2270 2265 2382 2308 vitiis,

504 2333 568 2365 sed
595 2339 631 2365 et
656 2332 780 2365 mundi
807 2333 978 2377 negotiis,
1006 2332 1185 2377 gaudebis
1210 2333 1352 2378 angelis
1378 2334 1570 2366 interesse.
1599 2335 1723 2377 Queso
1750 2341 1883 2375 autem,
1909 2341 1959 2375 ut,
1987 2346 2068 2366 cum
2095 2333 2189 2366 bene
2215 2332 2281 2366 tibi
2302 2332 2382 2375 erit,

504 2399 573 2431 mei
603 2399 661 2432 vel
691 2399 734 2432 ad
765 2399 946 2431 modicum
978 2399 1198 2441 recorderis,
1235 2406 1274 2433 ut
1302 2400 1479 2433 assistens
1507 2400 1630 2434 divino
1658 2400 1787 2442 vultui,
1817 2413 1883 2446 pro
1911 2412 1967 2433 me
1995 2400 2230 2433 affectuosius
2259 2399 2384 2445 depre-

503 2457 619 2507 ceris,
650 2473 685 2499 ct
711 2478 790 2499 cum
820 2465 885 2499 tibi
913 2466 1034 2499 divina
1062 2466 1206 2499 bonitas
1236 2467 1411 2500 infuderit
1440 2479 1573 2500 munus
1603 2467 1718 2513 gratie
1746 2467 1931 2513 largioris,
1961 2467 2012 2501 sic
2039 2467 2207 2500 intendas
2234 2466 2381 2512 gaudio,

505 2539 542 2565 ut
578 2539 613 2565 et
648 2545 704 2565 mc
741 2533 930 2578 participio
968 2533 1084 2566 dones
1127 2534 1231 2579 copie
1262 2534 1417 2566 ditioris.
1450 2534 1626 2567 Nimirum
1657 2534 1718 2567 illa
1747 2534 1889 2576 caritas,
1926 2546 1996 2579 que
2026 2535 2127 2579 juxta
2162 2532 2311 2566 Paulum
2345 2532 2383 2565 in

504 2599 640 2631 nostris
666 2612 730 2644 pcr
755 2600 921 2644 spiritum
948 2599 1122 2633 cordibus
1148 2613 1187 2633 se
1214 2601 1395 2642 diffundit,
1424 2601 1460 2634 in
1488 2613 1531 2634 eo
1559 2601 1642 2646 plus
1669 2601 1839 2643 abundat,
1869 2601 1931 2646 qui
1957 2613 2000 2634 ex
2026 2600 2086 2633 illa
2114 2600 2151 2632 in
2178 2599 2381 2645 proximum

504 2665 586 2710 plus
614 2666 794 2708 refundit3
825 2673 860 2699 et
884 2679 963 2699 cum
991 2667 1164 2712 pleraque
1190 2674 1309 2701 cetera
1335 2680 1408 2701 non
1435 2669 1579 2713 possint
1603 2675 1638 2701 et
1662 2668 1738 2701 dari
1764 2668 1910 2714 pariter,
1939 2674 1974 2701 et
1999 2679 2018 2700 a
2044 2666 2215 2700 dantibus
2240 2666 2382 2711 integra

505 2733 665 2774 retineri,
709 2732 775 2765 hec
812 2733 974 2778 impensa
1009 2734 1188 2779 pluribus,
1233 2735 1324 2767 miro
1355 2735 1463 2768 modo
1494 2735 1678 2768 invenitur
1707 2735 1802 2780 apud
1833 2747 1896 2767 eos
1931 2734 1993 2780 qui
2022 2733 2269 2779 impenderint
2298 2732 2381 2778 plus

504 2798 641 2832 haberi.
682 2799 775 2844 Opto
810 2806 848 2832 ut
874 2800 939 2833 hec
967 2801 1096 2833 caritas
1127 2808 1221 2834 tuam
1248 2802 1435 2835 scientiam
1465 2801 1622 2843 edificet,
1651 2808 1687 2834 et
1713 2801 1906 2834 salutarem
1935 2800 2063 2835 evehat
2091 2800 2136 2833 ad
2165 2800 2380 2845 profectum,

505 2872 544 2899 ut
563 2872 734 2899 evacuato
757 2866 854 2911 quod
876 2878 917 2899 ex
940 2874 1038 2911 parte
1061 2874 1127 2909 est,
1150 2869 1292 2901 tandem
1315 2868 1458 2902 felicius
1481 2875 1643 2902 transeas
1664 2868 1707 2901 ad
1729 2868 1942 2913 perfectum.
1964 2867 2066 2901 Vale.

597 3007 726 3039 Philippa·
737 3009 798 3033 abb.
811 3009 909 3033 Bonae
923 3008 988 3039 Spei
1001 3009 1065 3033 Ord.
1077 3010 1190 3034 Praem.
1202 3017 1265 3040 opp.
1277 3017 1365 3040 omn„
1377 3011 1416 3034 ed.
1430 3011 1564 3039 Chamart,
1577 3019 1617 3042 ep.
1630 3011 1668 3038 20,
1680 3019 1706 3041 p.
1716 3010 1755 3033 91.
1765 3024 1795 3027 —
1806 3010 1901 3041 Migne,
1918 3010 2025 3035 Patr-ol.
2039 3009 2099 3038 lat„
2111 3012 2173 3032 tom.
2187 3009 2274 3037 ccm,
2286 3017 2312 3040 p.
2327 3009 2379 3032 165.

2606 1854 2618 2216 vzztmm-drsszm,fflm
2605 1738 2618 1842 ann-dan
2614 1722 2618 1730 u
2614 1693 2618 1712 „A

2608 2251 2618 2282 1³]

2608 2284 2618 2306 g
