2580 3528
289 424 387 466 1218]
636 433 682 455 ΑΒ
715 432 822 455 Anno
855 431 934 455 mcc
967 431 1100 460 USQUE
1134 431 1183 454 An
1218 431 1449 454 PHILIPPUM
1484 431 1524 454 iv
1559 431 1648 454 nac..
1685 432 1822 454 rame.
2123 424 2168 457 85

287 550 367 587 27.
390 558 534 586 Honorius
546 559 595 584 111
604 558 769 586 doctoribus
782 558 868 584 Petro
883 557 920 583 de
937 558 1047 594 Capua,
1066 556 1203 583 Willelmo
1218 556 1255 583 de
1265 557 1356 583 Ponte
1370 555 1473 591 Arche,
1491 556 1633 583 Riccardo
1645 557 1800 593 praecipit,
1815 561 1948 583 moneant
1963 557 2168 583 cancellar-ium

375 607 571 634 Parisiemem
586 611 618 633 ut
638 607 776 642 magistro
791 606 920 633 Mattheo
941 605 977 632 de
1000 606 1098 632 Scotia
1120 605 1267 632 licentiam
1289 605 1412 632 docendi
1427 605 1455 631 in
1472 605 1632 640 theologica
1647 605 1792 640 facultate
1813 605 1952 632 concedat
1967 615 2021 632 non
2037 605 2169 632 obstante

372 655 524 693 privilegio
539 654 694 692 impetrato
709 655 759 691 (ab
774 655 939 682 Innocentio
955 655 1010 689 III)
1026 655 1062 681 de
1077 658 1153 681 certo
1169 663 1286 681 numero
1301 654 1448 681 doctorum
1464 653 1627 689 theologiae
1642 654 1839 681 habendorum
1854 654 1989 681 Parisiis.

1448 757 1519 788 1218,
1535 757 1682 784 Novembri-e
1698 758 1737 788 16,
1752 757 1882 784 Laterani.

376 848 484 881 Petro
504 846 550 880 de
570 847 727 892 Capua‘,
754 845 951 883 Willermo
972 846 1018 879 de
1039 847 1153 879 Ponte
1172 846 1291 879 Arce’
1317 852 1353 879 et
1379 846 1554 879 Riccardo
1576 845 1732 891 Anglico
1754 841 1967 879 doctoribus
1988 846 2170 879 Parisien-

287 914 403 949 sibus.
432 914 469 948 Si
493 913 725 948 abscondens
752 913 926 947 talentum
954 913 1132 946 creditum
1161 912 1232 946 sibi
1259 925 1277 946 a
1305 913 1461 946 Domino
1487 913 1732 958 redarguitur,
1760 912 1962 958 prohibens
1986 908 2169 946 volentem

286 981 378 1015 illud
412 981 576 1027 proferre
609 981 647 1013 in
681 980 840 1014 medium
876 986 912 1013 et
943 980 988 1013 ad
1022 979 1212 1013 utilitatem
1248 979 1429 1025 publicam
1464 991 1636 1012 exercere
1669 979 1881 1025 arguendus
1919 979 1997 1025 pari
2031 974 2170 1013 ratione

286 1049 443 1083 videtur.
476 1049 569 1082 Sane
598 1047 736 1081 nostris
764 1047 832 1080 suit
860 1046 1011 1080 auribus
1041 1047 1256 1088 intimatum,
1289 1047 1388 1092 quod
1416 1059 1497 1080 cum
1529 1047 1650 1080 divina
1684 1046 1893 1092 benignitas
1927 1046 2170 1092 dilecto-filio

287 1114 462 1161 magistro
490 1114 634 1148 Matheo
660 1113 706 1147 de
733 1114 852 1148 Scotia
877 1114 1030 1147 scientie
1051 1113 1224 1147 talentum
1253 1114 1306 1147 sic
1334 1114 1433 1160 larga
1461 1126 1569 1147 manu
1595 1114 1834 1154 concesserit,
1863 1120 1903 1146 ut
1928 1113 1965 1146 in
1986 1113 2170 1159 theologia

288 1182 421 1216 docere
450 1181 566 1215 valeat
590 1187 698 1227 atque
725 1180 826 1223 velit,
853 1179 1010 1214 dilectus
1031 1180 1130 1214 filius
1154 1207 1175 1213 ..
1201 1180 1442 1214 cancellarius
1475 1180 1695 1214 parisiensis
1712 1181 1722 1199 ⁸
1758 1180 1950 1213 occasione
1981 1180 2169 1225 cujusdam

287 1248 471 1295 privilegii
499 1248 544 1282 de
571 1254 670 1281 certo
701 1259 854 1281 numero
881 1247 1070 1281 doctorum
1099 1247 1285 1293 theologie
1314 1247 1565 1281 habendorum
1592 1247 1753 1280 Parisius
1783 1247 1868 1280 olim
1899 1259 1917 1280 a
1948 1247 2036 1280 sede
2064 1259 2171 1292 apos-

287 1315 395 1350 tolica
424 1315 627 1360 impetrati*
655 1326 737 1348 eum
768 1314 974 1347 cathedram
1002 1314 1248 1359 magistralem
1277 1314 1476 1347 ascendere
1504 1326 1577 1347 non
1608 1314 1794 1359 permittit,
1826 1314 1911 1347 licet
1938 1313 2169 1360 privilegium

287 1382 406 1428 ipsum
434 1393 508 1414 non
533 1380 644 1414 suerit
661 1380 838 1414 hactenus
866 1380 961 1414 sicut
986 1380 1164 1414 asseritur
1190 1380 1363 1413 continue
1391 1379 1636 1414 observatum.
1665 1381 1717 1413 Ne
1742 1380 1855 1426 igitur
1880 1380 1974 1413 idem
1998 1380 2172 1426 magister

286 1448 464 1482 creditum
485 1447 557 1481 sibi
577 1447 751 1480 talentum
772 1446 956 1480 occultare
983 1447 1223 1492 compellatur
1250 1447 1399 1488 invitus,
1429 1447 1526 1492 quod
1555 1447 1591 1479 in
1617 1447 1800 1479 communi
1830 1446 2024 1480 deductum
2048 1447 2171 1480 multis

286 1521 408 1562 potest
436 1527 516 1548 cum
546 1514 772 1548 incremento
802 1514 951 1560 proprio
981 1514 1140 1559 erogari,
1176 1514 1390 1547 discretioni
1421 1520 1542 1547 vestre
1577 1525 1642 1559 per
1675 1513 1875 1559 apostolica
1904 1514 2038 1559 scripta
2072 1525 2172 1546 man-

287 1582 428 1624 damus,
451 1581 623 1627 quatinus
643 1581 856 1627 magistrum
880 1580 1078 1627 diligenter
1099 1581 1313 1614 examinetis
1335 1581 1505 1622 eundem,
1528 1587 1564 1614 et
1583 1581 1613 1614 si
1636 1593 1717 1614 eum
1740 1580 1912 1613 idoneum
1934 1581 2171 1626 reppereritis

286 1649 331 1683 ad
361 1648 566 1683 docendum
596 1648 634 1681 in
663 1647 831 1682 facultate
867 1647 1041 1693 predicta,
1081 1648 1260 1681 moneatis
1294 1647 1549 1681 cancellarium
1586 1654 1836 1689 memoratum,
1873 1654 1913 1680 ut
1945 1647 1981 1680 id
2016 1647 2171 1682 faciendi

287 1715 469 1750 licentiam
491 1715 652 1761 benigne
672 1715 848 1748 concedat
868 1714 999 1748 eidem.
1030 1714 1138 1758 Quod
1165 1715 1196 1748 si
1217 1715 1335 1748 facere
1357 1727 1430 1748 non
1451 1714 1645 1756 curaverit,
1673 1726 1739 1748 vos
1761 1714 1794 1747 ei
1815 1714 2027 1747 auctoritate
2048 1720 2172 1747 nostra

288 1776 439 1816 eandem
460 1782 642 1816 licentiam
664 1781 844 1823 tribuatis,
868 1781 1060 1827 presertim
1089 1781 1121 1814 si
1148 1781 1237 1815 alias
1265 1782 1396 1815 sactum
1418 1781 1485 1815 suit
1508 1788 1632 1815 eontra
1659 1780 1893 1827 privilegium
1920 1786 2169 1814 memoratum.

287 1849 395 1894 Quod
415 1849 447 1883 si
467 1861 541 1883 non
561 1860 703 1891 omnes,
727 1848 799 1882 duo
819 1855 995 1890 vestrum,
1017 1853 1081 1883 etc.
1106 1850 1184 1882 Dat.
1207 1849 1373 1882 Laterani
1393 1849 1450 1894 xvj
1473 1848 1542 1882 kal.
1566 1847 1793 1889 Decembris,
1816 1860 1911 1882 anno
1933 1848 2052 1881 tertio.

381 1948 444 1980 Reg.
460 1947 518 1971 Vat.
535 1947 632 1971 Honor.
650 1947 686 1971 111
702 1955 744 1971 an.
760 1948 783 1975 3,
799 1955 841 1979 ep.
859 1947 913 1976 113,
930 1947 974 1971 fol.
992 1948 1030 1971 25.
1046 1961 1077 1965 -
1091 1947 1200 1973 Notices
1212 1951 1240 1972 et
1251 1948 1374 1972 extraits
1389 1948 1436 1972 des
1453 1953 1530 1976 mss„
1546 1947 1611 1975 XXI,
1628 1948 1651 1975 2,
1667 1955 1693 1979 p.
1712 1947 1765 1970 174.

382 2032 404 2057 1.
421 2032 474 2056 luto
488 2031 616 2064 magister
630 2032 724 2056 Petrus
739 2032 771 2056 de
786 2031 886 2064 Capua,
903 2031 949 2064 qui
963 2031 990 2055 in
1005 2031 1069 2063 Reg.
1086 2032 1143 2055 Vat.
1161 2040 1212 2055 non
1227 2031 1270 2055 hic
1285 2032 1372 2055 solum
1387 2031 1547 2059 nominatur,
1564 2031 1669 2055 videtur
1683 2039 1742 2055 esse
1757 2031 1826 2055 idem
1841 2040 1901 2054 cum
1917 2034 2022 2055 auctore
2039 2032 2173 2056 Summae

286 2085 368 2109 nuper
387 2076 458 2101 libro
479 2076 669 2100 sententiarum
694 2084 764 2108 mag.
781 2076 851 2100 Petri
871 2076 1014 2100 Lombardi
1030 2077 1126 2106 (Monte
1149 2076 1245 2100 Casino
1267 2085 1330 2100 mss.
1355 2077 1400 2100 :354
1423 2080 1448 2100 et
1464 2077 1518 2100 1275.
1542 2076 1718 2108 Montpellier,
1739 2068 1811 2100 BibL
1825 2077 1857 2100 de
1876 2076 1967 2100 l'ecolc
1982 2076 2014 2099 dc
2030 2075 2171 2104 medecina,

286 2125 317 2145 n⁰
335 2122 399 2151 3¹10).
416 2121 480 2145 Post
498 2121 690 2145 dedicationem
709 2122 806 2145 factam
821 2121 891 2145 dom.
908 2121 1034 2146 Gualtero
1054 2121 1241 2145 Panormitano
1258 2121 1459 2153 archiepiscopo
1474 2121 1525 2153 (an.
1543 2121 1692 2153 1201-1202)
1707 2121 1816 2152 incipit:
1830 2120 2039 2144 «Vetustissima
2054 2123 2171 2144 veterum

286 2165 463 2195 comederitis,
483 2168 509 2190 et
526 2165 603 2190 novis
623 2165 871 2198 supervenientibus
891 2169 980 2190 vetera
999 2165 1120 2190 abicietis
1136 2173 1158 2189 n.
1182 2167 1196 2190 7
1216 2166 1268 2190 kal.
1286 2165 1347 2190 Maii
1367 2174 1409 2190 an.
1431 2167 1453 2190 3,
1475 2167 1514 2198 (25
1534 2166 1617 2198 April,
1639 2165 1709 2198 1219)
1724 2169 1828 2189 creatus
1851 2168 1891 2189 est
1913 2165 2006 2189 Petrus
2028 2165 2060 2189 do
2081 2165 2171 2197 Capua

286 2209 440 2242 patriarcha
462 2209 648 2234 Antiochenuo.
673 2210 737 2242 neg.
762 2210 820 2234 Vat.
837 2210 947 2234 noum-ii
970 2211 1007 2234 111
1032 2219 1074 2234 an.
1091 2211 1115 2239 3,
1130 2219 1172 2243 ep.
1189 2211 1286 2234 417.-
1300 2211 1322 2234 2.
1340 2211 1394 2234 Isto
1418 2218 1487 2234 anno
1511 2210 1538 2234 in
1562 2210 1718 2242 episcopum
1742 2210 1929 2234 Lexoviensem
1952 2210 2051 2233 electus
2074 2212 2122 2233 est.
2141 2222 2172 2227 -—

287 2255 311 2279 8.
326 2253 468 2287 Philippu·
482 2254 515 2278 de
529 2254 623 2283 Greve,
639 2254 684 2287 qui
698 2254 726 2278 in
740 2257 898 2279 testamento
913 2255 983 2279 Petri
998 2254 1117 2287 episcopi
1132 2255 1292 2279 Parisienuia
1310 2263 1378 2278 anno
1394 2255 1455 2279 1218
1470 2263 1560 2279 menso
1574 2254 1653 2279 Junio
1668 2255 1787 2278 consecto
1802 2254 1870 2278 inter
1885 2262 1931 2278 sex
1950 2253 2171 2285 eleemosynarios

287 2298 448 2324 nominatur.
464 2298 503 2323 Cf.
524 2298 633 2328 nubois,
648 2299 721 2324 Hist.
739 2299 804 2324 eccl.
818 2299 914 2324 Paris.
936 2299 969 2328 ΙΙ,
986 2300 1039 2323 265.
1061 2299 1125 2332 Ejus
1145 2302 1249 2324 exstant
1268 2299 1391 2324 Summa
1406 2303 1515 2331 quaest.
1529 2299 1622 2330 theol„
1640 2298 1715 2331 cujus
1735 2298 1840 2322 initium
1857 2306 1863 2323 z
1881 2307 1893 2321 «
1909 2299 2009 2322 Vadam
2030 2298 2055 2321 in
2075 2306 2170 2330 ugrum

287 2346 314 2367 et
327 2343 452 2375 colligam
477 2343 565 2375 :piens
581 2351 593 2366 a
614 2342 692 2375 (Bibl.
709 2343 736 2367 S.
757 2343 862 2367 Antonii
881 2343 999 2367 Paduani
1019 2351 1084 2368 mss.
1101 2344 1156 2372 156,
1177 2344 1236 2372 mm
1258 2343 1326 2367 Bibl.
1348 2347 1402 2367 nat.
1423 2344 1508 2368 Paris.
1530 2344 1615 2372 15749,
1636 2343 1705 2375 etc),
1726 2343 1875 2371 Sermones,
1892 2343 2025 2371 Poemnta,
2041 2345 2089 2366 otc.
2106 2341 2170 2366 Vide

288 2387 372 2420 Lecoy
393 2388 426 2412 de
446 2387 473 2411 la
495 2387 609 2416 Barcha,
624 2387 667 2412 La
681 2387 777 2412 chaire
795 2387 940 2419 rrafncaise
958 2395 1001 2413 aa
1018 2395 1122 2420 moyen
1141 2389 1202 2419 aye,
1219 2389 1244 2412 2·
1265 2389 1316 2417 ed„
1333 2397 1359 2420 p.
1376 2389 1416 2417 96,
1439 2389 1493 2412 524.
1516 2388 1581 2412 Paul
1603 2388 1699 2420 Meyer,
1723 2387 1749 2411 in
1771 2387 1858 2412 Arch.
1874 2388 1922 2412 des
1937 2386 2082 2416 Missions,
2099 2380 2169 2414 1866,

287 2432 318 2461 B,
334 2432 380 2461 ΙΙΙ,
397 2433 443 2456 253
461 2440 519 2464 nqq.
536 2431 692 2461 Romania,
708 2432 778 2461 1872,
795 2432 815 2461 1,
831 2432 885 2456 193.
902 2432 1056 2464 Philippum
1076 2432 1202 2456 laudibus
1221 2432 1323 2456 extollit
1338 2432 1482 2464 Gregorius
1499 2433 1540 2456 lx.
1558 2432 1622 2456 vide
1637 2432 1706 2456 infra
1721 2435 1759 2455 n⁰⁸
1773 2433 1812 2459 96.
1829 2432 1867 2455 97.
1885 2431 1958 2456 Obiit
1973 2432 2002 2455 23
2022 2431 2081 2456 Dec.
2099 2431 2168 2455 1236.

288 2476 352 2501 Vide
367 2476 466 2506 Voluit,
484 2476 649 2502 Guillaume
663 2476 855 2508 d'Auverone,
870 2485 897 2509 p.
914 2477 953 2506 ³¹1,
969 2481 999 2500 n⁰
1013 2478 1036 2500 2.
1051 2490 1084 2495 —
1097 2478 1120 2501 Ii.
1137 2477 1176 2501 cf.
1193 2477 1296 2501 litteras
1312 2477 1456 2501 innnocentii
1472 2477 1508 2501 ΙΙΙ
1524 2485 1606 2508 supra
1621 2481 1650 2500 n⁰
1664 2479 1686 2500 5.

289 2670 368 2708 28.
391 2678 564 2716 Radulphus
583 2679 831 2716 poenitentiarius
844 2689 944 2717 papae
963 2680 1086 2707 Honor-ii
1106 2689 1159 2707 sex
1173 2679 1264 2706 dubia
1280 2679 1415 2707 Menendi
1431 2681 1458 2707 S.
1483 2679 1602 2707 Victoris
1624 2679 1757 2706 canonici
1778 2682 1806 2706 et
1825 2679 2047 2716 paenitentiarii
2062 2679 2091 2705 in
2105 2680 2169 2714 soro

373 2727 583 2766 paenitentiae,
607 2728 776 2765 specialiter
797 2729 897 2765 quoad
919 2729 1091 2763 facultatem
1119 2729 1157 2755 ab
1181 2730 1346 2756 Innocentio
1371 2730 1416 2755 111
1437 2728 1539 2755 datam
1560 2727 1728 2755 absolvendi
1750 2728 1934 2756 Parisienscs
1961 2728 2114 2763 magistros
2142 2732 2169 2755 ct

377 2776 524 2804 scholam
536 2781 657 2814 propter
671 2778 850 2814 injectionem
866 2786 1001 2804 manuum
1017 2778 1046 2805 in
1061 2778 1190 2814 clericos,
1207 2778 1299 2805 solvit.

1614 2827 1687 2854 δίκα
1701 2835 1740 2854 an.
1758 2827 1829 2854 me.

379 2914 546 2948 Discreto
574 2914 653 2949 viro
682 2915 720 2949 in
748 2915 896 2951 Christo
926 2915 997 2950 sibi
1027 2915 1218 2950 carissimo
1247 2916 1347 2950 fratri
1377 2915 1580 2950 Menendo'
1613 2915 1733 2950 Sancti
1761 2914 1921 2949 Victoris
1951 2914 2167 2948 Parisiensis

289 2980 466 3015 canonico
486 2987 521 3015 et
541 2981 797 3027 penitentiario
817 2983 928 3017 frater
947 2982 1182 3029 Radulphus¹
1201 2982 1340 3018 domini
1361 2994 1452 3028 pape
1473 2982 1750 3028 penitentiarius
1771 2981 1923 3015 salutem
1942 2980 1978 3014 in
1998 2980 2165 3014 Domino.
