2580 3528
485 395 552 428 358
1069 405 1386 428 cuAa'rULAninM
1423 406 1612 428 UNivssas.
1650 406 1777 428 rmus.
2264 397 2361 438 [1257

487 479 589 510 depart.
608 479 681 503 dela
701 479 843 503 cote—d‘Or
858 479 963 511 (Dijon),
980 480 1056 502 fonds
1073 479 1261 507 Dominicains,
1277 479 1357 503 liasse
1376 481 1423 502 930
1443 480 1484 510 (H.
1505 484 1533 502 n⁰
1554 480 1604 510 53).
1624 480 1690 503 Ibid.
1712 480 1822 505 cartul.
1845 480 1890 503 des
1911 480 2097 508 Dominicuins,
2120 481 2150 505 Η.
2171 481 2224 509 221,
2246 481 2289 506 rol.
2306 480 2362 505 57¹³.

488 523 551 547 Cod.
569 524 709 547 Rutenens.
726 523 835 547 Constit.
853 523 915 547 Ord.
932 524 1026 547 Praed.
1041 524 1073 546 ad
1090 523 1152 547 Ord.
1169 523 1312 554 pertinens,
1329 532 1355 555 p.
1372 525 1425 547 229.
1443 524 1565 550 Bulaeus.
1583 524 1628 551 111.
1645 525 1699 548 339.

487 727 600 764 311.
625 736 798 762 Ilumbertus
823 737 961 770 magister
983 736 1110 770 general.
1138 736 1204 762 Ord.
1226 736 1331 762 Praed.
1355 736 1521 761 consolatur
1544 737 1654 770 fratres
1675 745 1742 762 suos
1764 736 1800 762 de
1822 737 2008 764 tribulatione
2032 739 2156 766 maxime
2177 740 2205 766 in
2226 740 2362 776 partibus

574 785 731 820 gallicanis
746 785 823 810 cir-ca
838 786 969 811 Parisios
983 789 1173 819 gravescente.
1195 785 1377 811 Commendat
1395 793 1514 820 papam,
1534 794 1626 819 regem
1647 789 1674 810 et
1694 785 1874 811 cardinalem
1888 787 2034 821 nugonem
2049 788 2191 824 speciales
2211 789 2319 815 amicos
2333 793 2362 815 et

576 834 752 868 defensores.

1621 870 1698 898 1257.
1714 878 1735 896 c.
1752 870 1829 896 finem
1843 872 1908 901 Mati.
1923 872 2074 899 Florentino.

576 944 725 977 Dilectis
756 944 791 975 in
821 944 885 976 Dei
914 943 1003 976 Filio
1031 943 1203 977 fratribus
1232 944 1526 977 Predicatoribus
1553 944 1736 977 universis
1761 945 1804 978 fr.
1834 945 2055 979 Humbertus
2080 959 2209 981 servus
2234 959 2358 981 eorum

484 1010 624 1043 inutilis
655 1023 733 1042 cum
766 1010 999 1043 revelationis
1031 1010 1258 1054 plenitudine
1287 1010 1528 1055 spiritualium
1558 1011 1706 1056 gratiam
1736 1012 1965 1056 gaudiorum.
1994 1013 2173 1057 Quamdiu
2202 1015 2360 1060 peregri-

484 1088 611 1109 namur
640 1077 676 1108 in
706 1075 770 1109 hac
802 1076 895 1109 valle
926 1076 1084 1111 tristitie.
1117 1076 1253 1109 mutuis
1285 1076 1321 1109 in
1353 1076 1499 1110 Christo
1530 1077 1844 1111 consolationibus
1877 1091 1944 1112 nos
1976 1079 2130 1113 invicem
2164 1081 2359 1114 confovere

484 1143 673 1180 dehemus,
706 1149 744 1175 ut
774 1143 868 1175 inter
896 1143 967 1175 vite
999 1149 1033 1175 et
1062 1142 1119 1175 vie
1149 1142 1259 1187 hujus
1289 1143 1481 1177 varietates
1511 1144 1548 1176 in
1574 1143 1656 1177 loeo
1685 1145 1991 1190 peregrinationis
2019 1153 2143 1180 nostre
2171 1159 2243 1180 non
2271 1147 2360 1182 defi-

482 1211 632 1247 ciamus,
661 1209 726 1242 sed
753 1216 938 1242 cantantes
966 1210 1003 1241 in
1030 1209 1098 1242 viis
1128 1209 1272 1242 Domini
1302 1209 1364 1243 leti
1393 1217 1535 1255 ceptum
1566 1210 1634 1244 iter
1659 1211 1702 1244 ad
1727 1212 1898 1256 patriam⁴
1927 1212 2102 1257 perficere
2128 1201 2357 1248 sestInemus.

482 1277 536 1309 Ad
565 1276 660 1321 quod
693 1283 790 1309 tanto
819 1288 874 1308 me
902 1283 1030 1321 reputo
1057 1276 1163 1309 vobis
1191 1277 1308 1322 magis
1337 1276 1548 1318 obnoxium,
1575 1284 1710 1322 quanto
1738 1290 1794 1311 me
1821 1278 1949 1312 ducem
1977 1280 2090 1313 vestri
2118 1280 2260 1314 itineris
2285 1281 2359 1315 ele-

480 1344 598 1389 gistis,
629 1350 664 1376 et
690 1355 747 1376 me
773 1355 884 1388 super
908 1355 973 1376 vos
1001 1343 1157 1376 officium
1185 1344 1309 1377 matris
1330 1344 1555 1380 consolantis
1575 1344 1672 1377 filios
1698 1345 1816 1378 sentio
1843 1346 2065 1391 suscepisse.
2094 1347 2214 1389 Certe,
2244 1347 2359 1383 karis-

480 1411 575 1451 simi,
604 1409 948 1455 philosophantibus
977 1410 1012 1442 in
1039 1410 1178 1443 naturis
1204 1410 1318 1456 liquet
1343 1410 1452 1451 clare,
1475 1411 1572 1456 quod
1599 1412 1773 1457 quicquid
1799 1419 1855 1446 est
1879 1412 1948 1446 sub
1969 1413 2061 1453 celo,
2084 1413 2146 1446 ubi
2167 1421 2282 1449 status
2302 1422 2360 1450 est

480 1477 685 1517 uniformis,
707 1477 852 1510 vanitati
875 1476 1039 1521 subjacet
1060 1484 1095 1510 et
1115 1477 1151 1509 in
1173 1484 1304 1510 statum
1332 1478 1484 1511 alterum
1511 1478 1615 1511 facile
1641 1485 1878 1524 permutatur,
1906 1480 2000 1513 sicut
2025 1480 2061 1513 in
2082 1492 2164 1514 aere
2185 1493 2281 1515 nunc
2302 1489 2359 1516 est

479 1545 595 1589 quies,
627 1556 723 1577 nunc
755 1543 996 1588 perturl)atio;
1026 1544 1063 1576 in
1092 1544 1198 1577 terris
1227 1557 1323 1577 nunc
1351 1545 1561 1590 temperies,
1593 1558 1689 1578 nunc
1720 1546 1871 1591 spiritus
1902 1547 2164 1592 procellarum3
2201 1548 2238 1581 in
2268 1549 2357 1583 mari

479 1623 624 1656 quoque
658 1623 753 1643 nunc
780 1610 1033 1655 tranquillitas,
1064 1623 1160 1644 nunc
1190 1618 1399 1657 tempestas.
1434 1613 1695 1646 Pei-currentes
1722 1619 1866 1646 veteres
1895 1614 2050 1659 ystorias
2080 1614 2224 1660 legistis
2259 1615 2357 1660 quod

482 1678 545 1711 Dei
577 1678 734 1723 populus
765 1690 836 1710 non
867 1678 903 1710 in
935 1678 1063 1711 eodem
1095 1685 1188 1711 statu
1220 1679 1431 1723 permansit,
1464 1679 1528 1712 sed
1560 1691 1656 1712 nunc
1691 1679 1880 1722 exaltatus,
1917 1693 2012 1713 nunc
2047 1681 2224 1726 dejectus,
2260 1694 2356 1716 nunc

479 1746 688 1790 permotus²
718 1745 830 1777 extitit
858 1744 1121 1790 multipliciter,
1151 1757 1247 1778 nunc
1273 1745 1441 1779 afflictus.
1472 1746 1681 1791 Recogitate
1708 1753 1837 1780 statum
1861 1747 2015 1780 ecclesie
2044 1754 2079 1781 et
2103 1759 2354 1793 progressum.

478 1813 606 1844 Nonne
632 1818 667 1844 et
691 1812 767 1856 ipsa
795 1823 859 1857 per
885 1823 1059 1857 prospera
1086 1819 1122 1845 et
1146 1812 1297 1845 adversa
1324 1812 1394 1845 sibi
1415 1813 1588 1846 continue
1610 1813 1843 1847 succedentia
1868 1813 2058 1859 hucusque
2080 1815 2274 1859 pervenit?
2297 1815 2355 1850 Sic

478 1878 577 1911 Ordo
600 1885 725 1911 noster
752 1878 787 1910 in
816 1878 914 1911 omni
942 1878 1023 1911 loco
1052 1879 1117 1911 Dei
1146 1879 1243 1912 dono
1272 1879 1407 1912 dudum
1436 1886 1625 1925 promotus
1651 1886 1687 1913 et
1710 1892 1791 1913 cum
1817 1880 1915 1913 omni
1941 1880 2039 1914 felici
2066 1892 2241 1915 successu
2268 1881 2355 1916 sub-

477 1957 662 1984 crescens,
685 1952 767 1990 post
788 1945 1056 1978 roborationem
1084 1952 1119 1979 et
1144 1946 1348 1979 firmitatem
1376 1947 1618 1980 omnimodam
1646 1953 1847 1980 assecutam
1875 1947 2063 1992 expositus
2088 1954 2145 1981 est
2167 1947 2239 1982 hiis
2265 1955 2354 1982 tem-

478 2011 629 2056 poribus
654 2011 952 2045 tribulationibus
978 2012 1014 2044 in
1046 2012 1263 2057 quibusdam
1292 2013 1520 2058 regionibus,
1549 2020 1584 2047 et
1608 2014 1759 2046 maxime
1785 2014 1822 2046 in
1849 2013 2014 2059 partibus
2042 2013 2232 2059 gallicanis
2258 2015 2353 2050 cirea

478 2079 652 2120 Parisius,
679 2091 835 2123 superna
862 2079 1020 2124 idipsum
1050 2080 1278 2124 providentia
1307 2080 1526 2125 disponente
1551 2081 1587 2113 in
1614 2080 1748 2114 bonum
1776 2087 1954 2122 nostruin,
1986 2088 2025 2114 ut
2051 2080 2100 2113 ibi
2129 2082 2355 2126 permitteret

477 2145 554 2178 fieri
576 2145 783 2178 conflictum
806 2146 1023 2191 graviorem,
1051 2146 1112 2179 ubi
1138 2147 1252 2191 major
1277 2154 1310 2179 et
1337 2147 1466 2180 melior
1493 2154 1616 2180 nostra
1643 2147 1769 2180 militia
1794 2147 1838 2180 de
1860 2147 2017 2181 diversis
2043 2148 2168 2181 mundi
2189 2148 2352 2194 partibus

475 2219 708 2257 congregata,
736 2213 834 2245 omni
859 2219 1036 2255 armatura
1062 2212 1265 2254 abundans,
1294 2214 1467 2247 resistere
1495 2214 1610 2259 possit
1633 2214 1790 2247 validius
1811 2214 2043 2256 adversariis,
2072 2215 2246 2260 ipsosque
2266 2215 2353 2249 viri-

476 2278 546 2310 lius
573 2279 798 2324 impugnare.
830 2279 948 2312 Nolite
976 2291 1065 2325 ergo
1095 2292 1174 2322 vos,
1202 2280 1317 2313 eterni
1349 2281 1448 2325 regis
1476 2281 1620 2314 Domini
1648 2281 1846 2326 majestatis
1871 2288 1906 2314 et
1933 2281 1999 2314 Dei
2029 2281 2183 2314 Sabaoth
2211 2281 2351 2315 strenui

475 2344 684 2387 bellatores,
707 2346 832 2387 nolite,
855 2346 1015 2391 inquam,
1038 2346 1173 2388 mirari,
1196 2347 1227 2379 si
1249 2347 1526 2392 persecutiones
1547 2359 1660 2381 novas
1681 2354 1716 2381 et
1735 2348 1989 2381 tribulationes
2010 2348 2243 2398 inconsuetas
2267 2359 2351 2382 sen-

474 2411 549 2444 titis
628 2412 822 2445 Salvatoris
843 2413 1034 2446 clementia
1055 2414 1221 2455 faciente,
1245 2414 1306 2459 qui
1327 2426 1407 2446 cum
1430 2414 1627 2447 tentatione
1648 2414 1732 2447 facit
1751 2421 1950 2460 proventus
1972 2421 2007 2448 et
2027 2415 2071 2448 de
2093 2414 2196 2448 malis
2217 2414 2350 2450 elicere

475 2477 567 2510 bona
601 2479 713 2520 novit,
749 2479 910 2524 predicte
946 2486 1198 2513 momentanee
1235 2480 1488 2514 tribulationes
1523 2481 1567 2514 ad
1604 2481 1719 2514 nostri
1754 2482 1955 2526 profectum
1992 2481 2142 2515 Ordinis
2171 2481 2349 2523 accident,

475 2551 681 2577 sacrosanta
716 2547 873 2578 Romana
909 2546 1063 2580 ecclesia
1099 2547 1210 2580 totius
1245 2547 1345 2580 orbis
1377 2548 1547 2593 magistra
1579 2548 1823 2593 predictarum
1858 2548 2049 2589 occasione
2088 2547 2347 2592 profectionem

475 2610 592 2654 ipsius
623 2611 828 2645 evidentius
860 2613 1066 2646 declarante
1094 2620 1129 2646 et
1157 2621 1286 2647 statum
1316 2614 1458 2647 firmum
1489 2614 1697 2656 roborante,
1727 2615 1946 2648 adversariis
1974 2614 2110 2647 nostris
2138 2614 2349 2648 multimoda

474 2676 688 2709 confusione
710 2679 885 2719 confusis,
909 2679 1159 2713 illustrissimo
1186 2692 1273 2725 rege
1302 2682 1536 2722 Francorum,
1559 2681 1824 2726 specialissimo
1846 2681 1961 2714 nostri
1983 2680 2132 2714 Ordinis
2158 2679 2347 2723 dilectore,

474 2741 582 2774 immo
618 2744 727 2776 totius
761 2745 922 2778 veritatis
961 2747 1231 2780 ferventissimo
1271 2747 1439 2787 zelatore,
1481 2748 1653 2781 continue
1693 2747 1801 2781 nobis
1840 2754 1876 2780 et
1915 2747 2107 2780 efficaciter
2139 2747 2345 2781 assistente.

473 2808 629 2841 Proinde
651 2810 758 2843 tantis
779 2812 989 2855 patrociniis
1016 2825 1089 2846 non
1115 2814 1260 2859 ingrati,
1289 2826 1354 2859 pro
1381 2814 1434 2847 eis
1460 2821 1558 2847 orate
1585 2814 1728 2856 devote,
1756 2820 1791 2847 et
1815 2813 2079 2859 specialissime
2105 2826 2170 2859 pro
2198 2813 2347 2848 domino

472 2886 562 2921 papa
587 2874 796 2910 beatissimo
822 2885 959 2921 nostre,
987 2880 1091 2924 cujus
1119 2879 1331 2926 benignatio
1353 2881 1395 2913 ad
1425 2880 1598 2914 Ordinem
1627 2881 1686 2914 vix
1710 2880 1863 2926 exprimi
1890 2880 2015 2926 lingua
2041 2887 2178 2926 posset.
2206 2881 2346 2915 Deinde

471 2948 652 2985 superest,
678 2943 817 2984 fratres,
852 2951 889 2977 ut
914 2945 949 2978 in
978 2946 1148 2979 omnibus
1176 2946 1310 2991 gratias
1338 2953 1488 2991 agentes
1517 2947 1632 2980 simus
1662 2947 1699 2980 in
1734 2946 2053 2992 persecutionibus
2084 2947 2274 2992 patientes,
2311 2953 2347 2982 et
