2580 3528
454 394 520 426 356
1038 403 1358 425 CHARTULARIUM
1394 403 1584 425 uulvans.
1621 403 1749 425 Panis.
2233 393 2331 434 [1257

455 477 715 510 contumatium
742 489 853 511 ausus
875 477 1082 522 justissime
1109 477 1284 510 cohiberi.
1312 479 1425 510 Porro
1454 489 1519 522 per
1543 477 1611 510 hoc
1637 477 1737 522 quod
1762 477 1890 523 prefati
1917 477 2081 523 magistri
2109 484 2145 511 et
2171 476 2333 511 scolares

455 544 499 577 ab
535 544 779 578 Universitate
811 544 1029 577 Parisiensis
1064 544 1175 578 studii
1205 544 1406 577 recessisse
1441 544 1631 588 ipsiusque
1666 544 1870 589 privilegiis
1902 544 2134 578 renuntiasse
2163 543 2335 577 dicuntur

457 611 702 645 excusationis
728 623 793 645 sue
817 612 971 644 intentio
996 623 1069 644 non
1089 612 1249 656 juvatur,
1277 623 1357 644 cum
1385 617 1539 652 constet,
1567 622 1631 643 eos
1656 610 1693 643 in
1719 610 1923 644 elusionem
1949 611 2107 644 mandati
2127 610 2332 656 apostolici,

458 678 555 722 quod
578 679 651 723 jam
680 678 724 710 de
755 678 834 723 ipsa
863 678 1091 710 ordinatione
1120 677 1296 711 servanda
1325 677 1489 709 notitiam
1519 688 1644 709 eorum
1673 677 1852 722 attigerat,
1883 677 1921 710 id
1947 677 2199 723 fecisse.·lpsi
2227 678 2332 710 etiam

457 744 718 778 nichilominus
747 745 907 778 Parisius
935 751 1164 777 remanentes
1195 743 1306 776 studii
1334 743 1517 777 scolastici
1546 742 1848 788 occupationibus
1878 743 2150 786 incumbebant,
2178 743 2264 777 licet
2289 744 2335 777 ad

458 818 601 856 tempus
622 818 738 844 actum
760 811 908 856 legendi
928 817 1045 843 astute
1067 810 1299 855 cogitationis
1321 809 1477 843 consilio
1500 810 1731 854 postmodum
1758 809 1997 843 dimisissent.
2026 810 2131 844 Unde
2156 810 2201 844 ad
2221 822 2335 844 remo-

458 878 615 913 vendum
644 877 805 922 pallium,
835 877 932 922 quod
961 877 1031 910 sibi
1057 889 1100 909 ex
1127 876 1337 920 hujusmodi
1363 876 1574 909 recessione
1601 888 1640 909 ac
1667 876 1935 910 renuntiatione
1963 877 2196 922 pretendunt,
2225 876 2336 910 abne-

458 951 586 990 gantes
621 944 756 985 verbis,
792 944 890 988 quod
925 943 1099 988 operibus
1134 942 1362 988 profitentur,
1399 954 1527 976 omnes
1563 943 1759 988 magistros
1793 949 1829 976 et
1863 943 2038 984 scolares,
2078 943 2141 988 qui
2174 943 2336 977 Parisius

458 1011 622 1044 doctrine
656 1010 714 1043 vel
748 1010 942 1055 discipline
976 1010 1108 1043 studiis
1139 1021 1178 1042 se
1213 1016 1396 1051 exercent,
1432 1009 1674 1055 intelligimus
1709 1016 1745 1042 et
1777 1009 1934 1055 intelligi
1968 1010 2138 1043 volumus
2170 1009 2335 1055 ejusdem

460 1077 714 1111 Universitatis
753 1077 952 1115 consortio,
993 1077 1069 1109 sive
1110 1076 1207 1108 illam
1246 1075 1485 1121 profiteantur
1524 1076 1601 1109 sive
1641 1076 1839 1122 abnegent,
1879 1076 2072 1110 contineri.
2112 1077 2187 1110 Nos
2224 1076 2338 1122 igitur

459 1143 642 1184 omnibus,
673 1155 743 1188 quc
774 1155 885 1188 super
917 1143 1107 1188 premissis
1137 1154 1257 1175 coram
1288 1142 1395 1176 nobis
1425 1143 1527 1175 fuere
1557 1143 1757 1188 proposita,
1788 1142 1934 1188 plenius
1962 1142 2158 1176 intellectis
2185 1154 2337 1176 excusa—

458 1211 576 1243 tiones
603 1216 638 1242 et
663 1209 902 1255 allegationes
930 1209 1129 1254 premissas
1156 1221 1196 1242 ac
1223 1209 1488 1254 appellationes
1513 1221 1763 1255 quascumque
1792 1210 2050 1255 magistrorum
2078 1216 2114 1243 et
2142 1209 2336 1243 scolarium

458 1277 703 1322 predictorum
733 1283 899 1321 tanquam
929 1276 1122 1318 elusorias,
1151 1276 1293 1321 ineptas
1322 1282 1357 1309 et
1380 1275 1529 1310 frivolas
1555 1276 1600 1309 de
1625 1277 1773 1310 fratrum
1802 1283 2010 1310 nostrorum
2036 1276 2192 1309 consilio
2218 1275 2338 1321 repel-

457 1344 575 1377 lentes
603 1343 868 1376 sententialiter
895 1343 1140 1384 decernimus,
1173 1343 1439 1376 ordinationem
1468 1343 1691 1388 sepedictam
1722 1350 1757 1376 et
1785 1343 1905 1376 omnia
1937 1355 2007 1388 que
2037 1343 2271 1376 continentur
2299 1343 2337 1376 in

458 1411 548 1455 ipsa,
578 1410 843 1455 compositione
871 1416 907 1442 et
933 1409 1014 1443 aliis
1042 1410 1079 1442 in
1107 1410 1328 1443 contrarium
1359 1409 1525 1455 allegatis
1555 1422 1784 1455 nequaquam
1815 1409 2059 1450 obstantibus,
2091 1409 2135 1443 ab
2165 1408 2337 1442 omnibus

458 1477 642 1523 magistris
673 1484 708 1510 et
734 1476 937 1509 scolaribus
967 1477 1129 1510 Parisius
1159 1476 1402 1510 existentibus
1431 1483 1597 1510 cessante
1628 1477 1915 1510 contradictione
1943 1476 2105 1522 qualibet
2131 1476 2274 1522 integre
2301 1482 2338 1510 et

458 1544 717 1578 inviolabiliter
744 1544 943 1585 observari,
973 1550 1009 1576 et
1034 1543 1233 1588 apostolica
1261 1543 1437 1589 rescripta
1464 1556 1534 1589 que
1562 1555 1673 1588 super
1701 1544 1818 1589 ipsius
1849 1543 2092 1577 ordinationis
2121 1543 2336 1577 executione

458 1611 515 1644 vel
541 1611 795 1644 observatione
822 1610 1052 1655 processisse
1077 1617 1280 1643 noscuntur
1305 1610 1439 1643 habere
1466 1611 1523 1644 sui
1549 1609 1694 1643 roboris
1719 1610 1936 1644 firmitatem.
1964 1611 2120 1655 lnsu'per
2144 1609 2336 1643 adiciendo

459 1678 650 1711 statuimus
678 1684 717 1710 ut
744 1677 903 1710 scolares
935 1689 1063 1710 omnes
1088 1684 1157 1711 tam
1183 1677 1349 1723 religiosi
1377 1677 1421 1710 de
1449 1677 1671 1723 prelatorum
1697 1689 1847 1710 suorum
1874 1677 2020 1710 licentia
2041 1677 2202 1710 Parisius
2222 1676 2337 1723 gratia

459 1745 570 1778 studii
597 1744 834 1790 quandolibet
860 1751 1140 1785 commorantes,
1172 1757 1278 1789 quam
1304 1745 1409 1778 etiam
1439 1744 1624 1778 seculares
1652 1744 1873 1789 ubicumque
1904 1744 2087 1778 voluerint
2115 1743 2337 1777 lectionibus

458 1812 515 1845 vel
536 1811 846 1857 predicationibus
867 1811 1060 1857 audiendis
1081 1812 1158 1845 sive
1179 1811 1436 1856 questionibus
1458 1811 1689 1856 disputandis
1709 1796 1825 1844 libere
1845 1810 1988 1845 valeant
2008 1811 2202 1853 interesse,
2225 1817 2337 1856 utque

459 1886 527 1911 tam
549 1878 819 1911 predicatorum
846 1891 951 1923 quam
974 1879 1155 1911 Minorum
1177 1878 1355 1911 Ordinum
1381 1878 1511 1911 fratres
1538 1885 1574 1911 et
1597 1877 1762 1923 religiosi
1787 1877 1862 1919 alii,
1884 1877 1946 1922 qui
1972 1889 2038 1922 pro
2060 1883 2222 1922 tempore
2244 1877 2337 1910 Pari-

459 1945 536 1978 sius
562 1945 731 1978 doctores
756 1946 892 1978 fuerint
917 1946 954 1978 in
984 1945 1189 1990 theologica
1216 1944 1397 1986 facultate,
1426 1957 1466 1977 ac
1494 1944 1655 1978 scolares
1683 1944 1846 1989 ipsorum
1872 1944 1910 1976 in
1935 1943 2158 1985 societatem,
2186 1954 2337 1977 consor-

460 2011 547 2044 tium
578 2018 613 2044 et
641 2011 837 2056 collegium
868 2011 1020 2044 aliorum
1052 2011 1309 2056 magistrorum
1339 2018 1374 2044 et
1403 2010 1598 2044 scolarium
1630 2010 1889 2043 Parisiensium
1921 2009 2143 2055 recipiantur
2173 2008 2336 2054 plenarie

460 2090 676 2123 semperque
712 2078 748 2111 in
782 2079 835 2111 eis
871 2078 1063 2111 efficaciter
1097 2077 1308 2111 habeantur.
1341 2077 1439 2110 Nulli
1470 2089 1573 2123 ergo,
1603 2082 1683 2119 etc.,
1715 2084 1840 2110 nostre
1873 2076 2054 2110 sententie
2086 2087 2126 2109 ac
2160 2075 2338 2109 constitu*

460 2145 582 2186 tionis,
604 2150 668 2178 etc.
692 2145 728 2178 Si
750 2145 831 2190 quis
852 2152 984 2186 autem,
1006 2150 1069 2178 etc.
1093 2146 1171 2178 Dat.
1195 2144 1360 2177 Laterani
1381 2144 1432 2189 iiij
1455 2144 1504 2177 id.
1529 2144 1627 2185 Maii,
1650 2143 1882 2189 pontificatus
1903 2143 2020 2176 nostri
2041 2154 2136 2176 anno
2157 2142 2277 2176 tertio.
2327 2162 2330 2166 .

553 2238 608 2261 Duo
623 2238 764 2269 originalia
784 2238 811 2261 in
831 2238 907 2261 Areh.
930 2242 982 2262 nat.
1004 2238 1087 2261 Paris.
1110 2238 1136 2261 L.
1162 2238 1216 2266 251,
1234 2238 1267 2260 η’ιι
1289 2238 1332 2261 138
1351 2241 1377 2260 et
1393 2238 1445 2260 139.
1469 2238 1497 2261 In
1519 2240 1629 2268 utroque
1644 2237 1717 2260 bullu
1731 2237 1857 2268 plumbea
1873 2237 1925 2260 filis
1941 2236 2017 2260 serie.
2034 2235 2096 2260 ssavi
2111 2239 2137 2259 et
2150 2235 2226 2259 rubei
2241 2235 2337 2259 coloris

459 2283 626 2314 appenditur.
647 2284 676 2306 ln
698 2287 773 2315 purte
787 2283 910 2307 inferiore
930 2283 1099 2307 membranae
1118 2286 1204 2306 rectae
1220 2291 1225 2306 :
1244 2292 1255 2306 (ι
1272 2283 1303 2307 R.
1318 2283 1389 2306 Pluc.
1405 2290 1417 2305 »
1426 2290 1432 2311 ;
1448 2282 1542 2305 deinde
1557 2282 1583 2305 in
1599 2286 1628 2305 n⁰
1648 2282 1693 2305 138
1708 2290 1714 2305 2
1733 2290 1744 2305 α
1760 2282 1811 2305 Pro
1826 2281 1955 2313 magistro
1969 2280 2086 2313 Milo[ne]
2101 2289 2123 2304 ».
2140 2281 2170 2305 Iu
2184 2280 2339 2304 membrana

460 2336 552 2350 aversa
572 2328 710 2350 amborum
726 2336 731 2351 t
751 2337 762 2351 (t
778 2328 975 2351 Predicntorum
992 2336 1015 2351 ι).
1029 2341 1057 2345 -
1074 2328 1138 2359 Reg.
1154 2328 1210 2350 Vnt.
1233 2327 1373 2350 Alexandri
1394 2327 1427 2350 IV
1448 2335 1490 2350 an.
1511 2328 1533 2354 3,
1555 2335 1596 2358 ep.
1618 2327 1672 2355 318,
1695 2326 1739 2350 fol.
1762 2327 1801 2350 42.
1822 2326 1950 2351 Vidimus
1965 2325 2084 2357 episcopi
2098 2324 2238 2356 Reginaldi
2251 2324 2336 2348 Parin.

459 2380 500 2394 nn.
525 2372 594 2399 1257,
623 2372 765 2403 Septemb.,
790 2372 816 2395 in
838 2373 915 2396 Arch.
940 2373 1043 2404 depart.
1063 2372 1095 2395 dc
1114 2372 1140 2395 ln
1165 2371 1311 2399 Coto-d’or,
1330 2371 1410 2395 liasse
1429 2372 1484 2395 930.
1505 2371 1573 2394 Ibid.
1597 2371 1705 2395 Cartul.
1726 2371 1771 2394 des
1791 2370 1979 2399 Dominicains,
2000 2370 2030 2393 li.
2052 2369 2107 2398 221,
2129 2369 2174 2393 fol.
2195 2369 2251 2392 63¹».
2272 2368 2336 2393 cod.

460 2417 598 2439 Rutenens.
616 2417 756 2442 Constitut.
772 2417 835 2441 Ord.
852 2417 955 2445 Prued.‚
971 2426 997 2448 p.
1015 2417 1069 2440 251.
1084 2417 1208 2444 Bulaeus,
1222 2417 1267 2445 ΙΙΙ,
1281 2417 1336 2440 337.

554 2497 575 2519 1.
596 2497 657 2527 ch.
676 2505 681 2519 z
699 2505 710 2519 «
727 2497 858 2528 spncificis
874 2505 896 2520 )›.
912 2510 943 2514 --
958 2498 981 2521 2.
1000 2497 1062 2528 Reg.
1080 2505 1086 2520 2
1104 2505 1116 2520 «
1133 2496 1227 2520 debeat
1242 2504 1263 2519 v).
1280 2510 1311 2514 --
1325 2497 1348 2519 3.
1365 2495 1438 2527 Orig.
1456 2500 1485 2518 n⁰
1500 2496 1545 2519 138
1561 2503 1566 2519 :
1586 2503 1597 2518 «
1613 2495 1733 2526 exemplu
1749 2502 1770 2518 ».

462 2660 573 2697 310.
596 2670 763 2696 Alexander
782 2672 825 2697 IV
842 2672 985 2698 universos
1004 2672 1202 2708 patriarchas,
1225 2671 1468 2708 archiepiscopos,
1493 2671 1653 2707 episcopos,
1681 2674 1744 2705 etc„
1774 2669 1907 2696 hor-tatur
1933 2673 1963 2695 ut
1986 2670 2095 2704 fratres
2114 2667 2336 2695 Praedicator-es

553 2718 670 2753 benigne
690 2723 824 2754 tractent,
845 2721 1016 2755 subditisque
1031 2730 1126 2747 eorum
1146 2721 1348 2755 innocentiam,
1364 2721 1491 2755 neylecta
1506 2720 1692 2745 accusatione
1713 2718 1915 2753 magistrorum
1935 2717 2155 2752 Parisiensium,
2179 2720 2335 2753 exponant.

1716 2800 1769 2826 125
1772 2800 1795 2829 7,
1810 2799 1871 2825 uati
1880 2799 1926 2829 23.
1943 2797 2050 2824 Viterbl't'.

551 2872 756 2906 Alexander
790 2874 984 2919 episcopus
1014 2887 1143 2909 servus
1173 2887 1362 2909 servorum
1393 2875 1459 2908 Dei
1489 2873 1761 2908 venerabilibus
1795 2872 1968 2906 fratribus
2003 2872 2187 2906 universis
2221 2871 2339 2905 archi-

463 2938 646 2983 episcopis
677 2945 711 2971 et
740 2940 922 2985 episcopis
951 2953 990 2973 ac
1021 2941 1165 2975 dilectis
1194 2941 1279 2974 filiis
1309 2940 1514 2983 abbatibus,
1546 2939 1744 2986 prioribus,
1781 2939 1943 2980 decanis,
1984 2938 2265 2981 archidiaconis,
2301 2944 2338 2971 et
