2618 3640
0 730 13 876 ξ

0 878 10 995 ξ,

995 412 1288 434 INTRODUCTIO.
2027 409 2087 432 xx1

197 491 450 539 intelligendae
467 490 535 526 sint
551 489 683 537 ambigi
699 492 829 537 potest,
848 488 909 524 sed
927 488 1048 535 utique
1060 487 1137 535 jam
1157 490 1317 534 tempore
1331 486 1482 521 Honorii
1499 487 1547 521 ΙΙΙ
1566 485 1721 521 citantur
1734 489 1904 532 quattuor
1917 497 2088 532 procura-

198 566 290 599 tores
305 562 539 606 scholarium,
563 565 600 597 ut
615 564 711 609 patet
726 573 770 596 ex
784 560 1001 596 documento
1015 569 1054 594 n0
1074 562 1155 603 116,
1173 557 1317 594 tametsi
1339 570 1433 593 anno
1451 560 1543 593 1219
1563 560 1813 605 procuratores
1833 557 2085 604 magistrorum

195 633 400 671 liberalium
423 634 554 670 artium
572 633 759 669 etiamtum
775 632 811 668 in
831 643 1025 668 commune
1043 634 1291 666 memorantur
1307 629 1408 674 (Vid.
1428 636 1464 664 n⁰
1484 631 1556 672 31).
1576 628 1822 664 Universitatis
1843 628 2085 675 (Artistarum)

198 707 326 742 Rector
353 712 388 742 et
412 709 662 754 procuratores
685 716 758 740 una
782 704 899 752 primo
923 706 1118 739 occurrunt
1141 714 1235 738 anno
1267 705 1359 738 1245
1385 701 1486 749 (Vz'd.
1514 701 1557 736 nis
1594 702 1661 736 136
1693 704 1726 736 et
1760 699 1854 748 137),
1885 700 2086 747 eodemque

192 789 288 814 anno
324 777 558 814 Innocentius
592 778 639 813 lV
674 775 840 812 concedit
874 775 1103 811 Universitati
1138 774 1396 822 magistrorum
1421 776 1456 809 et
1493 773 1713 808 scholarium
1763 787 1776 804 «
1816 776 1852 807 ut
1893 772 2085 807 servientes

197 861 410 886 communes
438 861 458 885 a
487 849 637 897 singulis
675 847 889 884 Nationibus
921 847 1149 883 concorditer
1183 843 1380 894 eligantur‘¹
1410 861 1425 878 »
1461 844 1556 889 (Vid.
1590 850 1627 879 n⁰
1667 843 1761 892 141).
1797 845 1972 885 Quattuor
2005 855 2087 880 vero

198 921 366 958 Nationes
387 921 576 957 distinctae
601 920 760 968 primum
787 919 824 955 in
851 922 973 955 nostro
996 918 1223 954 Chartulario
1246 917 1484 953 nominantur
1505 928 1599 952 auno
1623 918 1714 952 1249
1736 916 1773 951 in
1793 915 1975 951 nobilibus
1992 916 2089 963 jura-

200 993 329 1030 mentis
342 993 555 1041 eligentium
572 994 759 1028 Rectorem
776 991 872 1040 (Vicl.
889 998 926 1026 n⁰
941 990 1036 1039 187).
1057 992 1147 1026 Cum
1163 994 1282 1026 autem
1301 989 1514 1025 Universitas
1528 1000 1623 1024 anno
1639 990 1731 1024 1255
1747 987 1968 1023 mentionem
1985 987 2089 1023 saciat

204 1079 220 1097 «
248 1069 404 1113 quatuor
431 1064 627 1101 Nationum
655 1063 699 1100 ab
726 1064 874 1111 antiquo
889 1062 1061 1110 [Parisius
1089 1062 1372 1097 distinctarum»
1405 1059 1501 1109 (Vid.
1526 1067 1563 1096 n⁰
1585 1060 1683 1106 256),
1703 1059 1817 1096 multo
1845 1063 1926 1095 ante
1951 1071 2088 1095 annum

200 1139 307 1181 1249,
340 1140 439 1173 certo
473 1136 580 1172 etiam
618 1139 700 1171 ante
733 1138 826 1171 1245
857 1138 891 1170 et
922 1134 1069 1170 fortasse
1110 1137 1268 1181 tempore
1301 1132 1449 1168 Honorii
1479 1134 1542 1176 Ill,
1573 1144 1615 1168 ex
1642 1131 1776 1168 chartis
1813 1143 1923 1179 supra
1956 1131 2085 1175 allatis,

191 1209 275 1257 jure
298 1207 478 1256 putaveris
505 1211 674 1254 quattuor
697 1207 865 1243 Nationes
887 1205 1059 1242 stabilitas
1084 1217 1182 1249 esse3
1210 1217 1330 1252 neque
1355 1209 1474 1240 tamen
1505 1203 1619 1239 multo
1639 1203 1751 1249 prius,
1779 1215 1863 1239 nam
1893 1203 2024 1239 frustra
2052 1204 2087 1238 in

195 1280 294 1316 Actis
321 1279 454 1316 saeculi
483 1280 566 1315 ΧΙΙΙ
584 1279 790 1326 incipientis
811 1279 981 1314 Nationes
1002 1277 1210 1324 quaesieris,
1234 1276 1310 1320 ubi,
1333 1277 1362 1311 si
1377 1287 1439 1311 eae
1461 1279 1537 1311 tum
1557 1276 1724 1316 fuissent,
1744 1275 1820 1310 sine
1839 1275 1948 1311 dubio
1970 1279 2088 1311 essent

194 1352 415 1395 nominatae,
446 1351 544 1387 verbi
573 1350 687 1398 gratia
715 1350 860 1397 quando
889 1349 933 1385 de
963 1348 1144 1385 consortio
1169 1348 1332 1385 omnium
1361 1348 1613 1395 magistrorum
1648 1352 1680 1383 et
1710 1359 1835 1383 eorum
1864 1347 2085 1395 singularum

195 1423 420 1460 Facultatum
446 1422 658 1470 loquuntur.
688 1423 818 1457 Nostra
838 1420 986 1469 quidem
1013 1420 1189 1456 sententia
1213 1423 1383 1467 quattuor
1403 1419 1571 1455 Nationes
1594 1431 1677 1455 cnm
1699 1420 1772 1454 suis
1792 1419 2086 1464 procuratoribus

193 1495 289 1532 inter
316 1507 429 1531 annos
456 1497 550 1530 1215
578 1497 612 1530 et
644 1496 735 1529 1222
761 1493 974 1530 constitutae
998 1497 1094 1536 sunt,
1120 1504 1191 1540 quo
1208 1495 1372 1539 tempore
1395 1491 1614 1527 Universitas
1646 1494 1680 1527 et
1711 1491 1903 1539 praecipue
1932 1491 2085 1527 Artistae

193 1567 348 1604 maxime
377 1566 605 1614 litigaverunt
633 1568 759 1602 contra
790 1565 1055 1601 Cancellarium
1084 1567 1118 1600 et
1152 1563 1349 1611 capitulum
1375 1563 1585 1607 parisiense,
1610 1563 1787 1611 imprimis
1814 1563 1858 1598 de
1876 1563 1958 1610 jure
1984 1563 2087 1599 scho-

192 1638 323 1675 larium
340 1637 607 1683 conjurationes
624 1637 933 1685 obligationesque
949 1636 1157 1684 juramento
1173 1635 1227 1671 vel
1247 1635 1316 1671 tide
1331 1635 1478 1671 vallatas
1495 1634 1663 1679 faciendi,
1680 1638 1718 1670 ut
1737 1646 1857 1682 supra,
1877 1634 1920 1670 de
1937 1634 2083 1671 Cancel-

191 1710 281 1747 lario
306 1709 496 1746 Parisiensi
513 1708 619 1745 verba
636 1708 818 1752 facienteS,
842 1708 1132 1744 monstravimus.
1158 1709 1255 1750 Quae
1273 1707 1394 1743 omnia
1420 1710 1620 1754 congruunt
1647 1718 1730 1742 cum
1756 1707 1799 1742 iis
1818 1718 1909 1754 quae
1929 1706 2084 1742 diximus

191 1782 236 1818 de
264 1781 381 1830 prima
407 1781 445 1817 in
475 1781 572 1817 Actis
602 1780 846 1817 Universitatis
874 1779 1067 1815 Nationum
1097 1782 1442 1827 procuratorumque
1473 1778 1668 1814 mentione.

291 1853 404 1901 Igitur
440 1853 609 1888 Nationes
639 1855 719 1900 post
751 1851 954 1888 Facultates
984 1851 1195 1887 constitutas
1223 1862 1300 1886 esse
1331 1851 1461 1886 merito
1492 1851 1663 1894 dicimus;
1694 1862 1777 1886 cum
1805 1862 1876 1898 quo
1907 1850 2085 1885 consentit

191 1925 307 1973 ipsius
344 1924 591 1961 Universitatis
621 1923 800 1972 professio
834 1923 920 1959 anni
956 1926 1048 1959 1254
1081 1934 1152 1971 qua
1182 1922 1428 1959 Facultatibus
1463 1922 1597 1970 primas
1628 1925 1746 1970 partes
1778 1922 1816 1957 in
1851 1922 2084 1958 Universitate

190 1996 316 2033 tribuit
333 1995 430 2045 (Vid.
449 2007 571 2044 supra,
589 2008 626 2044 p.
645 1999 711 2039 xi).

291 2070 342 2104 Ex
366 2068 423 2104 his
447 2067 668 2104 Facultatem
696 2067 838 2103 Artium
864 2066 1041 2115 principio
1069 2078 1143 2102 non
1169 2077 1277 2101 unam
1305 2066 1529 2113 eandemque
1552 2078 1626 2102 rem
1652 2065 1760 2102 fuisse
1786 2069 1893 2114 atque
1916 2069 2084 2113 quattuor

190 2141 362 2177 Nationes
387 2140 554 2188 colligere
578 2139 771 2183 debemus;
794 2139 976 2187 etiamque
997 2142 1077 2187 post
1099 2138 1329 2174 constitutam
1347 2137 1635 2174 distributionem
1659 2137 1695 2173 in
1721 2141 1891 2186 quattuor
1914 2138 2081 2174 Nationes

192 2212 417 2248 Facultatem
433 2211 573 2247 Artium
593 2210 775 2259 propriam
794 2210 901 2246 vitam
919 2210 1034 2258 egisse
1047 2210 1148 2258 juxta
1164 2210 1330 2245 Nationes
1356 2208 1459 2245 nobis
1482 2209 1683 2257 significant
1699 2209 1804 2257 plura
1826 2210 2078 2246 instrumenta.

191 2285 281 2319 Cum
308 2283 472 2319 Facultas
494 2283 710 2318 Artistarum
729 2286 901 2318 statutum
929 2282 973 2318 de
1002 2282 1110 2317 modo
1135 2280 1288 2317 docendi
1314 2285 1349 2316 et
1374 2281 1519 2329 regendi
1544 2281 1582 2317 in
1603 2281 1749 2317 Artibus
1780 2281 1896 2329 sigillo
1913 2282 2076 2326 munivit,

189 2366 284 2391 anno
315 2357 422 2399 1255,
455 2355 544 2391 haec
575 2354 661 2390 dicit
684 2367 691 2389 2
727 2369 742 2386 «
766 2356 973 2389 Presentem
1007 2353 1163 2389 litteram
1193 2352 1316 2401 sigillis
1344 2357 1498 2400 quatuor
1523 2353 1717 2389 Nationum
1744 2365 1912 2389 consensu
1940 2366 2078 2389 earum-

188 2426 266 2462 dem
290 2426 460 2462 duximus
489 2425 715 2473 sigillandam
739 2440 754 2458 n
785 2425 882 2469 (Vid.
906 2431 943 2460 n⁰
966 2426 1068 2472 246).
1103 2425 1200 2460 Idem
1223 2424 1328 2460 etiam
1351 2423 1568 2460 concludere
1590 2424 1673 2460 licet
1689 2436 1728 2460 ex
1750 2424 1819 2460 alio
1839 2425 2078 2461 documento²

188 2498 288 2547 (Vz'd.
312 2504 350 2533 n⁰
373 2500 472 2541 256),
501 2508 709 2546 quanquam
732 2500 900 2544 quattuor
917 2497 1087 2532 Nationes
1111 2508 1152 2532 ex
1173 2496 1351 2543 magistris
1378 2495 1591 2531 Artistarum
1616 2499 1649 2532 et
1670 2496 1894 2532 scholaribus
1914 2498 2078 2533 omnium

190 2570 431 2612 Facultatum,
454 2569 539 2605 dum
557 2568 711 2605 Artistae
733 2571 867 2612 essent,
892 2567 1063 2603 formatae
1086 2570 1183 2602 sunt.
1204 2568 1327 2615 ltaque
1347 2567 1508 2615 magistri
1524 2567 1666 2603 Artium
1684 2567 1745 2603 illo
1766 2571 1925 2616 tempore
1943 2569 2078 2618 duplici

187 2645 331 2690 aspectu
353 2640 618 2684 considerandi,
644 2651 728 2684 uno,
752 2651 834 2676 cum
859 2639 1077 2675 Facultatem
1099 2638 1295 2686 propriam,
1319 2638 1410 2675 sicut
1429 2638 1490 2674 alii
1510 2638 1629 2684 aliam,
1649 2639 1926 2684 constituerunt,
1948 2641 2074 2686 altero,

188 2725 271 2750 cum
296 2716 466 2761 quattuor
488 2712 655 2748 Nationes
684 2710 911 2747 scholaribus
937 2710 1101 2746 omnium
1134 2710 1358 2746 Facultatum
1388 2710 1530 2747 sociatis
1555 2710 1814 2753 stabiliverunt.
1843 2714 1923 2749 Mox
1940 2717 2073 2757 autem,

188 2789 225 2820 ut
247 2784 284 2820 in
304 2784 543 2832 generationis
563 2787 725 2831 tempore
746 2782 868 2818 omnia
888 2782 984 2818 brevi
1005 2785 1204 2826 mutantur,
1224 2781 1323 2830 quasi
1346 2781 1561 2818 assimilatae
1584 2787 1666 2818 sunt
1688 2783 1851 2819 Facultas
1863 2785 2075 2820 Artistarum

187 2858 223 2892 et
244 2860 414 2903 quattuor
430 2855 611 2899 Nationes,
633 2855 681 2891 ita
705 2859 744 2890 ut
763 2854 833 2890 dici
855 2854 1012 2902 potuerit
1030 2853 1251 2889 Facultatem
1270 2853 1411 2889 Artium
1433 2853 1470 2889 in
1492 2857 1661 2901 quattuor
1676 2854 1843 2891 Nationes
1862 2856 2074 2904 descriptam

281 2970 303 2995 1.
323 2969 383 2994 Alio
400 2969 505 3002 quidem
524 2969 665 3002 potiusque
684 2969 797 3001 generali
815 2976 893 2993 sensu
912 2968 1028 2993 sumitur
1045 2978 1059 2991 «ι
1076 2968 1155 2993 Natio
1173 2978 1186 2991 »
1203 2968 1229 2993 in
1248 2968 1401 2993 documento
1418 2968 1486 2993 intra
1502 2968 1574 2993 edito
1591 2974 1620 2993 n⁰
1636 2969 1667 2994 79
1684 2971 1718 3001 (p.
1740 2970 1801 2999 137).

279 3015 304 3040 2.
322 3014 383 3039 vid.
402 3014 537 3044 Demus,
556 3015 608 3038 Die
630 3014 845 3043 Universitczten,
862 3015 921 3042 etc..
941 3021 983 3046 pp.
1002 3013 1034 3037 80
1050 3014 1076 3037 et
1094 3013 1147 3037 119.
