2580 3528
453 408 519 442 268
793 420 801 428 ·
1032 408 1347 434 mmerLAiimM
1383 405 1571 428 UNivsns.
1609 403 1737 425 Panis.
2028 414 2030 416 ,
2224 389 2324 431 [1254

453 491 633 527 servando
668 497 829 523 tenorem
863 494 895 520 et
928 486 972 520 ab
1002 484 1171 519 omnibus
1202 494 1265 528 per
1293 492 1361 526 que
1392 492 1410 512 a
1438 477 1630 523 religionis
1656 475 1822 510 videatur
1851 475 2069 509 rectitudine
2099 474 2235 509 deviari
2264 471 2322 507 vel

452 558 557 593 vobis
591 555 854 590 rationabiliter
888 552 1026 586 detrahi
1060 550 1175 584 valeat
1208 546 1438 586 abstinendo,
1474 545 1521 577 ita
1556 543 1654 588 quod
1691 542 1779 575 recti
1814 542 1875 588 qui
1909 553 1975 576 vos
2010 541 2169 588 diligunt
2201 546 2323 575 vestre

452 624 701 671 perfectionis¹
723 619 1029 667 pulchritudinem
1056 614 1319 650 delectabiliter
1342 613 1526 645 intuentes
1552 609 1760 656 glorificent
1778 610 1917 642 Patrem
1939 615 2115 650 vestrum,
2132 614 2168 642 et
2186 607 2323 653 iniquis

453 703 494 724 os
525 690 758 734 maliloquum
791 687 1011 720 obstruatur.
1053 683 1142 716 Cum
1178 681 1273 713 enim
1305 678 1454 719 mundo,
1486 675 1628 722 angelis
1658 682 1694 709 et
1721 675 1933 709 hominibus
1959 675 2043 709 facti
2073 675 2153 709 sitis
2183 680 2324 720 specta-

453 757 588 798 culum,
617 756 676 790 vix
705 755 741 787 in
772 752 876 786 vobis
907 763 987 784 esse
1020 754 1144 794 posset
1172 759 1260 791 ruga
1292 752 1360 778 tam
1391 744 1511 777 tenuis
1539 743 1596 777 vel
1626 742 1765 776 macula
1794 742 1841 776 ita
1871 741 2002 784 latens,
2029 742 2117 788 quin
2144 741 2259 775 lacius
2289 746 2325 773 et

453 823 697 869 compercius²
726 832 829 865 quam
859 819 895 850 in
922 817 1001 850 aliis
1034 820 1234 860 appareret.
1265 811 1369 845 Unde
1395 811 1426 844 si
1453 822 1521 856 qua
1550 810 1594 843 de
1619 809 1752 843 vestris
1778 809 1919 843 actibus
1950 816 2077 843 nostro
2105 807 2322 854 apostolatui

454 891 660 923 reseruntur
683 899 752 932 que
778 884 976 919 sanctitatis
997 888 1117 915 vestre
1138 878 1354 913 obnubilant
1373 877 1585 918 claritatem,
1607 889 1650 909 eo
1671 876 1841 910 nimirum
1863 876 2023 922 graviori
2049 875 2177 909 dolore
2197 875 2324 908 confo-

453 957 584 996 dimur,
611 966 682 999 quo
707 965 772 986 vos
798 958 955 984 nostram
983 948 1135 993 gloriam
1162 953 1198 979 et
1222 946 1333 979 totius
1359 944 1515 978 ecclesie
1540 943 1724 990 generalis
1744 943 1854 988 jubar
1878 943 2091 989 precipuum
2113 948 2323 988 reputantes

452 1022 567 1067 ipsius
593 1019 824 1065 splendorem
846 1016 957 1050 vestri
983 1013 1257 1048 obnubilatione
1278 1011 1408 1045 nitoris
1428 1023 1501 1044 non
1527 1010 1745 1056 ambigimus
1766 1009 1975 1044 notabiliter
2000 1009 2185 1043 minorari.
2213 1009 2325 1042 Sane'

450 1088 570 1133 gravis
597 1093 631 1119 et
653 1086 808 1118 clamosa
831 1082 978 1128 querela
1002 1080 1138 1114 nostris
1165 1079 1312 1112 assidue
1333 1078 1483 1112 auribus
1508 1077 1723 1119 inculcatur,
1750 1077 1848 1123 quod
1874 1076 2043 1110 nonnulli
2062 1083 2223 1111 vestrum
2245 1076 2323 1110 suis

413 1146 422 1188 f
445 1153 590 1199 juribus
612 1159 647 1185 et
673 1151 807 1184 finibus
830 1161 901 1182 non
927 1147 1088 1181 contenti
1114 1145 1373 1192 parrochianos
1398 1145 1539 1178 alienos
1565 1151 1777 1190 presumant
1796 1151 1932 1177 temere
1953 1144 1997 1178 ad
2018 1143 2139 1178 divina
2159 1143 2323 1188 recipere

451 1226 575 1253 contra
603 1218 796 1251 canonicas
825 1216 1044 1249 sanctiones,
1075 1215 1135 1246 Et⁴
1156 1213 1242 1246 licet
1261 1212 1439 1245 dictorum
1466 1211 1789 1257 parrochianorum
1805 1211 1952 1256 judices
1971 1223 2045 1244 non
2066 1210 2234 1251 existant,
2255 1220 2323 1243 nec

448 1286 586 1332 ligandi
607 1292 667 1318 aut
687 1283 853 1317 solvendi
874 1294 938 1315 eos
964 1280 1171 1326 acceperint
1190 1286 1418 1325 potestatem,
1445 1291 1485 1312 se
1507 1285 1625 1312 tamen
1646 1279 1810 1324 ipsorum
1831 1278 1978 1323 judices
2007 1277 2200 1311 facientes⁵
2219 1277 2322 1322 ipsos

449 1354 486 1386 in
508 1354 587 1385 foro
608 1350 833 1397 penitentiali
854 1348 1078 1394 periculose⁶
1094 1346 1289 1380 absolvunt
1304 1353 1339 1379 et
1358 1346 1474 1392 ligant
1493 1357 1559 1391 pro
1576 1357 1641 1379 sue
1658 1345 1762 1378 libito
1782 1345 1980 1378 voluntatis
2002 1345 2128 1390 sicque
2149 1343 2240 1389 ipsis
2261 1343 2323 1389 qui

449 1419 618 1465 proprios
647 1423 825 1463 spernunt
851 1415 1086 1461 presbyteros
1115 1414 1263 1446 minime
1288 1412 1467 1446 absolutis
1492 1413 1583 1445 illud
1612 1412 1838 1446 salutiferum
1865 1418 1990 1445 nostre
2014 1410 2323 1457 peregrinationis

448 1486 629 1527 viaticum,
662 1484 758 1529 quod
794 1495 866 1516 non
901 1482 1044 1527 proficit
1077 1481 1148 1514 nisi
1177 1493 1195 1513 a
1225 1480 1418 1513 criminum
1452 1479 1533 1512 labe
1564 1476 1776 1520 mundatis⁷,
1808 1479 1845 1512 in
1878 1479 2077 1512 animarum
2110 1489 2257 1511 suarum
2288 1483 2324 1510 et

448 1564 586 1592 eorum,
609 1551 669 1596 qui
696 1550 787 1583 illud
808 1562 881 1582 non
909 1548 1150 1593 dijudicantes
1177 1547 1375 1580 indiscrete
1403 1547 1596 1592 recipiunt,
1619 1546 1786 1579 conferre
1813 1545 2016 1591 periculum
2040 1557 2114 1578 non
2133 1550 2320 1585 verentur,

449 1619 573 1664 fitque,
595 1618 692 1663 quod
722 1618 827 1668 etiam
854 1616 939 1649 dicti
961 1627 1085 1648 eorum
1108 1615 1331 1656 sacerdotes,
1359 1614 1420 1659 qui
1448 1625 1569 1647 curam
1597 1613 1834 1658 suscipiendo
1861 1613 2024 1658 ipsorum
2053 1623 2153 1645 suam
2180 1623 2245 1656 pro
2269 1610 2324 1644 eis

449 1686 601 1719 animam
633 1684 852 1729 obligarunt,
876 1683 959 1715 dum
989 1682 1060 1715 sibi
1088 1681 1206 1715 taliter
1232 1680 1495 1714 subtrahuntur
1518 1687 1647 1713 statum
1675 1680 1888 1725 ignorantes
1909 1691 2048 1721 eorum,
2070 1690 2144 1712 non
2168 1683 2325 1723 possunt

449 1752 546 1797 quod
570 1752 606 1784 in
627 1751 680 1784 eis
702 1757 757 1784 est
778 1756 942 1795 egrotum
965 1761 1106 1790 sanare,
1129 1761 1195 1781 nec
1222 1747 1452 1781 consolidare
1478 1747 1674 1789 infirmum,
1697 1759 1764 1780 nec
1785 1746 1935 1792 alligare
1956 1746 2193 1786 confractum,
2215 1751 2251 1778 et
2271 1744 2323 1778 sic

449 1819 531 1852 dum
568 1817 765 1851 curationis
799 1817 1005 1850 necessaria
1039 1828 1113 1848 non
1147 1815 1366 1848 adhibentur
1405 1814 1564 1847 remedia
1603 1813 1914 1848 invalescentibus
1952 1812 2089 1846 morbis
2123 1823 2241 1857 usque
2279 1811 2324 1844 ad

449 1883 784 1930 interemptionem³
803 1883 895 1917 lesio
921 1882 1150 1924 debaccatur,
1173 1882 1357 1927 iidemque
1378 1882 1588 1915 sacerdotes
1611 1881 1746 1914 nullam
1769 1886 1924 1926 possunt
1943 1879 1988 1913 de
2009 1879 2061 1913 sic
2082 1874 2323 1924 pereuntibus

449 1951 636 1984 animabus
667 1950 979 1996 suprelno‚j11‹lici
1014 1949 1167 1982 reddere
1198 1949 1387 1982 rationem.
1419 1948 1491 1981 Alii
1522 1960 1667 1994 quoque
1696 1954 1858 1981 vestrum
1894 1946 2026 1980 diebus
2061 1945 2254 1979 dominicis
2289 1951 2325 1978 et

449 2018 602 2059 festivis,
634 2018 717 2050 dum
753 2018 789 2050 in
824 2016 1112 2062 parrochialibus
1145 2016 1312 2049 ecclesiis
1344 2015 1536 2049 missarum
1572 2015 1774 2060 solempnia
1805 2013 2050 2055 celebrantur,
2085 2012 2325 2058 solempniter

449 2084 599 2118 verbum
620 2084 879 2129 predicationis
900 2089 1109 2128 proponunt
1130 2082 1280 2128 populo,
1302 2082 1363 2127 qui
1383 2082 1427 2115 ad
1448 2082 1669 2115 audiendum
1691 2081 1811 2115 divina
1833 2081 1869 2113 in
1890 2079 2058 2113 ecclesiis
2079 2079 2171 2125 ipsis
2193 2077 2325 2112 diebus

443 2151 623 2196 'predictis
652 2151 847 2184 convenire
874 2156 1114 2183 consueverat
1142 2156 1182 2182 ut
1202 2156 1357 2190 tenetur,
1386 2149 1430 2182 ad
1456 2149 1741 2194 predicationem
1768 2147 1979 2192 hujusmodi
2006 2152 2204 2180 convocato
2226 2152 2262 2178 et
2280 2144 2324 2179 ab

451 2217 540 2262 ipsis
562 2217 630 2250 sub
651 2217 772 2262 specie
794 2217 992 2250 sanccioris
1013 2216 1172 2249 accionis
1193 2215 1394 2257 abstracto;
1422 2222 1458 2249 et
1477 2216 1529 2249 sic
1550 2215 1594 2248 ab
1616 2215 1755 2249 eisdem
1777 2213 2027 2260 parrochianis
2048 2212 2169 2246 divina
2195 2211 2326 2245 obmit-

452 2291 575 2316 tuntur
596 2283 711 2316 officia
733 2290 768 2316 et
788 2283 958 2316 sacerdos
980 2284 1015 2316 in
1037 2283 1145 2316 domo
1167 2283 1313 2315 Domini
1335 2283 1437 2328 quasi
1459 2294 1586 2328 passer
1606 2282 1737 2315 unicus
1760 2282 1797 2314 in
1818 2280 1962 2314 edificio
1984 2279 2197 2313 remanens’
2220 2268 2324 2313 dere-

452 2350 558 2393 lictus
589 2362 736 2383 suorum
768 2350 1087 2395 parrochianorum
1122 2349 1258 2383 solacio
1290 2356 1325 2382 et
1353 2349 1540 2382 consuetis
1573 2348 1827 2382 oblacionibus
1858 2348 2103 2382 defraudatur.
2137 2348 2210 2382 Alii
2238 2358 2325 2380 vero

403 2446 412 2454 ,
453 2417 624 2461 episcopo
646 2417 841 2450 diocesano
864 2417 1010 2456 minime
1038 2416 1245 2449 deserentes
1271 2416 1396 2449 eadem
1418 2416 1476 2449 die
1498 2423 1533 2449 et
1552 2417 1763 2461 frequenter
1784 2416 1889 2449 etiam
1911 2415 2001 2450 hora
2026 2417 2117 2462 ipsa,
2140 2427 2209 2461 qua
2229 2415 2325 2448 idem

455 2483 676 2527 episcopus¹⁰
708 2483 902 2516 commisso
932 2483 1001 2516 sibi
1032 2483 1167 2528 populo
1200 2483 1438 2528 solempniter
1470 2483 1643 2528 predicat,
1672 2495 1757 2516 suas
1787 2483 2058 2528 predicationes
2085 2482 2269 2516 inculcant
2292 2487 2328 2514 et

455 2549 601 2589 faciunt,
630 2549 845 2582 ut'verbum
875 2550 954 2591 Dei,
985 2550 1083 2595 quod
1111 2549 1364 2583 desideranter
1395 2556 1431 2583 et
1459 2549 1563 2583 avide
1591 2549 1729 2595 suscipi
1759 2550 1963 2591 consuevit,
1994 2562 2037 2583 ex
2067 2548 2327 2595 predicationis

456 2626 635 2647 concursu
666 2615 937 2660 contemptibile
963 2616 1135 2649 reddatur
1162 2617 1198 2649 in
1225 2616 1375 2649 auribus
1401 2610 1619 2650 auditorum.
1648 2616 1742 2649 Illud
1764 2617 1868 2650 etiam
1891 2616 1978 2650 satis
2004 2615 2163 2649 notabile
2183 2614 2329 2648 videtur

457 2686 492 2712 et
510 2680 696 2722 indecens,
727 2682 823 2726 quod
851 2682 1016 2715 nonnulli
1037 2689 1197 2716 vestrum
1219 2695 1301 2716 mox
1328 2690 1368 2717 ut
1387 2683 1529 2729 aliquos
1556 2683 1775 2729 egritudinis
1800 2682 1977 2728 languore
2004 2682 2172 2716 detentos
2193 2681 2328 2715 intelli-

457 2753 560 2791 gunt,
596 2747 639 2779 ad
672 2736 799 2792 ipsds¹¹
831 2749 962 2781 scstino
997 2757 1217 2783 concurrunt
1253 2757 1287 2783 et
1322 2762 1385 2783 eos
1415 2750 1585 2783 illectivis
1618 2749 1814 2783 verborum
1849 2749 2042 2782 blandiciis
2077 2747 2327 2782 demulcentes

458 2812 669 2857 precipuum
695 2813 785 2858 ipsis
813 2809 939 2847 salutis
969 2816 1167 2848 remedium
1200 2816 1432 2861 pollicentur,
1461 2817 1491 2850 si
1519 2816 1613 2862 apud
1642 2828 1767 2850 eorum
1797 2815 1971 2849 ecclesias
1999 2815 2179 2861 elegerint
2205 2814 2329 2860 sepul-

460 2885 592 2919 tura-nu
615 2891 654 2911 ac
676 2879 816 2912 tandem
840 2892 902 2913 eos
924 2881 966 2913 ad
988 2893 1091 2914 suum
1114 2883 1340 2927 propositum
1367 2883 1499 2917 talibus
1525 2882 1862 2929 persuasionibus¹¹
1883 2881 2134 2928 pertrahentes
2155 2881 2199 2914 ad
2219 2887 2328 2915 testa—-

460 2951 577 2977 menta
612 2957 735 2978 eorum
772 2946 969 2979 ordinanda
1001 2959 1040 2980 se
1074 2948 1245 2993 ingerunt
1279 2956 1313 2982 et
1346 2950 1516 2992 letantur,
1551 2943 1630 2983 cum
1673 2949 1844 2983 canonica
1883 2948 2023 2994 justitia
2069 2947 2329 2982 defraudantur

2564 2187 2580 2330 3

2566 2343 2580 2497 Ξ

2567 2498 2580 2575 Ξ
