2580 3528
484 405 551 437 412
1066 414 1388 436 CHARTULARIUM
1422 414 1613 436 umvnns.
1650 413 1779 435 PAms.
2267 402 2368 444 [1260

485 531 598 568 363.
623 541 768 566 statutum
787 539 941 575 facultatis
963 540 1079 575 artium,
1101 548 1136 566 ne
1157 540 1221 575 quis
1246 539 1385 574 magister
1403 538 1561 575 deputatus
1577 538 1618 564 ad
1639 538 1864 564 examinandum
1888 547 1907 565 a
1924 542 2012 575 parte
2026 539 2058 565 Β,
2079 539 2237 572 Genoves'ae
2262 537 2367 564 bacca-

575 588 686 615 lareum
694 589 894 625 adpetendam
907 588 1053 615 licentiam
1063 598 1081 614 α
1089 592 1176 625 parte
1185 587 1285 614 eadem
1292 591 1467 624 praesentet.
1481 589 1522 614 De
1531 587 1669 614 electione
1678 587 1908 614 examinator-um
1917 587 2102 624 etpunitione
2111 590 2364 622 transgressor-um.

1631 689 1708 719 7260.
1723 697 1813 716 moneo
1827 689 1912 722 Aprili,
1927 689 1946 724 [
1947 689 2054 716 Parisiis
2053 689 2080 725 J.

576 767 650 799 Nos
675 766 839 811 magistri
865 766 993 798 artium
1021 771 1176 810 quatuor
1196 764 1382 797 nationum
1408 770 1580 809 regentes
1606 763 1768 797 Parisius
1792 763 2013 798 ordinationi
2041 764 2118 798 sive
2143 770 2276 798 statuto
2301 774 2368 809 per

485 845 554 866 nos
576 833 652 866 sive
678 844 743 877 per
768 839 1022 865 antecessores
1043 837 1190 864 nostros
1211 842 1306 863 anno
1332 830 1478 863 Domini
1499 831 1550 863 M⁰
1562 830 1637 864 CC⁰
1649 830 1729 863 LIX
1749 830 1842 863 facto
1864 837 1899 863 et
1919 830 2172 876 inregistrato¹
2202 830 2270 864 hos
2291 837 2366 864 tres

485 899 659 932 articulos
685 905 882 943 sequentes
909 898 953 930 de
979 897 1162 930 communi
1188 908 1372 930 consensu
1399 896 1549 942 dignum
1577 896 1747 930 duximus
1773 896 2042 942 adjungendos,
2063 896 2248 939 videlicet,
2268 897 2366 942 quod

486 965 609 998 nullus
635 965 809 1010 magister
834 965 1027 1009 deputatus
1055 964 1098 996 ad
1129 963 1349 996 audiendum
1377 963 1454 996 sive
1479 963 1524 996 ad
1554 963 1832 996 examinandum
1857 975 1876 996 a
1901 970 2002 1009 parte
2028 964 2137 996 Beate
2164 963 2365 1006 Genovefe,

486 1032 562 1065 sive
589 1032 625 1064 111
654 1031 910 1064 communibus
936 1031 1013 1064 sive
1044 1031 1080 1063 in
1111 1030 1283 1075 propriis,
1315 1030 1487 1075 quamdiu
1518 1030 1555 1063 in
1576 1030 1695 1063 officio
1717 1030 1946 1064 examinandi
1975 1030 2116 1072 existat,
2146 1030 2365 1064 bacalarium

484 1098 529 1130 ad
545 1098 741 1143 petendum
763 1097 964 1138 licenciam,
987 1109 1052 1142 per
1073 1108 1112 1129 se
1132 1096 1191 1130 vel
1212 1108 1277 1141 per
1297 1096 1421 1138 alium,
1443 1108 1461 1129 a
1482 1103 1582 1142 parte
1604 1096 1728 1130 eadem
1750 1103 1938 1142 presentet
1957 1097 2035 1131 sive
2054 1097 2187 1130 audiat.
2210 1097 2366 1143 Insuper

485 1165 583 1209 quod
611 1164 874 1197 examinatores
902 1164 938 1196 in
964 1163 1220 1196 communibus
1247 1150 1429 1208 eligantur
1449 1175 1514 1208 per
1534 1164 1714 1204 nationes,
1737 1163 2042 1209 quemadmodum
2068 1170 2104 1197 et
2127 1164 2165 1196 in
2190 1163 2363 1210 propriis,

484 1232 530 1264 ita
566 1238 696 1272 tamen,
733 1231 832 1275 quod
866 1230 1045 1263 electores
1075 1230 1187 1275 jurati
1221 1230 1266 1263 ad
1299 1230 1510 1276 eligendum
1546 1237 1616 1264 tam
1651 1237 1908 1276 procuratores
1943 1243 2049 1276 quam
2085 1231 2364 1273 examinatores,

484 1298 818 1342 quocienscumque
840 1297 1072 1342 deputantur,
1094 1296 1280 1338 accedant,
1303 1303 1338 1329 et
1359 1297 1623 1330 examinatores
1643 1297 1681 1330 in
1703 1297 1958 1330 communibus
1979 1297 2086 1330 electi
2111 1297 2149 1330 in
2174 1297 2365 1342 presencia

482 1364 675 1406 facultatis,
710 1370 901 1409 antequam
942 1375 1148 1409 quenquam
1187 1363 1407 1405 examinent,
1445 1370 1554 1409 prout
1591 1364 1704 1398 moris
1744 1370 1811 1406 est,
1849 1364 1894 1397 de
1928 1364 2086 1397 fideliter
2125 1364 2363 1398 examinando

483 1437 647 1476 prestent
674 1431 933 1476 juramentum.
967 1432 1055 1463 Item
1092 1430 1262 1463 volumus
1295 1437 1330 1463 et
1359 1430 1583 1472 ordinamus,
1621 1431 1718 1476 quod
1749 1430 1904 1476 quilibet
1934 1437 2054 1464 rector
2088 1431 2125 1463 in
2159 1431 2274 1476 prima
2305 1430 2364 1464 sui

483 1497 718 1531 institucione
744 1497 952 1542 specialiter
977 1509 1042 1542 per
1067 1509 1173 1530 51111111
1196 1504 1460 1530 sacramentum
1483 1497 1530 1530 sit
1549 1497 1719 1531 astrictus
1745 1497 1789 1531 ad
1814 1497 2039 1543 puniendum
2066 1504 2364 1543 transgressores

482 1564 611 1597 horum
634 1564 881 1605 articulorum,
911 1570 947 1596 et
974 1564 1079 1597 etiam
1108 1564 1145 1596 in
1175 1564 1300 1609 previe
1325 1571 1521 1597 memorata
1551 1564 1781 1597 ordinatione
1807 1564 1884 1598 sive
1910 1564 2067 1597 statut0²
2093 1571 2360 1606 contentorum,

482 1643 562 1664 cum
585 1631 740 1664 consilio
762 1631 916 1663 duorum
939 1631 1197 1676 magistrorum
1219 1631 1427 1676 specialiter
1448 1631 1492 1664 ad
1511 1631 1579 1664 hoc
1601 1631 1646 1664 de
1667 1630 1830 1676 qualibet
1849 1631 2002 1664 nacione
2022 1643 2088 1677 per
2106 1637 2362 1677 procuratores

481 1704 703 1739 vocatorum⁷
734 1697 930 1730 dummodo
959 1697 1077 1730 eidem
1105 1698 1150 1730 de
1176 1698 1472 1744 transgressione
1499 1705 1533 1731 et
1560 1704 1835 1744 transgressore
1861 1710 1926 1744 per
1950 1697 2022 1731 fide
2048 1698 2180 1744 dignos
2205 1697 2363 1732 fideliter

481 1765 697 1805 eonstiterit,
721 1764 921 1797 secundum
943 1776 1056 1809 penas
1078 1765 1114 1797 in
1136 1749 1342 1810 supradicta
1364 1765 1593 1798 ordinatione
1615 1765 1818 1810 impositas,
1840 1771 2023 1799 reservata
2043 1771 2162 1798 tamen
2183 1771 2361 1810 potestate

479 1831 638 1864 facultati
664 1843 791 1876 penam
818 1831 1008 1876 mitigandi
1030 1831 1107 1864 sive
1129 1831 1327 1874 relaxandi,
1350 1832 1521 1877 quotiens
1549 1831 1619 1865 sibi
1645 1831 1779 1866 viderit
1804 1831 1988 1877 expedire.
2015 1831 2228 1865 Adicientes
2253 1832 2359 1866 etiam

480 1898 578 1943 quod
608 1898 638 1931 si
672 1898 920 1931 controversia
955 1898 1032 1931 sive
1067 1899 1253 1932 contentio
1286 1899 1324 1931 111
1357 1898 1476 1944 aliqua
1510 1899 1663 1932 nacione
1697 1910 1809 1944 super
1842 1898 2014 1944 eligendo
2049 1898 2293 1932 examinatore
2322 1899 2360 1933 in

480 1965 734 1997 communibus
763 1965 921 1997 oriretur
946 1972 982 1998 et
1005 1965 1153 1998 duraret
1177 1977 1242 2010 per
1268 1972 1342 1998 tres
1368 1965 1447 1998 dies
1469 1965 1654 2007 continue,
1682 1965 1781 2011 quod
1806 1965 1851 1998 de
1876 1964 2087 1998 nationibus
2112 1964 2359 1999 concordibus

480 2031 642 2076 quelibet
671 2043 781 2064 unum
817 2031 1029 2076 magistrum
1065 2032 1225 2064 mitteret
1256 2032 1300 2064 ad
1336 2031 1547 2077 eligendum
1582 2044 1662 2065 cum
1698 2031 1921 2065 electoribus
1955 2043 1974 2064 a
2008 2031 2160 2064 nacione
2195 2030 2359 2064 discordi

479 2098 674 2143 deputatis,
703 2105 738 2130 et
765 2097 817 2130 illi
838 2098 949 2142 jurati
977 2110 1057 2130 cum
1084 2098 1166 2131 aliis
1186 2098 1231 2131 ad
1252 2098 1467 2131 electionem
1490 2098 1732 2144 procederent
1754 2109 1760 2131 :
1789 2104 1825 2131 et
1848 2098 1910 2131 ille
1935 2098 1972 2131 in
2000 2109 2108 2143 quem
2134 2097 2248 2143 major
2273 2101 2366 2143 pars'

479 2176 604 2197 eorum
631 2165 895 2206 consenserit³‚
924 2171 1128 2197 remaneret
1153 2165 1387 2197 examinator.
1410 2164 1589 2198 Volumus
1614 2165 1720 2198 etiam
1743 2164 1841 2210 quod
1862 2164 2105 2198 observentur
2125 2164 2193 2197 ista
2218 2163 2358 2209 specia-

478 2231 560 2264 liter
599 2231 668 2264 sub
703 2231 826 2264 eadem
862 2231 947 2264 fidei
982 2238 1017 2264 et
1045 2231 1243 2276 juramenti
1279 2231 1472 2277 religione,
1509 2231 1577 2265 sub
1612 2243 1681 2277 qua
1716 2231 1936 2277 sepedictam
1975 2230 2241 2264 ordinationem
2279 2230 2356 2264 sive

478 2305 648 2331 statutum
675 2298 938 2343 adstringimur
963 2297 1173 2340 observare,
1194 2299 1309 2331 forma
1330 2310 1434 2343 quam
1457 2297 1627 2331 bacalarii
1648 2305 1920 2332 consueverunt
1943 2298 1981 2331 in
2006 2297 2191 2343 presentia
2214 2296 2357 2330 cancel-

477 2365 556 2397 larii
585 2366 709 2409 jurare
745 2377 763 2397 a
797 2364 987 2398 bacalariis
1023 2364 1226 2398 observata.
1259 2366 1300 2397 In
1330 2366 1435 2410 cujus
1466 2365 1519 2398 rei
1549 2365 1798 2398 testimonium
1829 2364 1950 2411 sigilla
1981 2371 2135 2410 quatuor
2169 2364 2354 2397 nationum

477 2432 629 2464 fecimus
650 2432 794 2477 apponi.
819 2433 946 2465 Datum
968 2444 1062 2465 anno
1084 2432 1230 2465 Domini
1251 2432 1365 2466 MCC⁰
1387 2432 1629 2478 sexagesimo,
1651 2444 1779 2466 mense
1798 2431 1928 2477 Aprili.

571 2529 646 2552 Arch.
671 2529 791 2553 Univers.
816 2530 899 2553 Paris.
922 2538 970 2553 11111.
993 2531 1023 2553 94
1039 2530 1175 2554 continens
1194 2531 1291 2555 Chart.
1312 2530 1447 2559 Univers.‚
1463 2539 1490 2562 p.
1506 2531 1544 2559 71,
1561 2535 1590 2553 n⁰
1604 2531 1643 2554 65.
1660 2530 1729 2554 Bibl.
1747 2530 1864 2559 Carum„
1880 2538 1929 2554 ms.
1946 2531 1992 2553 662
2011 2529 2079 2562 (cod.
2094 2529 2224 2561 Hercula),
2237 2529 2282 2552 sol.
2299 2527 2355 2558 12⁶,

477 2581 535 2595 cum
555 2573 661 2596 rubrica
678 2581 683 2596 ·.
702 2582 713 2597 «
731 2574 863 2597 Stututum
886 2574 1019 2597 facultatis
1040 2575 1110 2606 quod
1133 2575 1325 2598 examinatores
1341 2575 1435 2598 Sancte
1457 2575 1588 2599 Genovefe
1609 2583 1660 2598 non
1676 2575 1792 2598 habeant
1813 2574 1862 2598 sub
1878 2583 1906 2599 se
1925 2574 2074 2598 hacalarios
2089 2577 2115 2598 et
2129 2573 2199 2606 quod
2213 2576 2352 2605 antequam

476 2617 631 2645 examinent,
657 2617 708 2648 ipsi
729 2618 818 2648 jurent
838 2618 863 2641 in
883 2619 1020 2650 presencia
1042 2619 1186 2648 facultatis,
1207 2619 1270 2643 item
1281 2619 1312 2643 de
1328 2620 1406 2643 modo
1421 2619 1536 2651 eligendi
1551 2619 1743 2643 examinatores
1759 2619 1871 2651 alicujus
1886 2619 2001 2643 nationis
2016 2621 2039 2643 si
2057 2620 2123 2642 forte
2135 2618 2162 2641 in
2177 2626 2206 2641 ea
2219 2625 2271 2640 non
2284 2619 2354 2641 esset
2364 2627 2370 2631 ’

476 2661 624 2684 concordia.
642 2669 653 2684 »
671 2676 698 2679 —
713 2662 836 2691 Bulaeus,
853 2663 898 2691 111,
916 2664 969 2686 361.

570 2745 591 2767 1.
610 2745 695 2775 Supra
711 2749 739 2767 n⁰
755 2747 808 2768 3:33.
824 2760 854 2763 —
870 2748 891 2769 2.
911 2747 950 2769 Sc.
969 2747 993 2769 in
1011 2750 1108 2770 statuto
1125 2756 1167 2771 an.
1185 2748 1255 2777 1259,
1272 2756 1353 2780 supra
1369 2753 1397 2772 n⁰
1413 2749 1466 2772 333.
1485 2762 1516 2766 —
1531 2749 1554 2772 3.
1571 2748 1634 2772 Cod.
1647 2748 1758 2772 Ilm-cur.
1774 2756 1779 2772 :
1799 2757 1810 2771 (1
1826 2747 1986 2772 consentiret
2000 2756 2021 2771 1),
