2580 3528
459 424 525 457 652
1040 428 1359 453 anaTULAnluM
1394 426 1584 450 milvinis.
1620 425 1751 448 PAms.

475 553 504 575 12
593 548 661 575 1179
776 549 862 573 Martii
880 550 910 573 19
977 549 1121 573 Alexander
1140 548 1177 572 ΙΙΙ
1198 546 1291 571 statuit
1311 546 1338 569 in
1357 545 1473 570 Concilio
1495 544 1666 568 Laternnensi
1686 544 1732 572 ΙΙΙ,
1752 546 1782 567 ut
1800 542 1934 575 quaelibet
1953 542 2065 567 ecclesia
2086 542 2246 567 cathedralis

1007 593 1134 625 praebere
1151 592 1246 615 debeat
1262 590 1418 614 heneficium
1434 589 1571 620 magistro,
1591 588 1636 620 qui
1655 588 1765 612 clericos
1784 587 1902 620 ejusdem
1916 587 2042 612 ecclesiae
2057 591 2083 611 et
2096 587 2163 611 alios
2177 595 2247 620 pau-

1006 645 1083 669 peres
1099 636 1182 668 gratis
1198 636 1298 664 doceat,
1312 638 1338 658 et
1353 634 1375 658 si
1390 634 1448 666 quis
1460 633 1608 657 vendiderit
1621 632 1755 656 licentiam
1769 632 1890 662 docendi,
1905 635 1951 656 aut
1964 632 2129 656 interdixerit
2142 632 2244 661 docere,

1007 681 1133 705 beneficio
1148 680 1268 712 privetur
1270 693 2244 704 ......................................
2306 677 2337 701 10

473 747 503 770 13
595 744 662 770 1180
736 762 944 769 .........
976 743 1122 768 Alexander
1137 743 1173 766 111
1188 745 1277 766 monet
1291 741 1425 773 quoddam
1440 740 1596 772 capitulum,
1611 739 1791 771 praebendam
1805 747 1854 771 per
1867 739 2004 763 biennium
2021 739 2147 763 concedat
2165 747 2246 763 cano-

1006 788 1063 811 nico
1085 787 1246 814 Theobaldo,
1262 786 1295 809 ad
1310 786 1360 809 hoc
1374 787 1404 808 ut
1418 785 1445 808 in
1461 784 1558 808 scholis
1574 783 1723 816 theologiae
1737 784 1825 816 gratia
1839 783 1999 808 commorari
2018 784 2104 816 possit
2107 801 2243 807 ......
2305 783 2336 808 10

474 853 503 877 14
553 850 698 876 1186-1187
784 851 848 875 Julii
863 852 893 874 22
974 850 1099 874 Urbanus
1115 849 1151 873 111
1167 848 1257 872 domui
1271 849 1296 872 S.
1314 847 1430 871 Thomae
1445 847 1477 870 de
1491 847 1598 878 Lupara
1611 846 1756 870 Parisiensi
1770 846 1868 870 asserit
1880 846 2063 878 possessiones
2078 854 2094 870 a
2107 845 2221 870 Roberto
2234 845 2244 869 Ι

1005 894 1099 917 comite
1114 893 1240 917 Drocensi
1255 893 1287 916 de
1300 891 1390 915 uxoris
1406 899 1469 915 suae
1484 891 1592 923 Agnetis
1607 894 1634 914 et
1647 890 1764 915 filiorum
1779 899 1889 914 suorum
1902 890 2069 915 conniventia
2083 889 2243 923 assignatas.
2305 891 2333 916 11

472 960 502 983 15
552 956 698 983 1191-1198
734 974 942 981 .........
973 956 1135 980 Coelestinus
1164 955 1201 979 111
1228 955 1338 978 mandat
1361 957 1391 978 ut
1414 962 1509 977 causae
1537 954 1686 977 saeculares
1710 953 1866 977 clericorum
1891 953 2001 978 Parisiis
2025 953 2245 977 commorantium

1000 1001 1060 1033 jure
1075 1000 1199 1024 canonico
1215 999 1370 1023 decidantur
1377 1014 2243 1023 ..................................
2305 999 2335 1023 12

470 1072 500 1095 16
590 1068 656 1094 1198
766 1068 864 1099 Aprilis
882 1069 912 1091 29
972 1067 1138 1091 Innocentius
1159 1067 1197 1090 111
1216 1066 1301 1090 Odoni
1320 1065 1455 1098 episcopo,
1475 1066 1586 1095 cantori,
1607 1069 1633 1089 et
1650 1065 1779 1098 magistro
1803 1065 1880 1089 Petro
1902 1065 1934 1089 de
1956 1065 2079 1090 Corbolio
2100 1064 2244 1089 Parisiensi

1001 1111 1126 1135 canonico
1140 1111 1280 1143 praecipit,
1296 1114 1326 1134 ut
1340 1111 1504 1142 Stephanum
1519 1110 1600 1142 episc.
1617 1111 1810 1134 Tornacensem
1825 1109 2102 1134 excommunicationis
2115 1109 2245 1133 sententia

1002 1156 1105 1184 feriant,
1127 1156 1150 1179 si
1166 1155 1302 1179 Bernardo
1323 1155 1355 1179 de
1375 1155 1465 1179 Insula
1484 1155 1601 1179 renuerit
1618 1155 1760 1179 concedere
1778 1154 1967 1186 praebendam,
1990 1162 2057 1186 quae
2080 1154 2104 1178 ei
2122 1153 2242 1183 Parisiis,

1000 1201 1079 1224 etiam
1096 1200 1207 1224 consilio
1226 1200 1427 1231 magist-rorum,
1443 1199 1594 1232 adjudicata
1610 1199 1660 1223 fuit
1666 1216 2242 1224 .......................
2303 1199 2334 1223 12

467 1272 495 1295 17
606 1281 637 1285 —
736 1267 887 1291 Decembris
904 1267 932 1291 17
969 1267 1136 1291 Innocentius
1158 1268 1195 1291 111
1215 1267 1314 1290 decano
1334 1270 1360 1291 et
1378 1266 1496 1298 capitulo
1515 1266 1677 1291 Ebot-acensi
1696 1266 1836 1298 praecipit,
1858 1269 1887 1290 ut
1907 1266 2067 1298 magistrum
2086 1267 2193 1290 Petrum
2211 1266 2243 1290 de

999 1312 1131 1340 Corbolio,
1147 1320 1162 1335 a
1175 1320 1227 1343 quo
1241 1311 1370 1344 (Parisiis)
1385 1311 1536 1335 divinarum
1550 1311 1677 1343 paginam
1688 1311 1882 1343 scripturarum
1896 1310 2006 1340 audivit,
2020 1311 2054 1334 ad
2063 1311 2243 1343 praehendam

998 1360 1024 1380 et
1039 1356 1286 1380 archidiaconatum
1306 1356 1449 1380 admittant
1451 1372 2241 1380 ...............................
2302 1356 2333 1380 14

465 1428 494 1450 18
603 1436 634 1440 ’-
727 1440 733 1447 .
750 1440 756 1447 .
777 1441 782 1446 .
803 1440 809 1446 .
826 1441 832 1447 .
852 1441 858 1447 .
877 1440 883 1447 .
904 1441 910 1447 .
930 1442 935 1447 .
967 1423 1097 1447 Robertus
1114 1424 1138 1447 11
1153 1431 1241 1447 comes
1259 1423 1400 1447 Droeensis
1419 1426 1445 1447 et
1464 1423 1579 1447 Iolendis
1599 1431 1665 1446 uxor
1683 1422 1740 1454 ejus
1759 1422 1893 1446 canonicis
1909 1423 1936 1447 S.
1951 1422 2067 1447 Thomae
2085 1422 2118 1446 de
2137 1423 2242 1454 Lupara

997 1468 1181 1500 possessiones
1197 1471 1222 1491 et
1235 1467 1356 1491 redditus
1371 1467 1405 1491 ad
1420 1467 1640 1491 sustentationem
1652 1470 1766 1499 quatuor
1780 1467 1967 1491 canonicorum
1981 1475 1998 1491 a
2011 1470 2087 1499 patre
2101 1467 2215 1491 Roberto
2230 1467 2241 1491 1

997 1512 1148 1544 assignatos
1164 1512 1240 1536 novis
1256 1512 1354 1536 additis
1370 1512 1421 1536 sub
1435 1512 1514 1536 certis
1529 1512 1726 1536 conditionibus
1745 1515 1869 1536 asserunt
1871 1528 2240 1537 ...............
2301 1512 2331 1537 15

463 1584 493 1606 19
583 1577 651 1604 1184
725 1596 933 1603 .........
964 1579 1098 1603 Johannes
1119 1578 1328 1603 Saresberiensis
1345 1578 1439 1603 scribit
1452 1579 1568 1603 Thomae
1583 1578 1768 1603 Cantuariensi
1782 1578 1983 1611 archiepiscopo
2001 1579 2033 1602 de
2052 1578 2108 1610 ejus
2126 1578 2241 1602 adventu

996 1623 1116 1652 Parisiis,
1132 1624 1178 1647 ubi
1196 1623 1344 1647 admiratur
1363 1623 1538 1648 reverentiam
1555 1623 1619 1647 cleri
1636 1627 1662 1647 et
1678 1623 1767 1647 varias
1781 1623 1967 1655 occupationes
1983 1622 2239 1655 philosophantium,

995 1672 1021 1692 et
1036 1669 1124 1692 studet
1139 1676 1166 1692 se
1181 1668 1288 1692 omnino
1302 1667 1470 1692 scholaribus
1481 1669 1647 1692 conformare
1649 1684 2240 1692 ........................
2300 1668 2332 1692 16

462 1740 492 1762 20
583 1733 649 1759 1167
755 1735 903 1766 Septembri
963 1735 1092 1759 ,Iohannis
1109 1735 1319 1759 Saresberiensis
1331 1735 1444 1767 epistola
1459 1735 1492 1759 ad
1507 1735 1614 1759 Petrum
1629 1735 1796 1767 scriptorem,
1809 1734 1837 1759 in
1850 1743 1902 1767 qua
1914 1734 1983 1759 inter
1995 1734 2048 1758 alia
2060 1735 2149 1763 refert,
2161 1734 2241 1758 Fran-

995 1780 1073 1809 ciam,
1084 1780 1203 1803 omnium
1215 1779 1386 1803 mitissimam
1397 1783 1422 1803 et
1435 1779 1619 1804 civilissimam
1629 1780 1771 1809 nationem,
1783 1778 1946 1812 alienigenas
1960 1779 2094 1803 scholares
2107 1778 2239 1811 abegisse.
2299 1780 2330 1804 20

461 1851 488 1874 21
581 1845 647 1871 1169
760 1846 903 1870 Novembri
963 1846 1078 1870 Thomas
1087 1847 1191 1875 Becket,
1200 1846 1417 1878 archiepiscopus
1428 1846 1636 1875 Cuntuariensis,
1645 1846 1874 1870 scribitWillelmo
1884 1845 2029 1870 Senonensi
2039 1845 2239 1878 archiepiscopo

994 1891 1026 1914 de
1049 1891 1095 1914 lite
1114 1891 1183 1915 inter
1202 1891 1292 1923 ipsum
1307 1894 1333 1915 et
1347 1891 1489 1915 Henricum
1505 1891 1529 1915 ΙΙ
1544 1891 1663 1923 Angliae,
1679 1891 1713 1915 ad
1727 1895 1807 1923 quam
1821 1891 1998 1915 dirimendam
2017 1898 2063 1914 rex
2080 1893 2191 1922 paratus
2211 1898 2239 1914 se

994 1935 1153 1959 monstravit
1167 1939 1239 1960 stare
1250 1935 1352 1967 judicio
1367 1936 1438 1968 regis
1454 1936 1625 1965 Francorum,
1641 1936 1683 1960 vel
1702 1935 1828 1960 ecclesiae
1845 1935 2002 1968 gallicanae,
2017 1937 2063 1959 aut
2077 1934 2238 1959 scholarium

993 1980 1183 2004 Parisiensium
1187 1996 2237 2005 .........................................
2297 1979 2327 2004 21

460 2052 489 2075 22
580 2045 648 2072 1164
722 2063 932 2070 .........
962 2047 1054 2071 Petrus
1075 2047 1202 2071 Cellensis
1223 2047 1256 2070 ad
1274 2047 1423 2071 Johannem
1438 2047 1667 2071 Saresberiensem
1682 2048 1714 2071 de
1728 2047 1855 2079 periculis
1870 2047 1973 2071 animas
1993 2046 2103 2071 Parisiis
2123 2046 2237 2070 circum-

994 2092 1126 2116 stantibus
1139 2095 1165 2116 et
1177 2092 1208 2116 de
1221 2100 1284 2116 vera
1299 2092 1391 2116 schola
1403 2091 1523 2116 veritatis
1527 2108 2236 2116 ............................
2297 2091 2328 2115 24

461 2164 490 2186 23
540 2156 688 2183 1173-1179
722 2175 931 2182 .........
962 2159 1055 2183 Petrus
1077 2158 1205 2182 Cellensis
1226 2159 1303 2182 Petro
1324 2158 1454 2182 cardinali
1477 2159 1503 2183 S.
1527 2158 1694 2191 Chrysogoni
1717 2159 1876 2190 magistrum
1899 2158 2051 2190 Crispinum
2073 2157 2236 2182 Parisienses

993 2203 1098 2227 scholas
1118 2203 1253 2227 aditurum
1272 2203 1438 2227 commendat
1446 2219 2236 2227 ...............................
2297 2201 2327 2225 24

461 2275 490 2297 24
580 2268 645 2294 1160
722 2286 931 2293 .........
962 2271 1055 2294 Petrus
1069 2270 1201 2294 Blesensis
1217 2270 1364 2294 Jocelinum
1378 2270 1533 2302 episcopum
1547 2270 1775 2294 Saresberiensem
1787 2273 1876 2294 monet
1888 2273 1918 2293 ut
1929 2269 2048 2293 debitum
2061 2277 2177 2293 annuum
2189 2277 2237 2301 per

993 2318 1101 2347 nepotes
1115 2323 1186 2343 suos,
1201 2323 1267 2346 quos
1282 2314 1335 2346 ipsi
1350 2315 1468 2338 Parisios
1483 2315 1642 2339 erudiendos
1656 2315 1760 2339 mittere
1773 2315 1942 2347 promiserat,
1956 2315 2085 2338 solvatur.
2096 2314 2132 2337 De
2145 2314 2237 2338 educa-

993 2360 1063 2383 tione
1075 2360 1202 2391 juvenum
1206 2375 2235 2384 ........................................
2296 2356 2327 2380 25

462 2430 491 2452 25
599 2439 631 2443 —
722 2441 931 2448 ·········
962 2428 1054 2451 Petrus
1079 2426 1212 2450 Blesensis
1234 2427 1264 2450 R.
1285 2426 1470 2451 archidiacono
1492 2427 1652 2451 Nannetensi
1673 2427 1780 2459 exponit
1801 2427 1833 2450 de
1851 2425 1957 2458 ingenio
1977 2428 2103 2457 nepotum
2124 2425 2237 2448 duorum

994 2480 1056 2495 suae
1076 2471 1235 2494 institutioni
1255 2471 1468 2500 commissorum,
1489 2471 1622 2503 simulque
1641 2472 1717 2495 docet
1736 2471 1841 2495 nonnisi
1858 2470 1937 2502 jactis
1955 2470 2039 2502 probe
2059 2469 2236 2493 fundamentis

993 2516 1179 2547 grammatices
1199 2516 1232 2539 ad
1253 2515 1410 2540 sublimiora
1426 2516 1515 2540 studia
1529 2516 1754 2548 progrediendum
1757 2530 2235 2540 ...................
2296 2511 2326 2535 2⁷

462 2584 492 2606 2ss
602 2593 631 2597 —
723 2596 932 2603 ·········
962 2584 1055 2607 Petrus
1071 2582 1204 2606 Blesensis
1217 2582 1351 2606 invehitur
1362 2582 1388 2606 in
1400 2583 1541 2614 quemdam
1552 2583 1714 2615 discipulum
1726 2591 1813 2611 suum,
1825 2581 1870 2614 qui
1882 2589 1962 2605 cursu
1974 2581 2126 2605 liberalium
2139 2580 2236 2604 artium

993 2629 1110 2651 consecto
1130 2635 1181 2650 non
1201 2630 1260 2650 ante
1280 2627 1416 2658 cogitabat
1435 2627 1584 2660 theologiae
1604 2636 1713 2659 operam
1732 2628 1805 2656 dare,
1821 2634 1900 2659 quam
1914 2634 1963 2658 per
1981 2625 2117 2649 biennium
2136 2625 2163 2648 in
2182 2624 2235 2648 otio

993 2672 1203 2703 consumpsisset
1205 2685 2234 2697 ........................................

463 2738 491 2760 27
603 2749 631 2752 --
725 2751 932 2758 ·········
962 2740 1054 2763 Petrus
1077 2738 1211 2762 Blesensis
1236 2738 1341 2762 cuidam
1365 2739 1436 2762 socio
1461 2738 1555 2762 scribit
1578 2747 1614 2767 se,
1637 2739 1741 2762 deserto
1761 2737 1829 2769 juris
1854 2736 1940 2760 civilis
1965 2735 2061 2764 studio,
2085 2735 2234 2767 theologiae

993 2784 1102 2807 Parisiis
1118 2791 1226 2814 operam
1241 2784 1319 2812 dare;
1333 2783 1401 2814 juris
1417 2783 1503 2807 civilis
1517 2783 1634 2807 studium
1649 2786 1675 2807 et
1689 2790 1766 2806 usum
1781 2784 1891 2814 propter
1903 2780 2030 2804 maximos
2045 2780 2234 2803 advocatorum

2293 2824 2324 2847 32

994 2829 1092 2852 abusus
1108 2837 1159 2851 non
1175 2828 1314 2851 convenire
1333 2827 1436 2852 clericis
1444 2841 1998 2852 ......................
2003 2834 2005 2837 ·
2017 2841 2232 2848 .........

463 2894 491 2916 28
582 2890 650 2916 1175
723 2905 932 2912 ·········
963 2896 1054 2919 Petrus
1076 2895 1208 2919 Blesensis
1230 2895 1323 2918 scribit
1342 2894 1471 2926 magistro
1490 2894 1615 2922 Ernaldo,
1638 2901 1666 2917 se
1685 2892 1781 2916 emisse
1802 2891 1912 2915 Parisiis
1934 2890 2018 2914 libros
2037 2890 2127 2921 legum
2147 2890 2233 2921 pretio

994 2943 1129 2963 numerato
1154 2941 1199 2963 sed
1224 2948 1275 2963 non
1300 2939 1454 2967 abstulisse,
1475 2947 1541 2971 quos
1560 2941 1648 2961 tamen
1667 2937 1736 2960 alius
1755 2935 1850 2968 majori
1868 2934 1954 2967 pretio
1978 2937 2115 2958 numerato
2139 2934 2233 2958 abstu-

994 2983 1061 3007 lerit.
1075 2984 1168 3015 Arguit
1181 2984 1264 3008 libros
1280 2982 1349 3011 illos,
1362 2982 1423 3006 licet
1438 2982 1490 3006 sihi
1504 2982 1595 3006 traditi
1609 2989 1660 3005 non
1677 2981 1738 3009 sint,
1750 2980 1784 3004 ab
1799 2979 1851 3003 alio
1866 2979 1918 3003 emi
1932 2987 1984 3003 non
1998 2979 2117 3011 potuisse
2121 2996 2231 3002 .....
2293 2978 2323 3001 33
