2580 3528
1103 429 1271 451 TABULA.
2057 424 2123 457 677

245 545 293 568 42⁶
381 541 451 569 1209
545 545 667 570 Jannarii
683 546 711 570 11
766 546 900 570 Sententia
914 546 1038 571 officialis
1053 546 1142 571 curiae
1156 547 1315 571 parisiensis
1329 551 1421 571 contra
1436 548 1545 571 clericos
1560 552 1586 572 et
1600 548 1743 576 scholares.
1759 549 1804 580 qui
1819 550 1851 573 de
1866 553 1940 573 nocte
1954 554 1979 573 et
1993 551 2035 574 die

796 590 906 615 Parisiis
921 599 981 615 cum
995 591 1078 615 armis
1090 591 1215 615 incedunt
1229 594 1255 615 et
1269 592 1370 623 flagitia
1387 592 1554 616 committunt
1562 610 2033 618 ...................
2078 596 2121 619 481

243 647 290 671 427
400 659 432 663 -
559 648 704 673 Februario
765 648 879 672 Litterae
903 649 1033 673 Johannis
1059 649 1253 681 archiepiscopi
1281 650 1416 674 Remensis
1442 653 1468 674 et
1493 650 1621 674 Guidonis
1647 651 1765 682 episcopi
1788 651 2033 679 Autissiodorensis,

795 693 892 725 quibus
912 693 1050 717 enuntiant
1068 694 1208 718 canonicos
1227 694 1397 718 beneficiatos
1417 698 1442 718 et
1461 695 1570 718 clericos
1585 694 1710 718 ecclesiae
1730 695 1813 719 Paris.
1830 704 1881 719 non
1901 696 1983 719 teneri
2002 697 2034 719 nd

795 738 1016 762 contributiouem
1034 746 1084 771 pro
1103 738 1200 762 debitis
1215 738 1402 763 Universitatis
1406 756 2034 764 .........................
2079 742 2124 765 482

242 793 290 817 428
401 805 428 809 -
569 792 688 823 Augusto
764 795 912 820 Ludovicus
932 796 975 825 lx,
990 796 1151 820 Francorum
1171 804 1225 825 rex,
1245 797 1405 828 emptionem
1423 797 1552 821 bonorum
1572 797 1719 825 confirmat,
1739 806 1807 830 quae
1826 797 1983 822 Guillelmus
2003 798 2035 821 de

795 841 882 864 Saana
901 840 935 864 ad
955 841 1174 864 sustentationem
1196 841 1335 865 duodecim
1354 841 1514 866 scholarium
1540 842 1565 865 in
1588 842 1721 874 theologia
1742 842 1852 866 Parisiis
1873 842 2034 866 studentium

794 885 936 918 acquisivit
938 902 2033 911 ...........................................
2078 889 2123 912 482

241 941 290 964 429
379 938 448 965 1270
535 939 673 964 Februarii
689 941 720 964 26
764 942 911 967 Ludovicus
929 942 974 972 lx,
990 943 1151 967 Francorum
1167 951 1221 971 rex,
1236 944 1268 967 de
1283 944 1415 967 taxatione
1429 944 1605 976 hospitiorum
1625 944 1795 969 scholarium.
1818 961 2032 969 .........
2077 947 2123 970 483

241 999 289 1022 430
337 995 489 1023 12264270
523 1013 531 1022 .
546 1014 553 1021 .
573 1014 579 1021 .
599 1015 606 1021 -
622 1015 628 1021 -
648 1015 655 1022 .
674 1015 680 1022 .
701 1016 706 1022 .
727 1017 732 1022 .
763 1000 911 1025 Ludovicus
927 1001 969 1029 lx,
985 1009 1031 1024 rex
1045 1001 1215 1030 Francorum,
1230 1002 1264 1025 ad
1279 1002 1461 1033 praepositum
1476 1001 1650 1026 Parisicnsem
1665 1002 1697 1025 de
1712 1002 1887 1032 scholaribus,
1903 1002 1947 1034 qui
1963 1010 2033 1026 mer-

793 1045 870 1069 cedes
883 1045 1060 1077 hospitiorum
1075 1054 1127 1069 non
1141 1046 1327 1078 persolverunt
1328 1063 2031 1072 ............................
2076 1049 2122 1072 484

241 1101 304 1125 4806
378 1098 448 1125 1270
556 1099 702 1124 Februario
762 1103 959 1127 Testamentum
974 1103 1099 1127 Ludovici
1114 1103 1156 1132 ΙΧ,
1173 1103 1244 1135 regis
1259 1104 1430 1133 Francorum,
1446 1104 1472 1128 in
1491 1113 1543 1136 quo
1562 1104 1722 1136 quibusdam
1738 1104 1904 1128 monasteriis
1924 1104 2029 1136 religio-

793 1155 884 1171 sorum
901 1150 926 1171 ct
944 1147 1111 1171 scholaribus
1127 1147 1236 1172 Parisiis
1255 1148 1446 1172 exsistensibus
1460 1148 1582 1180 providet
1584 1166 2030 1173 ..................
2075 1151 2121 1174 484

240 1203 285 1227 431
400 1215 427 1220 -
520 1202 684 1235 Septembris
703 1204 734 1227 29
761 1205 958 1229 Testamentum
974 1205 1080 1230 Roberti
1100 1205 1132 1229 dc
1151 1205 1272 1230 Sorbona
1286 1206 1318 1230 de
1333 1206 1389 1230 suis
1404 1206 1481 1230 bonis
1495 1206 1677 1230 immobilibus
1687 1223 2030 1231 ..............
2075 1209 2121 1232 485

239 1261 287 1285 432
399 1273 428 1278 —
527 1260 680 1294 Decembris
696 1261 726 1285 10
761 1263 897 1287 Tredecim
913 1271 1017 1287 errores
1036 1271 1052 1287 a
1071 1263 1206 1295 Stephano
1220 1263 1345 1296 episcopo
1360 1263 1503 1288 Parisienai
1517 1264 1683 1288 condemnati
1687 1281 2030 1289 ..............
2074 1267 2121 1289 486

239 1324 286 1348 433
398 1335 426 1340 -
521 1340 731 1348 .........
761 1326 894 1349 Statutum
916 1325 1106 1357 magistrorum
1127 1325 1272 1350 medicinae
1292 1329 1384 1350 contra
1405 1326 1564 1358 magistrum
1585 1327 1691 1350 Petrum
1710 1327 1742 1350 de
1762 1327 1876 1358 Lengres
1896 1330 1922 1350 et
1940 1330 2030 1350 contra

791 1369 960 1393 baccalareos
981 1369 1129 1394 licentiatos
1149 1373 1240 1394 contra
1259 1370 1475 1394 consuetudinem
1478 1387 2029 1396 ......................
2075 1374 2120 1396 488

238 1430 285 1454 481
375 1427 440 1454 1271
519 1447 729 1455 .........
759 1432 893 1456 Statutam
913 1431 1046 1456 facultatis
1063 1431 1209 1455 medicinae
1223 1435 1314 1456 contra
1330 1433 1421 1456 illicite
1435 1433 1621 1464 prncticantes,
1637 1433 1738 1457 scilicet
1752 1442 1783 1457 ne
1798 1433 1857 1465 quis
1872 1434 1989 1457 Judaeus
2004 1434 2030 1457 in

789 1476 907 1508 aliquam
922 1484 1063 1509 personam
1078 1476 1139 1500 fidei
1152 1476 1313 1500 christianae
1326 1477 1476 1509 chirurgice
1489 1485 1534 1501 seu
1547 1477 1738 1501 medicinaliter
1750 1477 1855 1510 operari
1868 1481 2029 1510 praesumat,

789 1524 815 1545 et
829 1529 862 1545 ne
875 1521 935 1553 quis
950 1521 1102 1553 chirurgus,
1117 1521 1313 1553 apothecarius,
1329 1522 1371 1545 vel
1385 1521 1525 1545 herbarius
1541 1525 1624 1546 metas
1639 1522 1744 1546 artificii
1758 1522 1799 1546 sui
1811 1522 1918 1546 excedat
1919 1539 2029 1546 .....
2073 1524 2119 1547 488

237 1581 285 1605 485
394 1593 426 1598 --
590 1581 658 1605 linio
758 1583 887 1608 officiali·
909 1583 999 1607 cariae
1021 1583 1106 1607 Paris.
1126 1586 1217 1607 notam
1238 1583 1301 1607 facit
1324 1585 1432 1608 fratrem
1454 1584 1612 1616 Gregorium
1633 1584 1740 1608 Ordinis
1759 1584 1841 1607 Vallis
1864 1584 2029 1608 scholarium

788 1630 1000 1652 coexsecutorem
1012 1627 1162 1652 testamenti
1175 1627 1291 1652 defuncti
1305 1628 1427 1660 magistri
1439 1628 1568 1652 Johannis
1583 1629 1615 1652 de
1628 1629 1683 1653 Rua
1696 1629 1858 1652 concessisse
1872 1628 1984 1653 Roberto
1998 1629 2030 1652 de

789 1672 908 1696 Sor-hona
924 1672 949 1696 in
965 1672 1079 1704 gratiam
1094 1672 1207 1696 duorum
1223 1673 1412 1704 magistrorum
1426 1673 1555 1705 quasdam
1570 1681 1689 1697 cameras
1705 1673 1769 1697 sitas
1783 1673 1892 1697 Parisiis
1895 1690 2029 1698 ......
2074 1676 2119 1698 490

236 1732 284 1756 438
392 1745 425 1750 -
537 1731 660 1757 Octobris
676 1734 707 1757 19
757 1735 955 1759 Testamentum
979 1734 1101 1766 magistri
1122 1734 1233 1759 Gerardi
1257 1735 1288 1758 de
1312 1735 1488 1759 Abbatisvilla
1512 1735 1538 1759 in
1563 1737 1678 1760 favorem
1700 1735 1861 1759 scholarium
1882 1735 2029 1767 theologiae

787 1779 882 1803 domas
903 1778 1037 1803 Son-bonae
1039 1796 2028 1804 .......................................
2072 1782 2116 1806 491

235 1839 282 1863 437
391 1852 423 1856 -
580 1852 612 1857 —
675 1841 705 1864 ²8
756 1841 866 1866 Nomina
882 1841 1011 1865 librorum
1027 1841 1175 1873 theologiae
1189 1850 1256 1873 quos
1272 1842 1399 1873 magister
1414 1842 1573 1874 Stephanus,
1589 1842 1721 1874 quondam
1737 1842 1938 1866 archidiaconus
1958 1843 2027 1866 Can-

787 1885 938 1914 tuariensis,
961 1885 1061 1918 legavit
1081 1886 1318 1910 accommodandos
1339 1886 1503 1918 pauperibus
1527 1886 1694 1910 scholaribus
1716 1886 1825 1910 Parisiis
1846 1886 1872 1910 ia
1894 1886 2027 1918 theologia

786 1930 953 1955 studentibus
973 1938 1021 1962 per
1040 1938 1133 1954 manus
1153 1930 1303 1954 cancellarii
1319 1930 1476 1955 Parisiensis
1478 1948 2025 1956 ......................
2070 1933 2116 1956 493

233 1990 282 2014 ⁴8⁸
390 2003 422 2008 —
522 1989 674 2014 Decembris
690 1992 720 2014 23
754 1992 895 2025 Philippus
914 1993 960 2021 ΙΙΙ,
977 1993 1136 2016 Francorum
1157 2000 1210 2021 rex,
1227 1993 1301 2016 lvoni
1320 1993 1410 2016 abbati
1430 1996 1456 2017 et
1474 1993 1612 2017 conventui
1633 1993 1751 2017 Cluniae.
1769 1993 1889 2017 concedit
1907 2002 2026 2016 commu—

785 2037 865 2062 tando
884 2037 1024 2070 quemdam
1040 2036 1127 2061 vicum
1143 2036 1218 2068 juxu-
1237 2037 1304 2061 duns
1324 2037 1418 2061 domus
1436 2046 1527 2061 eorum
1547 2037 1656 2062 Parisiis
1676 2038 1709 2061 ad
1729 2037 1778 2061 hor
1793 2041 1821 2061 ut
1835 2038 1908 2070 ipsas
1924 2037 2025 2070 possint

785 2081 944 2114 conjungere
962 2085 988 2106 et
1006 2082 1132 2114 perficere
1134 2098 2024 2107 ...................................
2070 2085 2114 2107 494

233 2142 281 2166 439
327 2138 478 2168 ino-¹27¹
512 2158 724 2166 .........
754 2144 880 2176 Magister
903 2144 1026 2168 Nicolnus
1049 2144 1216 2169 Lexoviensis
1240 2144 1333 2168 scribit
1361 2144 1502 2169 Guillelmo
1525 2145 1558 2168 de
1582 2145 1608 2169 S.
1634 2146 1727 2168 Amore
1749 2145 1774 2168 in
1799 2144 1920 2169 exsilium
1944 2145 2025 2176 ejecto

784 2189 888 2222 ipsique
903 2197 980 2213 suum
996 2188 1093 2213 librum
1109 2192 1200 2213 contra
1216 2189 1394 2213 mendicantes
1409 2189 1584 2221 compositum
1599 2189 1754 2213 transmittit
1758 2206 2023 2213 ...........
2068 2191 2114 2213 495

232 2249 280 2272 440
385 2260 417 2266 -
511 2265 724 2274 .........
752 2250 910 2276 Guillelmus
925 2251 958 2275 de
973 2251 1000 2275 S.
1015 2251 1108 2275 Amore
1123 2259 1155 2275 ex
1168 2251 1261 2275 exsilio
1276 2251 1417 2283 respondet
1429 2251 1536 2275 Nicolao
1549 2251 1701 2276 Lexovicnsi
1705 2268 2023 2275 .............
2068 2252 2114 2276 498

231 2309 276 2334 441
369 2307 437 2336 ¹2⁷2
553 2309 652 2343 Aprilis
668 2310 679 2335 1
753 2314 886 2338 Statatum
906 2313 1039 2337 facultatis
1058 2312 1156 2337 artium
1176 2316 1266 2337 contra
1286 2313 1394 2337 artistas
1413 2316 1556 2338 tractantes
1575 2313 1742 2346 quaestiones
1761 2313 1933 2345 theologicas,
1948 2316 1974 2337 et
1992 2321 2024 2337 na

783 2357 842 2390 quis
857 2356 1034 2390 quaestiones,
1050 2365 1117 2389 qnae
1132 2357 1210 2381 fidem
1225 2357 1359 2389 attingunt
1373 2357 1504 2390 simulque
1519 2357 1726 2390 philosophiam,
1741 2360 1832 2381 contra
1848 2357 1926 2381 fidem
1940 2358 2023 2382 deter-

783 2401 885 2426 minare
898 2401 994 2426 audeat
996 2418 2021 2427 ........................................
2066 2403 2113 2426 499

231 2461 278 2485 442
387 2474 421 2479 -
563 2461 623 2486 lanii
640 2461 669 2486 ¹⁷
752 2463 897 2489 Consilium
917 2463 1107 2496 magistrorum
1124 2463 1234 2488 Parisiis
1249 2463 1395 2496 regentium
1412 2463 1438 2487 in
1453 2463 1565 2488 decretis
1580 2463 1612 2487 de
1627 2464 1755 2496 magistro
1770 2464 1889 2489 Ouidana
1908 2464 1940 2488 de
1958 2464 2023 2489 Gas-

781 2508 838 2533 tina
852 2508 886 2532 ad
899 2507 1041 2540 collegium
1055 2507 1174 2540 ipsorum
1191 2516 1242 2532 non
1256 2507 1428 2538 admittendo,
1444 2507 1495 2532 nisi
1511 2511 1609 2532 statuta
1623 2507 1766 2532 observare
1776 2508 1907 2541 juraverit
1909 2525 2020 2533 .....
2066 2510 2112 2532 500

230 2567 277 2592 443
387 2580 419 2586 -
560 2567 625 2592 Julii
640 2568 668 2591 ³¹
751 2570 862 2595 Carolus
882 2571 902 2599 Ι,
922 2578 968 2595 rex
987 2569 1102 2599 Siciliae,
1123 2570 1244 2595 doctores
1262 2573 1288 2594 et
1307 2570 1442 2594 scholares
1464 2570 1626 2595 Parisienses
1648 2570 1743 2595 invitat
1762 2573 1791 2595 ut
1809 2570 1956 2603 Neapolim,
1975 2570 2020 2595 ubi

782 2614 900 2639 studium
914 2614 1038 2647 generale
1051 2614 1219 2642 instauravit.
1234 2614 1344 2639 docendi
1360 2617 1386 2639 et
1400 2614 1524 2639 audiendi
1539 2622 1619 2639 eausa
1639 2614 1745 2639 veniant
1747 2631 2020 2640 ...........
2065 2615 2108 2638 5⁰1

229 2674 276 2698 “⁴
387 2687 419 2693 —
510 2691 721 2699 ·········
750 2676 888 2702 Ordinatio
904 2677 972 2701 facta
985 2685 1000 2701 a
1013 2676 1149 2709 magistris
1163 2676 1296 2701 facultatis
1309 2676 1462 2705 medicinae.
1478 2676 1548 2710 quod
1563 2677 1649 2701 amnis
1664 2676 1834 2701 baccalareus
1846 2677 1872 2701 in
1885 2677 2019 2710 praedicta

781 2722 907 2747 facultate
921 2721 1075 2754 incepturus
1089 2720 1213 2745 omnibus
1234 2720 1260 2744 in
1275 2720 1405 2745 medicina
1420 2720 1557 2753 magistris
1572 2721 1599 2745 in
1614 2729 1662 2745 sua
1681 2721 1814 2753 principio
1832 2721 2020 2746 exsistentibus

780 2766 865 2799 pileos
876 2765 1073 2790 administrabit
1075 2782 2018 2791 .....................................
2064 2767 2109 2789 ³02

229 2825 277 2849 445
388 2838 416 2844 -
509 2842 720 2851 .........
750 2828 897 2854 Declaratio
917 2827 1050 2853 facultatis
1069 2828 1234 2852 decretorum
1249 2828 1281 2852 de
1301 2836 1379 2852 seusu
1394 2827 1530 2861 privilegii
1545 2827 1641 2852 summi
1656 2827 1789 2861 pontificis
1804 2828 1889 2860 quoad
1906 2837 2018 2860 suspen-

286 2903 288 2905 ·
781 2873 881 2897 sionem
903 2872 1055 2897 lectionum.
1078 2889 2016 2898 .....................................
2062 2872 2107 2894 502

229 2930 277 2955 “0
319 2930 475 2959 1271-1273
509 2948 720 2956 ·········
749 2935 893 2961 conventio
906 2934 974 2959 inter
987 2934 1144 2967 magistrum
1156 2934 1313 2964 Johannem,
1328 2934 1516 2959 cancellarium
1538 2934 1691 2963 Paridem..
1711 2938 1736 2959 et
1756 2935 1906 2959 facultatem
1926 2935 2017 2958 deere-

780 2983 867 3005 toram
884 2980 916 3004 de
929 2987 979 3004 usa
996 2978 1078 3012 sigilli
1096 2979 1214 3012 ejusdem
1230 2978 1364 3004 facultatis
1367 2995 1503 3004 ......
1504 3009 1513 3014 -
1521 2995 2015 3004 ....................
2061 2978 2106 3000 503
