<?xml version="1.0" encoding="UTF-8"?>
<!DOCTYPE html PUBLIC "-//W3C//DTD XHTML 1.0 Transitional//EN"
    "http://www.w3.org/TR/xhtml1/DTD/xhtml1-transitional.dtd">
<html xmlns="http://www.w3.org/1999/xhtml" xml:lang="en" lang="en">
 <head>
  <title>
</title>
<meta http-equiv="Content-Type" content="text/html;charset=utf-8" />
  <meta name='ocr-system' content='tesseract 3.04.00' />
  <meta name='ocr-capabilities' content='ocr_page ocr_carea ocr_par ocr_line ocrx_word'/>
</head>
<body>
  <div class='ocr_page' id='page_1' title='image "./chartulariumuniv01univuoft_0026.png"; bbox 0 0 2618 3640; ppageno 0'>
   <div class='ocr_carea' id='block_1_1' title="bbox 216 521 493 550">
    <p class='ocr_par' dir='ltr' id='par_1_1' title="bbox 216 521 493 550">
     <span class='ocr_line' id='line_1_1' title="bbox 216 521 493 550; baseline 0.007 -4"><span class='ocrx_word' id='word_1_1' title='bbox 216 521 349 550; x_wconf 71' lang='lat' dir='ltr'><strong>Quattuor</strong></span> <span class='ocrx_word' id='word_1_2' title='bbox 359 522 493 548; x_wconf 73' lang='lat' dir='ltr'><strong>Nationes,</strong></span> 
     </span>
    </p>
   </div>
   <div class='ocr_carea' id='block_1_2' title="bbox 519 431 1812 455">
    <p class='ocr_par' dir='ltr' id='par_1_2' title="bbox 519 431 1812 455">
     <span class='ocr_line' id='line_1_2' title="bbox 519 431 1812 455; baseline 0 0"><span class='ocrx_word' id='word_1_3' title='bbox 519 433 564 455; x_wconf 86' lang='lat' dir='ltr'><strong>XX</strong></span> <span class='ocrx_word' id='word_1_4' title='bbox 1095 432 1417 455; x_wconf 73' lang='lat' dir='ltr'>CHARTULARIUM</span> <span class='ocrx_word' id='word_1_5' title='bbox 1452 431 1645 454; x_wconf 77' lang='lat' dir='ltr'><strong>UNIVERS.</strong></span> <span class='ocrx_word' id='word_1_6' title='bbox 1682 431 1812 455; x_wconf 69' lang='lat' dir='ltr'><strong>PARIS.</strong></span> 
     </span>
    </p>
   </div>
   <div class='ocr_carea' id='block_1_3' title="bbox 505 506 2430 2136">
    <p class='ocr_par' dir='ltr' id='par_1_3' title="bbox 515 506 2412 1344">
     <span class='ocr_line' id='line_1_3' title="bbox 618 506 2410 556; baseline -0.001 -12"><span class='ocrx_word' id='word_1_7' title='bbox 618 509 698 544; x_wconf 84' lang='lat' dir='ltr'><strong>Jam</strong></span> <span class='ocrx_word' id='word_1_8' title='bbox 722 509 766 544; x_wconf 93' lang='lat' dir='ltr'><strong>de</strong></span> <span class='ocrx_word' id='word_1_9' title='bbox 789 512 956 556; x_wconf 84' lang='lat' dir='ltr'><strong>quattuor</strong></span> <span class='ocrx_word' id='word_1_10' title='bbox 975 507 1202 552; x_wconf 89' lang='lat' dir='ltr'><strong>Nationibus⁷</strong></span> <span class='ocrx_word' id='word_1_11' title='bbox 1228 520 1320 555; x_wconf 88' lang='lat' dir='ltr'><strong>quae</strong></span> <span class='ocrx_word' id='word_1_12' title='bbox 1342 508 1429 544; x_wconf 88' lang='lat' dir='ltr'><strong>tanti</strong></span> <span class='ocrx_word' id='word_1_13' title='bbox 1450 507 1624 544; x_wconf 81' lang='lat' dir='ltr'>momenti</span> <span class='ocrx_word' id='word_1_14' title='bbox 1641 511 1722 555; x_wconf 89' lang='lat' dir='ltr'><strong>post</strong></span> <span class='ocrx_word' id='word_1_15' title='bbox 1738 507 1928 544; x_wconf 89' lang='lat' dir='ltr'><strong>formatam</strong></span> <span class='ocrx_word' id='word_1_16' title='bbox 1946 506 2223 543; x_wconf 88' lang='lat' dir='ltr'><strong>Universitatem</strong></span> <span class='ocrx_word' id='word_1_17' title='bbox 2248 507 2410 550; x_wconf 83' lang='lat' dir='ltr'><strong>suerunt,</strong></span> 
     </span>
     <span class='ocr_line' id='line_1_4' title="bbox 522 578 2412 628; baseline 0 -13"><span class='ocrx_word' id='word_1_18' title='bbox 522 580 630 617; x_wconf 90' lang='lat' dir='ltr'><strong>verba</strong></span> <span class='ocrx_word' id='word_1_19' title='bbox 656 580 832 628; x_wconf 82' lang='lat' dir='ltr'>quaedam</span> <span class='ocrx_word' id='word_1_20' title='bbox 861 591 969 628; x_wconf 86' lang='lat' dir='ltr'><strong>supra</strong></span> <span class='ocrx_word' id='word_1_21' title='bbox 993 579 1311 627; x_wconf 84' lang='lat' dir='ltr'><strong>praestrinximus;</strong></span> <span class='ocrx_word' id='word_1_22' title='bbox 1341 592 1439 615; x_wconf 90' lang='lat' dir='ltr'><strong>nuuc</strong></span> <span class='ocrx_word' id='word_1_23' title='bbox 1465 579 1579 615; x_wconf 78' lang='lat' dir='ltr'><strong>fusius</strong></span> <span class='ocrx_word' id='word_1_24' title='bbox 1606 579 1731 627; x_wconf 87' lang='lat' dir='ltr'><strong>quales</strong></span> <span class='ocrx_word' id='word_1_25' title='bbox 1760 578 1895 615; x_wconf 90' lang='lat' dir='ltr'><strong>fuerint</strong></span> <span class='ocrx_word' id='word_1_26' title='bbox 1925 578 2202 627; x_wconf 81' lang='lat' dir='ltr'>explicabimus.</span> <span class='ocrx_word' id='word_1_27' title='bbox 2235 581 2412 621; x_wconf 80' lang='lat' dir='ltr'><strong>Quattuor</strong></span> 
     </span>
     <span class='ocr_line' id='line_1_5' title="bbox 521 650 2411 700; baseline -0.001 -11"><span class='ocrx_word' id='word_1_28' title='bbox 521 652 690 689; x_wconf 82' lang='lat' dir='ltr'><strong>Nationes</strong></span> <span class='ocrx_word' id='word_1_29' title='bbox 709 651 960 700; x_wconf 82' lang='lat' dir='ltr'><strong>magistrorum</strong></span> <span class='ocrx_word' id='word_1_30' title='bbox 980 651 1120 687; x_wconf 84' lang='lat' dir='ltr'><strong>Artium</strong></span> <span class='ocrx_word' id='word_1_31' title='bbox 1143 655 1178 687; x_wconf 90' lang='lat' dir='ltr'><strong>et</strong></span> <span class='ocrx_word' id='word_1_32' title='bbox 1194 651 1412 687; x_wconf 81' lang='lat' dir='ltr'>scholarium</span> <span class='ocrx_word' id='word_1_33' title='bbox 1432 650 1590 699; x_wconf 89' lang='lat' dir='ltr'><strong>primum</strong></span> <span class='ocrx_word' id='word_1_34' title='bbox 1611 663 1705 687; x_wconf 92' lang='lat' dir='ltr'><strong>anno</strong></span> <span class='ocrx_word' id='word_1_35' title='bbox 1727 654 1820 687; x_wconf 79' lang='grc'>1255</span> <span class='ocrx_word' id='word_1_36' title='bbox 1843 665 1857 683; x_wconf 89' lang='lat'>«</span> <span class='ocrx_word' id='word_1_37' title='bbox 1873 650 1919 687; x_wconf 89' lang='lat' dir='ltr'><strong>ab</strong></span> <span class='ocrx_word' id='word_1_38' title='bbox 1935 650 2084 699; x_wconf 89' lang='lat' dir='ltr'><strong>antiquo</strong></span> <span class='ocrx_word' id='word_1_39' title='bbox 2099 650 2240 687; x_wconf 90' lang='lat' dir='ltr'><strong>Parisiis</strong></span> <span class='ocrx_word' id='word_1_40' title='bbox 2255 651 2411 688; x_wconf 88' lang='lat' dir='ltr'><strong>distinc-</strong></span> 
     </span>
     <span class='ocr_line' id='line_1_6' title="bbox 519 722 2411 771; baseline -0.001 -11"><span class='ocrx_word' id='word_1_41' title='bbox 519 727 576 760; x_wconf 88' lang='lat' dir='ltr'><strong>tae</strong></span> <span class='ocrx_word' id='word_1_42' title='bbox 592 739 607 757; x_wconf 90' lang='lat'>»</span> <span class='ocrx_word' id='word_1_43' title='bbox 632 728 879 760; x_wconf 80' lang='lat' dir='ltr'><strong>memorantur</strong></span> <span class='ocrx_word' id='word_1_44' title='bbox 892 723 989 766; x_wconf 75' lang='lat' dir='ltr'><em>(Vid.</em></span> <span class='ocrx_word' id='word_1_45' title='bbox 1013 730 1050 759; x_wconf 90' lang='lat' dir='ltr'><strong>n⁰</strong></span> <span class='ocrx_word' id='word_1_46' title='bbox 1071 722 1174 771; x_wconf 80' lang='grc'>256);</span> <span class='ocrx_word' id='word_1_47' title='bbox 1202 734 1295 770; x_wconf 90' lang='lat' dir='ltr'><strong>quae</strong></span> <span class='ocrx_word' id='word_1_48' title='bbox 1318 722 1465 770; x_wconf 89' lang='lat' dir='ltr'><strong>quidem</strong></span> <span class='ocrx_word' id='word_1_49' title='bbox 1484 722 1699 771; x_wconf 83' lang='lat' dir='ltr'><strong>Anglicana‚</strong></span> <span class='ocrx_word' id='word_1_50' title='bbox 1720 722 1953 765; x_wconf 90' lang='lat' dir='ltr'><strong>Gallicorum,</strong></span> <span class='ocrx_word' id='word_1_51' title='bbox 1970 724 2276 766; x_wconf 86' lang='lat' dir='ltr'><strong>Normannorum,</strong></span> <span class='ocrx_word' id='word_1_52' title='bbox 2293 723 2411 759; x_wconf 87' lang='lat' dir='ltr'><strong>Picar-</strong></span> 
     </span>
     <span class='ocr_line' id='line_1_7' title="bbox 519 793 2410 842; baseline -0.001 -10"><span class='ocrx_word' id='word_1_53' title='bbox 519 796 647 832; x_wconf 90' lang='lat' dir='ltr'><strong>dorum</strong></span> <span class='ocrx_word' id='word_1_54' title='bbox 674 795 842 832; x_wconf 84' lang='lat' dir='ltr'><strong>Nationes</strong></span> <span class='ocrx_word' id='word_1_55' title='bbox 869 794 1185 842; x_wconf 82' lang='lat' dir='ltr'><strong>nuncupabantur.</strong></span> <span class='ocrx_word' id='word_1_56' title='bbox 1212 794 1363 836; x_wconf 88' lang='lat' dir='ltr'><strong>Quando</strong></span> <span class='ocrx_word' id='word_1_57' title='bbox 1389 798 1510 830; x_wconf 89' lang='lat' dir='ltr'><strong>autem</strong></span> <span class='ocrx_word' id='word_1_58' title='bbox 1535 795 1602 830; x_wconf 83' lang='lat' dir='ltr'><strong>ista</strong></span> <span class='ocrx_word' id='word_1_59' title='bbox 1626 793 1830 830; x_wconf 78' lang='lat' dir='ltr'><strong>distributio</strong></span> <span class='ocrx_word' id='word_1_60' title='bbox 1854 798 1932 830; x_wconf 88' lang='lat' dir='ltr'><strong>orta</strong></span> <span class='ocrx_word' id='word_1_61' title='bbox 1953 794 1996 830; x_wconf 92' lang='lat' dir='ltr'><strong>sit</strong></span> <span class='ocrx_word' id='word_1_62' title='bbox 2016 794 2225 842; x_wconf 83' lang='lat' dir='ltr'><strong>ambigitur.</strong></span> <span class='ocrx_word' id='word_1_63' title='bbox 2254 795 2410 831; x_wconf 85' lang='lat' dir='ltr'><strong>Bulaeus</strong></span> 
     </span>
     <span class='ocr_line' id='line_1_8' title="bbox 518 865 2408 914; baseline -0.001 -10"><span class='ocrx_word' id='word_1_64' title='bbox 518 871 600 904; x_wconf 85' lang='lat' dir='ltr'><strong>ante</strong></span> <span class='ocrx_word' id='word_1_65' title='bbox 620 868 831 904; x_wconf 85' lang='lat' dir='ltr'><strong>constitutas</strong></span> <span class='ocrx_word' id='word_1_66' title='bbox 855 870 1025 914; x_wconf 90' lang='lat' dir='ltr'><strong>quattuor</strong></span> <span class='ocrx_word' id='word_1_67' title='bbox 1046 866 1247 902; x_wconf 80' lang='lat' dir='ltr'><strong>Facultates</strong></span> <span class='ocrx_word' id='word_1_68' title='bbox 1267 869 1381 902; x_wconf 91' lang='lat' dir='ltr'><strong>ortam</strong></span> <span class='ocrx_word' id='word_1_69' title='bbox 1407 865 1578 914; x_wconf 82' lang='lat' dir='ltr'><strong>putabat,</strong></span> <span class='ocrx_word' id='word_1_70' title='bbox 1598 865 1945 913; x_wconf 87' lang='lat' dir='ltr'><strong>Universitatemque</strong></span> <span class='ocrx_word' id='word_1_71' title='bbox 1969 866 2156 914; x_wconf 87' lang='lat' dir='ltr'><strong>antiquam</strong></span> <span class='ocrx_word' id='word_1_72' title='bbox 2176 867 2408 903; x_wconf 84' lang='lat' dir='ltr'><strong>constitutam</strong></span> 
     </span>
     <span class='ocr_line' id='line_1_9' title="bbox 519 938 2408 989; baseline 0 -14"><span class='ocrx_word' id='word_1_73' title='bbox 519 938 628 989; x_wconf 83' lang='lat' dir='ltr'><strong>fuisse</strong></span> <span class='ocrx_word' id='word_1_74' title='bbox 655 951 697 975; x_wconf 87' lang='lat' dir='ltr'><strong>ex</strong></span> <span class='ocrx_word' id='word_1_75' title='bbox 717 942 885 987; x_wconf 87' lang='lat' dir='ltr'><strong>quattuor</strong></span> <span class='ocrx_word' id='word_1_76' title='bbox 919 938 1151 981; x_wconf 85' lang='lat' dir='ltr'><strong>Nationibus;</strong></span> <span class='ocrx_word' id='word_1_77' title='bbox 1182 938 1293 973; x_wconf 92' lang='lat' dir='ltr'><strong>immo</strong></span> <span class='ocrx_word' id='word_1_78' title='bbox 1320 949 1416 973; x_wconf 92' lang='lat' dir='ltr'><strong>anno</strong></span> <span class='ocrx_word' id='word_1_79' title='bbox 1442 939 1534 974; x_wconf 90' lang='grc'>1206</span> <span class='ocrx_word' id='word_1_80' title='bbox 1563 941 1738 973; x_wconf 89' lang='lat' dir='ltr'><strong>statutum</strong></span> <span class='ocrx_word' id='word_1_81' title='bbox 1757 941 1927 985; x_wconf 91' lang='lat' dir='ltr'><strong>quattuor</strong></span> <span class='ocrx_word' id='word_1_82' title='bbox 1951 938 2147 974; x_wconf 89' lang='lat' dir='ltr'><strong>Nationum</strong></span> <span class='ocrx_word' id='word_1_83' title='bbox 2168 939 2212 975; x_wconf 92' lang='lat' dir='ltr'><strong>de</strong></span> <span class='ocrx_word' id='word_1_84' title='bbox 2238 938 2408 987; x_wconf 90' lang='lat' dir='ltr'><strong>eligendo</strong></span> 
     </span>
     <span class='ocr_line' id='line_1_10' title="bbox 518 1008 2407 1058; baseline -0.001 -11"><span class='ocrx_word' id='word_1_85' title='bbox 518 1014 668 1048; x_wconf 89' lang='lat' dir='ltr'><strong>Rectore</strong></span> <span class='ocrx_word' id='word_1_86' title='bbox 681 1010 856 1047; x_wconf 86' lang='lat' dir='ltr'><strong>exstitisse</strong></span> <span class='ocrx_word' id='word_1_87' title='bbox 871 1009 1123 1053; x_wconf 82' lang='lat' dir='ltr'><strong>concludebat,</strong></span> <span class='ocrx_word' id='word_1_88' title='bbox 1138 1009 1295 1057; x_wconf 84' lang='lat' dir='ltr'><strong>quadam</strong></span> <span class='ocrx_word' id='word_1_89' title='bbox 1309 1008 1493 1044; x_wconf 86' lang='lat' dir='ltr'><strong>mentione</strong></span> <span class='ocrx_word' id='word_1_90' title='bbox 1510 1008 1622 1044; x_wconf 89' lang='lat' dir='ltr'><strong>fretus</strong></span> <span class='ocrx_word' id='word_1_91' title='bbox 1636 1020 1728 1056; x_wconf 88' lang='lat' dir='ltr'><strong>quae</strong></span> <span class='ocrx_word' id='word_1_92' title='bbox 1743 1008 1859 1045; x_wconf 86' lang='lat' dir='ltr'><strong>inerat</strong></span> <span class='ocrx_word' id='word_1_93' title='bbox 1870 1009 2032 1057; x_wconf 87' lang='lat' dir='ltr'><strong>catalogo</strong></span> <span class='ocrx_word' id='word_1_94' title='bbox 2047 1009 2120 1058; x_wconf 89' lang='lat' dir='ltr'><strong>(qui</strong></span> <span class='ocrx_word' id='word_1_95' title='bbox 2132 1010 2321 1058; x_wconf 92' lang='lat' dir='ltr'><strong>hucusque</strong></span> <span class='ocrx_word' id='word_1_96' title='bbox 2334 1021 2407 1047; x_wconf 92' lang='lat' dir='ltr'><strong>non</strong></span> 
     </span>
     <span class='ocr_line' id='line_1_11' title="bbox 517 1079 2406 1131; baseline -0.001 -12"><span class='ocrx_word' id='word_1_97' title='bbox 517 1085 680 1131; x_wconf 87' lang='lat' dir='ltr'><strong>repertus</strong></span> <span class='ocrx_word' id='word_1_98' title='bbox 701 1085 765 1125; x_wconf 90' lang='lat' dir='ltr'><strong>est)</strong></span> <span class='ocrx_word' id='word_1_99' title='bbox 795 1093 915 1117; x_wconf 86' lang='lat' dir='ltr'><strong>rerum</strong></span> <span class='ocrx_word' id='word_1_100' title='bbox 938 1081 974 1116; x_wconf 90' lang='lat' dir='ltr'><strong>in</strong></span> <span class='ocrx_word' id='word_1_101' title='bbox 992 1079 1166 1116; x_wconf 85' lang='lat' dir='ltr'><strong>tabulario</strong></span> <span class='ocrx_word' id='word_1_102' title='bbox 1191 1080 1351 1115; x_wconf 86' lang='lat' dir='ltr'><strong>Nationis</strong></span> <span class='ocrx_word' id='word_1_103' title='bbox 1372 1079 1577 1116; x_wconf 86' lang='lat' dir='ltr'><strong>Gallicanae</strong></span> <span class='ocrx_word' id='word_1_104' title='bbox 1603 1082 1856 1115; x_wconf 87' lang='lat' dir='ltr'><strong>contentarum</strong></span> <span class='ocrx_word' id='word_1_105' title='bbox 1870 1081 1894 1115; x_wconf 80' lang='lat'><strong>⁸.</strong></span> <span class='ocrx_word' id='word_1_106' title='bbox 1922 1081 2076 1128; x_wconf 87' lang='lat' dir='ltr'><strong>Jamque</strong></span> <span class='ocrx_word' id='word_1_107' title='bbox 2097 1084 2223 1118; x_wconf 84' lang='lat' dir='ltr'><strong>auctor</strong></span> <span class='ocrx_word' id='word_1_108' title='bbox 2244 1081 2324 1118; x_wconf 91' lang='lat' dir='ltr'><strong>libri</strong></span> <span class='ocrx_word' id='word_1_109' title='bbox 2345 1080 2406 1130; x_wconf 91' lang='lat' dir='ltr'><strong>qui</strong></span> 
     </span>
     <span class='ocr_line' id='line_1_12' title="bbox 515 1151 2409 1200; baseline -0.001 -10"><span class='ocrx_word' id='word_1_110' title='bbox 515 1154 723 1191; x_wconf 87' lang='lat' dir='ltr'><strong>inscribitur</strong></span> <span class='ocrx_word' id='word_1_111' title='bbox 739 1165 746 1188; x_wconf 93' lang='lat'>:</span> <span class='ocrx_word' id='word_1_112' title='bbox 761 1168 775 1186; x_wconf 73' lang='grc' dir='ltr'><strong>(ι</strong></span> <span class='ocrx_word' id='word_1_113' title='bbox 790 1151 1249 1200; x_wconf 44' lang='grc' dir='ltr'><strong>ΗΠἰνθι·εἰίειῐί5,Ρειι·ἰείοιιείε</strong></span> <span class='ocrx_word' id='word_1_114' title='bbox 1263 1152 1414 1199; x_wconf 87' lang='lat' dir='ltr'><strong>ejusque</strong></span> <span class='ocrx_word' id='word_1_115' title='bbox 1430 1151 1656 1187; x_wconf 87' lang='lat' dir='ltr'><strong>Facultatum</strong></span> <span class='ocrx_word' id='word_1_116' title='bbox 1669 1155 1823 1198; x_wconf 86' lang='lat' dir='ltr'><strong>quatuor</strong></span> <span class='ocrx_word' id='word_1_117' title='bbox 1836 1151 1938 1200; x_wconf 88' lang='lat' dir='ltr'><strong>origo</strong></span> <span class='ocrx_word' id='word_1_118' title='bbox 1949 1163 2059 1188; x_wconf 82' lang='lat' dir='ltr'><strong>vera»</strong></span> <span class='ocrx_word' id='word_1_119' title='bbox 2076 1153 2157 1200; x_wconf 89' lang='lat' dir='ltr'><strong>jure</strong></span> <span class='ocrx_word' id='word_1_120' title='bbox 2171 1153 2324 1189; x_wconf 81' lang='lat' dir='ltr'><strong>asseruit</strong></span> <span class='ocrx_word' id='word_1_121' title='bbox 2337 1156 2409 1189; x_wconf 85' lang='lat' dir='ltr'><strong>sta-</strong></span> 
     </span>
     <span class='ocr_line' id='line_1_13' title="bbox 515 1221 2407 1272; baseline -0.001 -10"><span class='ocrx_word' id='word_1_122' title='bbox 515 1229 633 1262; x_wconf 90' lang='lat' dir='ltr'><strong>tutum</strong></span> <span class='ocrx_word' id='word_1_123' title='bbox 656 1226 746 1261; x_wconf 92' lang='lat' dir='ltr'><strong>illud</strong></span> <span class='ocrx_word' id='word_1_124' title='bbox 763 1224 1050 1272; x_wconf 87' lang='lat' dir='ltr'><strong>suppositicium,</strong></span> <span class='ocrx_word' id='word_1_125' title='bbox 1070 1223 1275 1270; x_wconf 90' lang='lat' dir='ltr'><strong>mirumque</strong></span> <span class='ocrx_word' id='word_1_126' title='bbox 1298 1222 1395 1270; x_wconf 89' lang='lat' dir='ltr'><strong>quod</strong></span> <span class='ocrx_word' id='word_1_127' title='bbox 1414 1234 1487 1258; x_wconf 87' lang='lat' dir='ltr'><strong>non</strong></span> <span class='ocrx_word' id='word_1_128' title='bbox 1505 1221 1613 1258; x_wconf 88' lang='lat' dir='ltr'><strong>fuerit</strong></span> <span class='ocrx_word' id='word_1_129' title='bbox 1629 1222 1850 1271; x_wconf 89' lang='lat' dir='ltr'><strong>descriptum</strong></span> <span class='ocrx_word' id='word_1_130' title='bbox 1868 1223 1904 1259; x_wconf 92' lang='lat' dir='ltr'><strong>in</strong></span> <span class='ocrx_word' id='word_1_131' title='bbox 1922 1223 2024 1260; x_wconf 91' lang='lat' dir='ltr'><strong>libris</strong></span> <span class='ocrx_word' id='word_1_132' title='bbox 2042 1224 2200 1260; x_wconf 86' lang='lat' dir='ltr'><strong>Rectoris</strong></span> <span class='ocrx_word' id='word_1_133' title='bbox 2223 1227 2258 1260; x_wconf 90' lang='lat' dir='ltr'><strong>et</strong></span> <span class='ocrx_word' id='word_1_134' title='bbox 2277 1224 2407 1261; x_wconf 73' lang='lat' dir='ltr'><strong>Natio-</strong></span> 
     </span>
     <span class='ocr_line' id='line_1_14' title="bbox 515 1294 2402 1344; baseline -0.001 -10"><span class='ocrx_word' id='word_1_135' title='bbox 515 1310 618 1340; x_wconf 82' lang='lat' dir='ltr'><strong>num,</strong></span> <span class='ocrx_word' id='word_1_136' title='bbox 635 1296 815 1344; x_wconf 87' lang='lat' dir='ltr'><strong>simulque</strong></span> <span class='ocrx_word' id='word_1_137' title='bbox 831 1295 986 1332; x_wconf 81' lang='lat' dir='ltr'><strong>affirmat</strong></span> <span class='ocrx_word' id='word_1_138' title='bbox 998 1294 1089 1331; x_wconf 89' lang='lat' dir='ltr'><strong>nihil</strong></span> <span class='ocrx_word' id='word_1_139' title='bbox 1105 1294 1203 1331; x_wconf 90' lang='lat' dir='ltr'><strong>aliud</strong></span> <span class='ocrx_word' id='word_1_140' title='bbox 1217 1306 1295 1330; x_wconf 87' lang='lat' dir='ltr'><strong>csse</strong></span> <span class='ocrx_word' id='word_1_141' title='bbox 1312 1306 1420 1342; x_wconf 87' lang='lat' dir='ltr'><strong>quam</strong></span> <span class='ocrx_word' id='word_1_142' title='bbox 1436 1298 1608 1330; x_wconf 87' lang='lat' dir='ltr'><strong>statutum</strong></span> <span class='ocrx_word' id='word_1_143' title='bbox 1627 1294 1784 1331; x_wconf 90' lang='lat' dir='ltr'><strong>Simonis</strong></span> <span class='ocrx_word' id='word_1_144' title='bbox 1797 1294 1904 1343; x_wconf 83' lang='lat' dir='ltr'><strong>legati</strong></span> <span class='ocrx_word' id='word_1_145' title='bbox 1917 1295 2001 1331; x_wconf 88' lang='lat' dir='ltr'><strong>anni</strong></span> <span class='ocrx_word' id='word_1_146' title='bbox 2019 1298 2110 1332; x_wconf 87' lang='grc'>1266</span> <span class='ocrx_word' id='word_1_147' title='bbox 2128 1295 2225 1340; x_wconf 74' lang='lat' dir='ltr'><strong>(Vid.</strong></span> <span class='ocrx_word' id='word_1_148' title='bbox 2238 1302 2276 1332; x_wconf 84' lang='lat' dir='ltr'><strong>n⁰</strong></span> <span class='ocrx_word' id='word_1_149' title='bbox 2286 1295 2402 1340; x_wconf 76' lang='lat'><strong>409)².</strong></span> 
     </span>
    </p>

    <p class='ocr_par' dir='ltr' id='par_1_4' title="bbox 505 1366 2430 1990">
     <span class='ocr_line' id='line_1_15' title="bbox 611 1366 2405 1416; baseline 0.001 -12"><span class='ocrx_word' id='word_1_150' title='bbox 611 1371 654 1405; x_wconf 86' lang='lat' dir='ltr'><strong>Et</strong></span> <span class='ocrx_word' id='word_1_151' title='bbox 673 1368 821 1416; x_wconf 89' lang='lat' dir='ltr'><strong>quidem</strong></span> <span class='ocrx_word' id='word_1_152' title='bbox 844 1368 919 1416; x_wconf 87' lang='lat' dir='ltr'><strong>jam</strong></span> <span class='ocrx_word' id='word_1_153' title='bbox 942 1366 1086 1403; x_wconf 88' lang='lat' dir='ltr'><strong>saeculo</strong></span> <span class='ocrx_word' id='word_1_154' title='bbox 1110 1366 1331 1402; x_wconf 88' lang='lat' dir='ltr'><strong>duodecimo</strong></span> <span class='ocrx_word' id='word_1_155' title='bbox 1354 1366 1536 1402; x_wconf 86' lang='lat' dir='ltr'><strong>scholares</strong></span> <span class='ocrx_word' id='word_1_156' title='bbox 1562 1366 1787 1403; x_wconf 85' lang='lat' dir='ltr'><strong>diversarum</strong></span> <span class='ocrx_word' id='word_1_157' title='bbox 1811 1367 1999 1403; x_wconf 90' lang='lat' dir='ltr'><strong>nationum</strong></span> <span class='ocrx_word' id='word_1_158' title='bbox 2025 1367 2182 1405; x_wconf 84' lang='lat' dir='ltr'><strong>Parisios</strong></span> <span class='ocrx_word' id='word_1_159' title='bbox 2206 1368 2405 1405; x_wconf 83' lang='lat' dir='ltr'><strong>accessisse</strong></span> 
     </span>
     <span class='ocr_line' id='line_1_16' title="bbox 510 1438 2404 1487; baseline -0.001 -9"><span class='ocrx_word' id='word_1_160' title='bbox 510 1441 743 1478; x_wconf 81' lang='lat' dir='ltr'><strong>manifestum</strong></span> <span class='ocrx_word' id='word_1_161' title='bbox 754 1443 819 1482; x_wconf 90' lang='lat' dir='ltr'><strong>est,</strong></span> <span class='ocrx_word' id='word_1_162' title='bbox 834 1439 1116 1487; x_wconf 86' lang='lat' dir='ltr'><strong>cumPhilippus</strong></span> <span class='ocrx_word' id='word_1_163' title='bbox 1131 1438 1175 1474; x_wconf 91' lang='lat' dir='ltr'><strong>de</strong></span> <span class='ocrx_word' id='word_1_164' title='bbox 1192 1439 1370 1486; x_wconf 84' lang='lat' dir='ltr'><strong>Harvengt</strong></span> <span class='ocrx_word' id='word_1_165' title='bbox 1381 1442 1483 1474; x_wconf 87' lang='lat' dir='ltr'><strong>notet</strong></span> <span class='ocrx_word' id='word_1_166' title='bbox 1502 1453 1516 1471; x_wconf 75' lang='grc' dir='ltr'><strong>α</strong></span> <span class='ocrx_word' id='word_1_167' title='bbox 1529 1442 1665 1474; x_wconf 86' lang='lat' dir='ltr'><strong>tantam</strong></span> <span class='ocrx_word' id='word_1_168' title='bbox 1678 1438 1917 1487; x_wconf 85' lang='lat' dir='ltr'><strong>frequentiam</strong></span> <span class='ocrx_word' id='word_1_169' title='bbox 1931 1438 2146 1476; x_wconf 84' lang='lat' dir='ltr'><strong>clericorum</strong></span> <span class='ocrx_word' id='word_1_170' title='bbox 2160 1443 2198 1476; x_wconf 92' lang='lat' dir='ltr'><strong>ut</strong></span> <span class='ocrx_word' id='word_1_171' title='bbox 2209 1439 2404 1476; x_wconf 82' lang='lat' dir='ltr'><strong>contendat</strong></span> 
     </span>
     <span class='ocr_line' id='line_1_17' title="bbox 511 1510 2402 1562; baseline -0.001 -12"><span class='ocrx_word' id='word_1_172' title='bbox 511 1513 718 1562; x_wconf 87' lang='lat' dir='ltr'><strong>supergredi</strong></span> <span class='ocrx_word' id='word_1_173' title='bbox 735 1523 966 1548; x_wconf 85' lang='lat' dir='ltr'><strong>numerosam</strong></span> <span class='ocrx_word' id='word_1_174' title='bbox 983 1510 1252 1546; x_wconf 89' lang='lat' dir='ltr'><strong>multitudinem</strong></span> <span class='ocrx_word' id='word_1_175' title='bbox 1272 1510 1473 1546; x_wconf 79' lang='lat' dir='ltr'><strong>laicorum»</strong></span> <span class='ocrx_word' id='word_1_176' title='bbox 1500 1510 1602 1558; x_wconf 75' lang='lat' dir='ltr'><strong>(Vid.</strong></span> <span class='ocrx_word' id='word_1_177' title='bbox 1628 1511 1723 1547; x_wconf 90' lang='lat' dir='ltr'><strong>Part.</strong></span> <span class='ocrx_word' id='word_1_178' title='bbox 1747 1511 1882 1547; x_wconf 85' lang='lat' dir='ltr'><strong>Introd.</strong></span> <span class='ocrx_word' id='word_1_179' title='bbox 1903 1516 1943 1546; x_wconf 90' lang='lat' dir='ltr'><strong>n⁰</strong></span> <span class='ocrx_word' id='word_1_180' title='bbox 1964 1511 2038 1558; x_wconf 85' lang='lat'>51);</span> <span class='ocrx_word' id='word_1_181' title='bbox 2064 1512 2242 1548; x_wconf 89' lang='lat' dir='ltr'><strong>Henricus</strong></span> <span class='ocrx_word' id='word_1_182' title='bbox 2266 1513 2298 1548; x_wconf 92' lang='lat'><strong>11</strong></span> <span class='ocrx_word' id='word_1_183' title='bbox 2319 1523 2402 1549; x_wconf 86' lang='lat' dir='ltr'><strong>vero</strong></span> 
     </span>
     <span class='ocr_line' id='line_1_18' title="bbox 512 1581 2402 1634; baseline -0.001 -12"><span class='ocrx_word' id='word_1_184' title='bbox 512 1585 661 1634; x_wconf 86' lang='lat' dir='ltr'><strong>Angliae</strong></span> <span class='ocrx_word' id='word_1_185' title='bbox 683 1596 742 1620; x_wconf 87' lang='lat' dir='ltr'><strong>rex</strong></span> <span class='ocrx_word' id='word_1_186' title='bbox 762 1584 921 1620; x_wconf 87' lang='lat' dir='ltr'><strong>Thomae</strong></span> <span class='ocrx_word' id='word_1_187' title='bbox 938 1582 1207 1630; x_wconf 86' lang='lat' dir='ltr'><strong>archiepiscopo</strong></span> <span class='ocrx_word' id='word_1_188' title='bbox 1227 1581 1474 1618; x_wconf 87' lang='lat' dir='ltr'><strong>Cantuariensi</strong></span> <span class='ocrx_word' id='word_1_189' title='bbox 1492 1582 1711 1627; x_wconf 87' lang='lat' dir='ltr'><strong>adversatus,</strong></span> <span class='ocrx_word' id='word_1_190' title='bbox 1729 1585 1818 1619; x_wconf 88' lang='lat' dir='ltr'><strong>teste</strong></span> <span class='ocrx_word' id='word_1_191' title='bbox 1829 1582 2020 1631; x_wconf 90' lang='lat' dir='ltr'><strong>Radulpho</strong></span> <span class='ocrx_word' id='word_1_192' title='bbox 2036 1583 2080 1620; x_wconf 88' lang='lat' dir='ltr'><strong>de</strong></span> <span class='ocrx_word' id='word_1_193' title='bbox 2096 1583 2236 1628; x_wconf 89' lang='lat' dir='ltr'><strong>Diceto,</strong></span> <span class='ocrx_word' id='word_1_194' title='bbox 2255 1583 2351 1620; x_wconf 83' lang='lat' dir='ltr'><strong>dicat</strong></span> <span class='ocrx_word' id='word_1_195' title='bbox 2365 1594 2402 1620; x_wconf 90' lang='lat' dir='ltr'><strong>se</strong></span> 
     </span>
     <span class='ocr_line' id='line_1_19' title="bbox 511 1653 2430 1706; baseline -0.001 -13"><span class='ocrx_word' id='word_1_196' title='bbox 511 1661 676 1706; x_wconf 89' lang='lat' dir='ltr'><strong>paratum</strong></span> <span class='ocrx_word' id='word_1_197' title='bbox 694 1668 770 1692; x_wconf 89' lang='lat' dir='ltr'><strong>esse</strong></span> <span class='ocrx_word' id='word_1_198' title='bbox 795 1670 810 1689; x_wconf 90' lang='lat'>«</span> <span class='ocrx_word' id='word_1_199' title='bbox 826 1658 918 1691; x_wconf 84' lang='lat' dir='ltr'><strong>stare</strong></span> <span class='ocrx_word' id='word_1_200' title='bbox 937 1654 1194 1701; x_wconf 86' lang='lat' dir='ltr'><strong>etiamjudicio</strong></span> <span class='ocrx_word' id='word_1_201' title='bbox 1217 1653 1438 1690; x_wconf 90' lang='lat' dir='ltr'><strong>scholarium</strong></span> <span class='ocrx_word' id='word_1_202' title='bbox 1460 1654 1680 1691; x_wconf 86' lang='lat' dir='ltr'><strong>diversarum</strong></span> <span class='ocrx_word' id='word_1_203' title='bbox 1700 1654 1998 1703; x_wconf 86' lang='lat' dir='ltr'><strong>provinciarum»</strong></span> <span class='ocrx_word' id='word_1_204' title='bbox 2026 1655 2128 1702; x_wconf 83' lang='lat' dir='ltr'><strong>(Vz&#39;d.</strong></span> <span class='ocrx_word' id='word_1_205' title='bbox 2147 1657 2242 1692; x_wconf 89' lang='lat' dir='ltr'><strong>Part.</strong></span> <span class='ocrx_word' id='word_1_206' title='bbox 2260 1655 2397 1692; x_wconf 90' lang='lat' dir='ltr'><strong>Introd.</strong></span> <span class='ocrx_word' id='word_1_207' title='bbox 2426 1680 2430 1683; x_wconf 65' lang='grc'><em>»</em></span> 
     </span>
     <span class='ocr_line' id='line_1_20' title="bbox 509 1725 2400 1775; baseline -0.001 -10"><span class='ocrx_word' id='word_1_208' title='bbox 509 1736 546 1765; x_wconf 86' lang='lat' dir='ltr'><strong>n⁰</strong></span> <span class='ocrx_word' id='word_1_209' title='bbox 570 1732 629 1773; x_wconf 82' lang='grc'><strong>21,</strong></span> <span class='ocrx_word' id='word_1_210' title='bbox 652 1731 727 1764; x_wconf 88' lang='lat' dir='ltr'><strong>not.</strong></span> <span class='ocrx_word' id='word_1_211' title='bbox 752 1740 787 1775; x_wconf 92' lang='lat' dir='ltr'><strong>p.</strong></span> <span class='ocrx_word' id='word_1_212' title='bbox 806 1729 879 1770; x_wconf 88' lang='grc'>23).</span> <span class='ocrx_word' id='word_1_213' title='bbox 902 1726 1003 1762; x_wconf 86' lang='lat' dir='ltr'><strong>Circa</strong></span> <span class='ocrx_word' id='word_1_214' title='bbox 1024 1738 1159 1762; x_wconf 89' lang='lat' dir='ltr'><strong>anuum</strong></span> <span class='ocrx_word' id='word_1_215' title='bbox 1185 1728 1282 1762; x_wconf 88' lang='grc'>1200</span> <span class='ocrx_word' id='word_1_216' title='bbox 1293 1727 1454 1774; x_wconf 73' lang='lat' dir='ltr'><strong>Roget-us</strong></span> <span class='ocrx_word' id='word_1_217' title='bbox 1469 1726 1513 1762; x_wconf 91' lang='lat' dir='ltr'><strong>de</strong></span> <span class='ocrx_word' id='word_1_218' title='bbox 1530 1726 1700 1762; x_wconf 87' lang='lat' dir='ltr'><strong>Hoveden</strong></span> <span class='ocrx_word' id='word_1_219' title='bbox 1718 1725 1878 1774; x_wconf 87' lang='lat' dir='ltr'><strong>loquitur</strong></span> <span class='ocrx_word' id='word_1_220' title='bbox 1893 1726 1937 1762; x_wconf 90' lang='lat' dir='ltr'><strong>de</strong></span> <span class='ocrx_word' id='word_1_221' title='bbox 1962 1741 1975 1758; x_wconf 71' lang='grc' dir='ltr'>α</span> <span class='ocrx_word' id='word_1_222' title='bbox 1991 1738 2170 1763; x_wconf 83' lang='lat' dir='ltr'><strong>concursu</strong></span> <span class='ocrx_word' id='word_1_223' title='bbox 2186 1726 2400 1764; x_wconf 89' lang='lat' dir='ltr'><strong>clericorum</strong></span> 
     </span>
     <span class='ocr_line' id='line_1_21' title="bbox 507 1797 2400 1847; baseline 0 -11"><span class='ocrx_word' id='word_1_224' title='bbox 507 1800 784 1837; x_wconf 90' lang='lat' dir='ltr'><strong>Teutonicorum</strong></span> <span class='ocrx_word' id='word_1_225' title='bbox 812 1814 826 1831; x_wconf 75' lang='lat' dir='ltr'><strong>n</strong></span> <span class='ocrx_word' id='word_1_226' title='bbox 856 1802 962 1846; x_wconf 85' lang='lat' dir='ltr'><strong>atque</strong></span> <span class='ocrx_word' id='word_1_227' title='bbox 985 1798 1028 1834; x_wconf 89' lang='lat' dir='ltr'><strong>de</strong></span> <span class='ocrx_word' id='word_1_228' title='bbox 1053 1798 1238 1846; x_wconf 76' lang='lat' dir='ltr'><strong>«hospitio</strong></span> <span class='ocrx_word' id='word_1_229' title='bbox 1263 1797 1479 1834; x_wconf 83' lang='lat' dir='ltr'><strong>clericorum</strong></span> <span class='ocrx_word' id='word_1_230' title='bbox 1495 1797 1805 1834; x_wconf 78' lang='lat' dir='ltr'><strong>Teutonicorum⁵</strong></span> <span class='ocrx_word' id='word_1_231' title='bbox 1819 1813 1853 1834; x_wconf 87' lang='lat'><strong>».</strong></span> <span class='ocrx_word' id='word_1_232' title='bbox 1875 1797 1977 1841; x_wconf 86' lang='lat' dir='ltr'><strong>Quod</strong></span> <span class='ocrx_word' id='word_1_233' title='bbox 1993 1810 2078 1835; x_wconf 85' lang='lat' dir='ltr'><strong>sane</strong></span> <span class='ocrx_word' id='word_1_234' title='bbox 2097 1798 2226 1847; x_wconf 89' lang='lat' dir='ltr'><strong>probat</strong></span> <span class='ocrx_word' id='word_1_235' title='bbox 2240 1810 2283 1835; x_wconf 92' lang='lat' dir='ltr'><strong>eo</strong></span> <span class='ocrx_word' id='word_1_236' title='bbox 2303 1801 2400 1836; x_wconf 89' lang='lat' dir='ltr'><strong>tem-</strong></span> 
     </span>
     <span class='ocr_line' id='line_1_22' title="bbox 505 1869 2399 1921; baseline -0.001 -13"><span class='ocrx_word' id='word_1_237' title='bbox 505 1884 592 1921; x_wconf 89' lang='lat' dir='ltr'><strong>pore</strong></span> <span class='ocrx_word' id='word_1_238' title='bbox 610 1872 753 1908; x_wconf 83' lang='lat' dir='ltr'><strong>sortasse</strong></span> <span class='ocrx_word' id='word_1_239' title='bbox 770 1872 845 1919; x_wconf 82' lang='lat' dir='ltr'><strong>jam</strong></span> <span class='ocrx_word' id='word_1_240' title='bbox 866 1870 959 1906; x_wconf 86' lang='lat' dir='ltr'><strong>inter</strong></span> <span class='ocrx_word' id='word_1_241' title='bbox 973 1869 1154 1906; x_wconf 88' lang='lat' dir='ltr'><strong>scholares</strong></span> <span class='ocrx_word' id='word_1_242' title='bbox 1170 1870 1329 1917; x_wconf 83' lang='lat' dir='ltr'><strong>ejusdem</strong></span> <span class='ocrx_word' id='word_1_243' title='bbox 1352 1869 1506 1918; x_wconf 77' lang='lat' dir='ltr'><strong>regionis</strong></span> <span class='ocrx_word' id='word_1_244' title='bbox 1525 1870 1705 1919; x_wconf 88' lang='lat' dir='ltr'><strong>quandam</strong></span> <span class='ocrx_word' id='word_1_245' title='bbox 1720 1869 1923 1907; x_wconf 80' lang='lat' dir='ltr'><strong>societatem</strong></span> <span class='ocrx_word' id='word_1_246' title='bbox 1944 1869 2070 1907; x_wconf 86' lang='lat' dir='ltr'><strong>initam</strong></span> <span class='ocrx_word' id='word_1_247' title='bbox 2088 1870 2215 1915; x_wconf 83' lang='lat' dir='ltr'><strong>suisse;</strong></span> <span class='ocrx_word' id='word_1_248' title='bbox 2234 1870 2399 1908; x_wconf 89' lang='lat' dir='ltr'><strong>nondum</strong></span> 
     </span>
     <span class='ocr_line' id='line_1_23' title="bbox 507 1941 1640 1990; baseline -0.003 -10"><span class='ocrx_word' id='word_1_249' title='bbox 507 1948 626 1980; x_wconf 89' lang='lat' dir='ltr'><strong>tamen</strong></span> <span class='ocrx_word' id='word_1_250' title='bbox 644 1943 850 1979; x_wconf 84' lang='lat' dir='ltr'><strong>distributio</strong></span> <span class='ocrx_word' id='word_1_251' title='bbox 871 1942 909 1978; x_wconf 89' lang='lat' dir='ltr'><strong>in</strong></span> <span class='ocrx_word' id='word_1_252' title='bbox 933 1945 1102 1989; x_wconf 77' lang='lat' dir='ltr'><strong>quattuol·</strong></span> <span class='ocrx_word' id='word_1_253' title='bbox 1116 1941 1284 1978; x_wconf 87' lang='lat' dir='ltr'><strong>Nationes</strong></span> <span class='ocrx_word' id='word_1_254' title='bbox 1303 1941 1467 1978; x_wconf 87' lang='lat' dir='ltr'><strong>instituta</strong></span> <span class='ocrx_word' id='word_1_255' title='bbox 1481 1946 1640 1990; x_wconf 89' lang='lat' dir='ltr'><strong>apparet.</strong></span> 
     </span>
    </p>

    <p class='ocr_par' dir='ltr' id='par_1_5' title="bbox 506 2013 2398 2136">
     <span class='ocr_line' id='line_1_24' title="bbox 608 2013 2398 2062; baseline 0 -11"><span class='ocrx_word' id='word_1_256' title='bbox 608 2015 726 2051; x_wconf 84' lang='lat' dir='ltr'><strong>Primo</strong></span> <span class='ocrx_word' id='word_1_257' title='bbox 746 2014 929 2051; x_wconf 90' lang='lat' dir='ltr'><strong>Honorius</strong></span> <span class='ocrx_word' id='word_1_258' title='bbox 948 2015 996 2049; x_wconf 91' lang='lat' dir='ltr'><strong>Ill</strong></span> <span class='ocrx_word' id='word_1_259' title='bbox 1019 2024 1115 2049; x_wconf 87' lang='lat' dir='ltr'><strong>anno</strong></span> <span class='ocrx_word' id='word_1_260' title='bbox 1139 2015 1232 2049; x_wconf 87' lang='grc'>1222</span> <span class='ocrx_word' id='word_1_261' title='bbox 1252 2013 1418 2062; x_wconf 88' lang='lat' dir='ltr'><strong>prohibet</strong></span> <span class='ocrx_word' id='word_1_262' title='bbox 1440 2025 1486 2050; x_wconf 91' lang='lat' dir='ltr'><strong>ne</strong></span> <span class='ocrx_word' id='word_1_263' title='bbox 1504 2029 1519 2046; x_wconf 91' lang='lat'>«</span> <span class='ocrx_word' id='word_1_264' title='bbox 1543 2013 1726 2050; x_wconf 87' lang='lat' dir='ltr'><strong>scholares</strong></span> <span class='ocrx_word' id='word_1_265' title='bbox 1744 2013 1889 2050; x_wconf 88' lang='lat' dir='ltr'><strong>interim</strong></span> <span class='ocrx_word' id='word_1_266' title='bbox 1910 2013 2111 2050; x_wconf 88' lang='lat' dir='ltr'><strong>secundum</strong></span> <span class='ocrx_word' id='word_1_267' title='bbox 2129 2013 2297 2051; x_wconf 91' lang='lat' dir='ltr'><strong>Nationes</strong></span> <span class='ocrx_word' id='word_1_268' title='bbox 2314 2025 2398 2051; x_wconf 89' lang='lat' dir='ltr'><strong>suas</strong></span> 
     </span>
     <span class='ocr_line' id='line_1_25' title="bbox 506 2084 2397 2136; baseline -0.001 -11"><span class='ocrx_word' id='word_1_269' title='bbox 506 2088 575 2125; x_wconf 91' lang='lat' dir='ltr'><strong>sibi</strong></span> <span class='ocrx_word' id='word_1_270' title='bbox 596 2098 815 2136; x_wconf 86' lang='lat' dir='ltr'><strong>quemquam</strong></span> <span class='ocrx_word' id='word_1_271' title='bbox 831 2085 1021 2134; x_wconf 77' lang='lat' dir='ltr'><strong>preficiant</strong></span> <span class='ocrx_word' id='word_1_272' title='bbox 1041 2085 1085 2120; x_wconf 90' lang='lat' dir='ltr'><strong>ad</strong></span> <span class='ocrx_word' id='word_1_273' title='bbox 1107 2085 1257 2133; x_wconf 87' lang='lat' dir='ltr'><strong>injurias</strong></span> <span class='ocrx_word' id='word_1_274' title='bbox 1283 2085 1508 2121; x_wconf 85' lang='lat' dir='ltr'><strong>ulciscendas</strong></span> <span class='ocrx_word' id='word_1_275' title='bbox 1528 2101 1544 2118; x_wconf 88' lang='lat'>»</span> <span class='ocrx_word' id='word_1_276' title='bbox 1569 2084 1668 2132; x_wconf 74' lang='lat' dir='ltr'><strong>(Vid.</strong></span> <span class='ocrx_word' id='word_1_277' title='bbox 1691 2092 1729 2121; x_wconf 85' lang='lat' dir='ltr'><strong>n⁰</strong></span> <span class='ocrx_word' id='word_1_278' title='bbox 1746 2085 1824 2134; x_wconf 79' lang='lat'>45),</span> <span class='ocrx_word' id='word_1_279' title='bbox 1852 2084 1912 2121; x_wconf 91' lang='lat' dir='ltr'><strong>ubi</strong></span> <span class='ocrx_word' id='word_1_280' title='bbox 1934 2097 2023 2122; x_wconf 91' lang='lat' dir='ltr'><strong>num</strong></span> <span class='ocrx_word' id='word_1_281' title='bbox 2044 2089 2213 2134; x_wconf 90' lang='lat' dir='ltr'><strong>quattuor</strong></span> <span class='ocrx_word' id='word_1_282' title='bbox 2227 2085 2397 2123; x_wconf 90' lang='lat' dir='ltr'><strong>Nationes</strong></span> 
     </span>
    </p>
   </div>
   <div class='ocr_carea' id='block_1_4' title="bbox 592 2226 1912 2840">
    <p class='ocr_par' dir='ltr' id='par_1_6' title="bbox 596 2226 1330 2351">
     <span class='ocr_line' id='line_1_26' title="bbox 599 2226 1330 2258; baseline -0.004 -4"><span class='ocrx_word' id='word_1_283' title='bbox 599 2230 728 2254; x_wconf 74' lang='lat' dir='ltr'><strong>Johannes</strong></span> <span class='ocrx_word' id='word_1_284' title='bbox 746 2228 776 2253; x_wconf 91' lang='lat' dir='ltr'><strong>de</strong></span> <span class='ocrx_word' id='word_1_285' title='bbox 794 2227 926 2256; x_wconf 72' lang='lat' dir='ltr'><strong>candelis,</strong></span> <span class='ocrx_word' id='word_1_286' title='bbox 948 2227 1010 2251; x_wconf 80' lang='grc'>1209</span> <span class='ocrx_word' id='word_1_287' title='bbox 1028 2234 1109 2258; x_wconf 84' lang='lat' dir='ltr'><strong>usque</strong></span> <span class='ocrx_word' id='word_1_288' title='bbox 1125 2226 1186 2251; x_wconf 70' lang='lat'>1214</span> <span class='ocrx_word' id='word_1_289' title='bbox 1204 2226 1242 2251; x_wconf 76' lang='lat' dir='ltr'><strong>vel</strong></span> <span class='ocrx_word' id='word_1_290' title='bbox 1262 2226 1330 2251; x_wconf 86' lang='grc'>1215.</span> 
     </span>
     <span class='ocr_line' id='line_1_27' title="bbox 597 2271 1209 2306; baseline -0.003 -8"><span class='ocrx_word' id='word_1_291' title='bbox 597 2275 745 2306; x_wconf 77' lang='lat' dir='ltr'><strong>Stephanus</strong></span> <span class='ocrx_word' id='word_1_292' title='bbox 763 2272 909 2301; x_wconf 83' lang='lat' dir='ltr'><strong>Remensis,</strong></span> <span class='ocrx_word' id='word_1_293' title='bbox 929 2272 990 2296; x_wconf 87' lang='grc'>1214</span> <span class='ocrx_word' id='word_1_294' title='bbox 1008 2271 1045 2295; x_wconf 74' lang='lat' dir='ltr'><strong>vel</strong></span> <span class='ocrx_word' id='word_1_295' title='bbox 1066 2271 1209 2296; x_wconf 82' lang='grc'>1215-1218.</span> 
     </span>
     <span class='ocr_line' id='line_1_28' title="bbox 596 2316 1058 2351; baseline -0.006 -8"><span class='ocrx_word' id='word_1_296' title='bbox 596 2319 733 2351; x_wconf 79' lang='lat' dir='ltr'><strong>Philippus</strong></span> <span class='ocrx_word' id='word_1_297' title='bbox 750 2318 781 2342; x_wconf 89' lang='lat' dir='ltr'><strong>de</strong></span> <span class='ocrx_word' id='word_1_298' title='bbox 799 2318 889 2344; x_wconf 57' lang='lat' dir='ltr'><strong>Grave.</strong></span> <span class='ocrx_word' id='word_1_299' title='bbox 911 2316 1058 2341; x_wconf 70' lang='lat'><strong>1318-1236.</strong></span> 
     </span>
    </p>

    <p class='ocr_par' dir='ltr' id='par_1_7' title="bbox 596 2361 907 2391">
     <span class='ocr_line' id='line_1_29' title="bbox 596 2361 907 2391; baseline -0.01 -2"><span class='ocrx_word' id='word_1_300' title='bbox 596 2363 738 2391; x_wconf 75' lang='lat' dir='ltr'><strong>Guiardus,</strong></span> <span class='ocrx_word' id='word_1_301' title='bbox 759 2361 907 2387; x_wconf 73' lang='lat'><strong>1237-1238.</strong></span> 
     </span>
    </p>

    <p class='ocr_par' dir='ltr' id='par_1_8' title="bbox 595 2405 1128 2438">
     <span class='ocr_line' id='line_1_30' title="bbox 595 2405 1128 2438; baseline -0.009 -4"><span class='ocrx_word' id='word_1_302' title='bbox 595 2408 649 2434; x_wconf 89' lang='lat' dir='ltr'><strong>Odo</strong></span> <span class='ocrx_word' id='word_1_303' title='bbox 665 2408 695 2432; x_wconf 85' lang='lat' dir='ltr'><strong>de</strong></span> <span class='ocrx_word' id='word_1_304' title='bbox 713 2408 805 2432; x_wconf 79' lang='lat' dir='ltr'><strong>Castro</strong></span> <span class='ocrx_word' id='word_1_305' title='bbox 822 2406 964 2438; x_wconf 80' lang='lat' dir='ltr'><strong>Radulphi,</strong></span> <span class='ocrx_word' id='word_1_306' title='bbox 984 2405 1128 2430; x_wconf 81' lang='grc'>1238-1244.</span> 
     </span>
    </p>

    <p class='ocr_par' dir='ltr' id='par_1_9' title="bbox 594 2450 1266 2526">
     <span class='ocr_line' id='line_1_31' title="bbox 596 2450 1266 2483; baseline -0.006 -5"><span class='ocrx_word' id='word_1_307' title='bbox 596 2455 689 2478; x_wconf 86' lang='lat' dir='ltr'><strong>Petrus</strong></span> <span class='ocrx_word' id='word_1_308' title='bbox 707 2453 818 2481; x_wconf 67' lang='lat' dir='ltr'><strong>Parvus,</strong></span> <span class='ocrx_word' id='word_1_309' title='bbox 838 2451 898 2476; x_wconf 87' lang='grc'>1244</span> <span class='ocrx_word' id='word_1_310' title='bbox 915 2458 997 2483; x_wconf 86' lang='lat' dir='ltr'><strong>usque</strong></span> <span class='ocrx_word' id='word_1_311' title='bbox 1014 2450 1046 2475; x_wconf 82' lang='lat' dir='ltr'><strong>ad</strong></span> <span class='ocrx_word' id='word_1_312' title='bbox 1066 2459 1107 2474; x_wconf 86' lang='lat' dir='ltr'><strong>an.</strong></span> <span class='ocrx_word' id='word_1_313' title='bbox 1127 2450 1179 2475; x_wconf 83' lang='lat' dir='ltr'><strong>fere</strong></span> <span class='ocrx_word' id='word_1_314' title='bbox 1198 2450 1266 2474; x_wconf 80' lang='grc'>1246.</span> 
     </span>
     <span class='ocr_line' id='line_1_32' title="bbox 594 2496 888 2526; baseline -0.01 -4"><span class='ocrx_word' id='word_1_315' title='bbox 594 2498 724 2526; x_wconf 77' lang='lat' dir='ltr'><strong>Galterus,</strong></span> <span class='ocrx_word' id='word_1_316' title='bbox 746 2496 888 2521; x_wconf 74' lang='lat'><strong>1246-1249.</strong></span> 
     </span>
    </p>

    <p class='ocr_par' dir='ltr' id='par_1_10' title="bbox 594 2539 1351 2618">
     <span class='ocr_line' id='line_1_33' title="bbox 594 2539 1351 2572; baseline -0.004 -6"><span class='ocrx_word' id='word_1_317' title='bbox 594 2542 754 2567; x_wconf 83' lang='lat' dir='ltr'><strong>Heimericus</strong></span> <span class='ocrx_word' id='word_1_318' title='bbox 771 2541 803 2565; x_wconf 88' lang='lat' dir='ltr'><strong>de</strong></span> <span class='ocrx_word' id='word_1_319' title='bbox 820 2540 905 2569; x_wconf 74' lang='lat' dir='ltr'><strong>Vcire,</strong></span> <span class='ocrx_word' id='word_1_320' title='bbox 926 2540 986 2564; x_wconf 75' lang='lat'>1249</span> <span class='ocrx_word' id='word_1_321' title='bbox 1004 2547 1086 2572; x_wconf 81' lang='lat' dir='ltr'><strong>usque</strong></span> <span class='ocrx_word' id='word_1_322' title='bbox 1103 2539 1134 2563; x_wconf 74' lang='lat' dir='ltr'><strong>ad</strong></span> <span class='ocrx_word' id='word_1_323' title='bbox 1151 2547 1192 2563; x_wconf 79' lang='lat' dir='ltr'><strong>an.</strong></span> <span class='ocrx_word' id='word_1_324' title='bbox 1211 2539 1263 2563; x_wconf 79' lang='lat' dir='ltr'><strong>sere</strong></span> <span class='ocrx_word' id='word_1_325' title='bbox 1281 2539 1351 2564; x_wconf 85' lang='grc'>1263.</span> 
     </span>
     <span class='ocr_line' id='line_1_34' title="bbox 594 2584 1050 2618; baseline -0.007 -7"><span class='ocrx_word' id='word_1_326' title='bbox 594 2587 742 2618; x_wconf 82' lang='lat' dir='ltr'><strong>Stephanus</strong></span> <span class='ocrx_word' id='word_1_327' title='bbox 759 2585 887 2617; x_wconf 78' lang='lat' dir='ltr'><strong>Tempier,</strong></span> <span class='ocrx_word' id='word_1_328' title='bbox 907 2584 1050 2609; x_wconf 84' lang='grc'>1263-1268.</span> 
     </span>
    </p>

    <p class='ocr_par' dir='ltr' id='par_1_11' title="bbox 593 2629 893 2658">
     <span class='ocr_line' id='line_1_35' title="bbox 593 2629 893 2658; baseline -0.007 -3"><span class='ocrx_word' id='word_1_329' title='bbox 593 2631 726 2658; x_wconf 80' lang='lat' dir='ltr'><strong>Nicotaus,</strong></span> <span class='ocrx_word' id='word_1_330' title='bbox 746 2629 893 2654; x_wconf 77' lang='lat'><strong>1268-1271.</strong></span> 
     </span>
    </p>

    <p class='ocr_par' dir='ltr' id='par_1_12' title="bbox 592 2673 1111 2703">
     <span class='ocr_line' id='line_1_36' title="bbox 592 2673 1111 2703; baseline -0.006 -3"><span class='ocrx_word' id='word_1_331' title='bbox 592 2675 722 2700; x_wconf 80' lang='lat' dir='ltr'><strong>Johannes</strong></span> <span class='ocrx_word' id='word_1_332' title='bbox 740 2674 946 2703; x_wconf 83' lang='lat' dir='ltr'><strong>Aurelianensis,</strong></span> <span class='ocrx_word' id='word_1_333' title='bbox 967 2673 1111 2698; x_wconf 74' lang='lat'><strong>1271-1280.</strong></span> 
     </span>
    </p>

    <p class='ocr_par' dir='ltr' id='par_1_13' title="bbox 593 2717 1091 2751">
     <span class='ocr_line' id='line_1_37' title="bbox 593 2717 1091 2751; baseline -0.006 -7"><span class='ocrx_word' id='word_1_334' title='bbox 593 2719 730 2751; x_wconf 85' lang='lat' dir='ltr'><strong>Philippus</strong></span> <span class='ocrx_word' id='word_1_335' title='bbox 745 2719 776 2742; x_wconf 83' lang='lat' dir='ltr'><strong>de</strong></span> <span class='ocrx_word' id='word_1_336' title='bbox 794 2718 928 2746; x_wconf 76' lang='lat' dir='ltr'><strong>Thoriaco,</strong></span> <span class='ocrx_word' id='word_1_337' title='bbox 950 2717 1091 2742; x_wconf 73' lang='lat'><strong>1280-1284.</strong></span> 
     </span>
    </p>

    <p class='ocr_par' dir='ltr' id='par_1_14' title="bbox 592 2762 1102 2794">
     <span class='ocr_line' id='line_1_38' title="bbox 592 2762 1102 2794; baseline -0.006 -6"><span class='ocrx_word' id='word_1_338' title='bbox 592 2764 712 2789; x_wconf 82' lang='lat' dir='ltr'><strong>Nicolaus</strong></span> <span class='ocrx_word' id='word_1_339' title='bbox 729 2763 760 2787; x_wconf 87' lang='lat' dir='ltr'><strong>de</strong></span> <span class='ocrx_word' id='word_1_340' title='bbox 778 2762 952 2792; x_wconf 78' lang='lat' dir='ltr'><strong>Nonaneuria,</strong></span> <span class='ocrx_word' id='word_1_341' title='bbox 972 2762 1032 2786; x_wconf 70' lang='lat'>1284</span> <span class='ocrx_word' id='word_1_342' title='bbox 1048 2770 1102 2794; x_wconf 85' lang='lat' dir='ltr'><strong>sqq.</strong></span> 
     </span>
    </p>

    <p class='ocr_par' dir='ltr' id='par_1_15' title="bbox 593 2807 1912 2840">
     <span class='ocr_line' id='line_1_39' title="bbox 593 2807 1912 2840; baseline -0.001 -7"><span class='ocrx_word' id='word_1_343' title='bbox 593 2808 807 2834; x_wconf 83' lang='lat' dir='ltr'><strong>Cancellariorum</strong></span> <span class='ocrx_word' id='word_1_344' title='bbox 827 2808 851 2831; x_wconf 86' lang='lat' dir='ltr'><strong>S.</strong></span> <span class='ocrx_word' id='word_1_345' title='bbox 871 2807 1014 2831; x_wconf 79' lang='lat' dir='ltr'><strong>Genovefae</strong></span> <span class='ocrx_word' id='word_1_346' title='bbox 1032 2807 1145 2831; x_wconf 83' lang='lat' dir='ltr'><strong>(luorum</strong></span> <span class='ocrx_word' id='word_1_347' title='bbox 1169 2809 1273 2831; x_wconf 83' lang='lat' dir='ltr'><strong>tantum</strong></span> <span class='ocrx_word' id='word_1_348' title='bbox 1291 2807 1397 2831; x_wconf 85' lang='lat' dir='ltr'><strong>nomina</strong></span> <span class='ocrx_word' id='word_1_349' title='bbox 1414 2807 1528 2832; x_wconf 84' lang='lat' dir='ltr'><strong>invenire</strong></span> <span class='ocrx_word' id='word_1_350' title='bbox 1546 2807 1689 2840; x_wconf 81' lang='lat' dir='ltr'><strong>potuimus.</strong></span> <span class='ocrx_word' id='word_1_351' title='bbox 1708 2808 1767 2833; x_wconf 84' lang='lat' dir='ltr'><strong>Vid.</strong></span> <span class='ocrx_word' id='word_1_352' title='bbox 1786 2807 1912 2832; x_wconf 85' lang='lat' dir='ltr'><strong>Iudicem.</strong></span> 
     </span>
    </p>
   </div>
   <div class='ocr_carea' id='block_1_5' title="bbox 589 2851 2389 2928">
    <p class='ocr_par' dir='ltr' id='par_1_16' title="bbox 589 2851 2389 2928">
     <span class='ocr_line' id='line_1_40' title="bbox 593 2851 921 2881; baseline -0.009 -3"><span class='ocrx_word' id='word_1_353' title='bbox 593 2854 613 2878; x_wconf 82' lang='grc'><strong>1.</strong></span> <span class='ocrx_word' id='word_1_354' title='bbox 633 2853 744 2877; x_wconf 85' lang='lat' dir='ltr'><strong>Bulaeus</strong></span> <span class='ocrx_word' id='word_1_355' title='bbox 773 2852 819 2881; x_wconf 83' lang='lat'>111,</span> <span class='ocrx_word' id='word_1_356' title='bbox 857 2870 862 2875; x_wconf 85' lang='lat'><strong>.</strong></span> <span class='ocrx_word' id='word_1_357' title='bbox 882 2851 921 2875; x_wconf 85' lang='lat'><strong>31.</strong></span> 
     </span>
     <span class='ocr_line' id='line_1_41' title="bbox 589 2860 2389 2928; baseline -0.001 -6"><span class='ocrx_word' id='word_1_358' title='bbox 589 2899 613 2922; x_wconf 85' lang='grc'><strong>2.</strong></span> <span class='ocrx_word' id='word_1_359' title='bbox 632 2897 699 2922; x_wconf 89' lang='lat' dir='ltr'><strong>Bibl.</strong></span> <span class='ocrx_word' id='word_1_360' title='bbox 718 2872 795 2921; x_wconf 67' lang='lat' dir='ltr'><strong>Udiv.</strong></span> <span class='ocrx_word' id='word_1_361' title='bbox 814 2860 861 2920; x_wconf 56' lang='lat' dir='ltr'><strong>mg.</strong></span> <span class='ocrx_word' id='word_1_362' title='bbox 880 2896 927 2919; x_wconf 81' lang='lat'><strong>393</strong></span> <span class='ocrx_word' id='word_1_363' title='bbox 944 2895 1014 2926; x_wconf 85' lang='lat' dir='ltr'><strong>(olim</strong></span> <span class='ocrx_word' id='word_1_364' title='bbox 1034 2904 1060 2921; x_wconf 90' lang='lat' dir='ltr'><strong>u.</strong></span> <span class='ocrx_word' id='word_1_365' title='bbox 1078 2897 1099 2923; x_wconf 82' lang='grc' dir='ltr'><strong>Ι,</strong></span> <span class='ocrx_word' id='word_1_366' title='bbox 1119 2896 1151 2926; x_wconf 80' lang='grc'>1),</span> <span class='ocrx_word' id='word_1_367' title='bbox 1171 2904 1228 2928; x_wconf 83' lang='lat' dir='ltr'><strong>pag.</strong></span> <span class='ocrx_word' id='word_1_368' title='bbox 1248 2896 1367 2921; x_wconf 84' lang='lat'><strong>617-618.</strong></span> <span class='ocrx_word' id='word_1_369' title='bbox 1387 2897 1497 2921; x_wconf 79' lang='lat' dir='ltr'><strong>Auctori</strong></span> <span class='ocrx_word' id='word_1_370' title='bbox 1514 2904 1642 2928; x_wconf 83' lang='lat' dir='ltr'><strong>anonymo</strong></span> <span class='ocrx_word' id='word_1_371' title='bbox 1658 2903 1830 2921; x_wconf 78' lang='lat' dir='ltr'><strong>assenserunt</strong></span> <span class='ocrx_word' id='word_1_372' title='bbox 1847 2897 1975 2922; x_wconf 69' lang='lat' dir='ltr'><strong>Cassvmn</strong></span> <span class='ocrx_word' id='word_1_373' title='bbox 1997 2898 2079 2928; x_wconf 76' lang='lat' dir='ltr'><strong>(Hi&#39;st.</strong></span> <span class='ocrx_word' id='word_1_374' title='bbox 2102 2898 2134 2921; x_wconf 78' lang='lat' dir='ltr'><strong>de</strong></span> <span class='ocrx_word' id='word_1_375' title='bbox 2155 2897 2333 2922; x_wconf 73' lang='lat' dir='ltr'><strong>z&#39;Uniuersite</strong></span> <span class='ocrx_word' id='word_1_376' title='bbox 2355 2898 2389 2921; x_wconf 83' lang='lat' dir='ltr'><strong>de</strong></span> 
     </span>
    </p>
   </div>
   <div class='ocr_carea' id='block_1_6' title="bbox 496 2940 2387 3060">
    <p class='ocr_par' dir='ltr' id='par_1_17' title="bbox 496 2940 2387 3060">
     <span class='ocr_line' id='line_1_42' title="bbox 496 2940 2387 2974; baseline -0.002 -5"><span class='ocrx_word' id='word_1_377' title='bbox 496 2943 591 2972; x_wconf 79' lang='lat' dir='ltr'><strong>Paris,</strong></span> <span class='ocrx_word' id='word_1_378' title='bbox 619 2943 639 2971; x_wconf 87' lang='lat'><strong>1,</strong></span> <span class='ocrx_word' id='word_1_379' title='bbox 669 2942 723 2970; x_wconf 77' lang='lat'><strong>294,</strong></span> <span class='ocrx_word' id='word_1_380' title='bbox 751 2942 826 2971; x_wconf 74' lang='lat' dir='ltr'><strong>nota;</strong></span> <span class='ocrx_word' id='word_1_381' title='bbox 851 2940 909 2968; x_wconf 81' lang='lat' dir='ltr'><strong>vn,</strong></span> <span class='ocrx_word' id='word_1_382' title='bbox 934 2940 1002 2970; x_wconf 80' lang='lat'>117);</span> <span class='ocrx_word' id='word_1_383' title='bbox 1026 2940 1054 2964; x_wconf 93' lang='lat' dir='ltr'><strong>C.</strong></span> <span class='ocrx_word' id='word_1_384' title='bbox 1084 2941 1201 2965; x_wconf 71' lang='grc' dir='ltr'>Τιιυκοτ</span> <span class='ocrx_word' id='word_1_385' title='bbox 1223 2941 1273 2971; x_wconf 82' lang='lat' dir='ltr'><strong>(De</strong></span> <span class='ocrx_word' id='word_1_386' title='bbox 1292 2941 1510 2972; x_wconf 73' lang='lat' dir='ltr'><strong>l&#39;orqanisation</strong></span> <span class='ocrx_word' id='word_1_387' title='bbox 1529 2942 1563 2965; x_wconf 84' lang='lat' dir='ltr'><strong>de</strong></span> <span class='ocrx_word' id='word_1_388' title='bbox 1581 2941 1810 2972; x_wconf 75' lang='lat' dir='ltr'><strong>l&#39;enseiqnement</strong></span> <span class='ocrx_word' id='word_1_389' title='bbox 1828 2943 1901 2966; x_wconf 79' lang='lat' dir='ltr'><strong>dans</strong></span> <span class='ocrx_word' id='word_1_390' title='bbox 1921 2941 2102 2967; x_wconf 80' lang='lat' dir='ltr'><strong>l&#39;Universite&#39;</strong></span> <span class='ocrx_word' id='word_1_391' title='bbox 2118 2943 2150 2966; x_wconf 79' lang='lat' dir='ltr'><strong>de</strong></span> <span class='ocrx_word' id='word_1_392' title='bbox 2171 2942 2267 2971; x_wconf 85' lang='lat' dir='ltr'><strong>Paris,</strong></span> <span class='ocrx_word' id='word_1_393' title='bbox 2286 2949 2312 2974; x_wconf 91' lang='lat' dir='ltr'><strong>p.</strong></span> <span class='ocrx_word' id='word_1_394' title='bbox 2331 2941 2387 2973; x_wconf 79' lang='lat'>16);</span> 
     </span>
     <span class='ocr_line' id='line_1_43' title="bbox 496 2985 2037 3019; baseline -0.002 -5"><span class='ocrx_word' id='word_1_395' title='bbox 496 2989 637 3014; x_wconf 66' lang='lat' dir='ltr'><strong>Jocunns</strong></span> <span class='ocrx_word' id='word_1_396' title='bbox 657 2987 764 3017; x_wconf 65' lang='lat' dir='ltr'><strong>(Index,</strong></span> <span class='ocrx_word' id='word_1_397' title='bbox 784 2993 841 3017; x_wconf 82' lang='lat' dir='ltr'><strong>pag.</strong></span> <span class='ocrx_word' id='word_1_398' title='bbox 862 2992 889 3008; x_wconf 91' lang='lat' dir='ltr'><strong>1v</strong></span> <span class='ocrx_word' id='word_1_399' title='bbox 908 2987 933 3009; x_wconf 87' lang='lat' dir='ltr'><strong>et</strong></span> <span class='ocrx_word' id='word_1_400' title='bbox 953 2988 1008 3009; x_wconf 80' lang='lat' dir='ltr'><strong>not.</strong></span> <span class='ocrx_word' id='word_1_401' title='bbox 1025 2985 1057 3009; x_wconf 84' lang='lat' dir='ltr'><strong>ad</strong></span> <span class='ocrx_word' id='word_1_402' title='bbox 1076 2993 1101 3009; x_wconf 85' lang='lat' dir='ltr'><strong>n.</strong></span> <span class='ocrx_word' id='word_1_403' title='bbox 1120 2986 1157 3017; x_wconf 72' lang='lat'><strong>2);</strong></span> <span class='ocrx_word' id='word_1_404' title='bbox 1178 2985 1304 3009; x_wconf 64' lang='lat' dir='ltr'><strong>nasu-LE</strong></span> <span class='ocrx_word' id='word_1_405' title='bbox 1324 2986 1386 3014; x_wconf 76' lang='lat' dir='ltr'><strong>(Die</strong></span> <span class='ocrx_word' id='word_1_406' title='bbox 1409 2986 1616 3011; x_wconf 72' lang='lat' dir='ltr'><strong>Universz&#39;uicen</strong></span> <span class='ocrx_word' id='word_1_407' title='bbox 1634 2987 1681 3011; x_wconf 80' lang='lat' dir='ltr'><strong>des</strong></span> <span class='ocrx_word' id='word_1_408' title='bbox 1698 2987 1888 3015; x_wconf 74' lang='lat' dir='ltr'><strong>Mittelcclters,</strong></span> <span class='ocrx_word' id='word_1_409' title='bbox 1906 2987 1927 3015; x_wconf 81' lang='grc' dir='ltr'><strong>Ι,</strong></span> <span class='ocrx_word' id='word_1_410' title='bbox 1945 2994 1970 3019; x_wconf 85' lang='lat' dir='ltr'><strong>p.</strong></span> <span class='ocrx_word' id='word_1_411' title='bbox 1988 2986 2037 3016; x_wconf 79' lang='lat'><strong>84).</strong></span> 
     </span>
     <span class='ocr_line' id='line_1_44' title="bbox 590 3029 1455 3060; baseline -0.002 -4"><span class='ocrx_word' id='word_1_412' title='bbox 590 3033 613 3055; x_wconf 79' lang='grc'><strong>3.</strong></span> <span class='ocrx_word' id='word_1_413' title='bbox 635 3031 773 3056; x_wconf 80' lang='lat' dir='ltr'><strong>Chronica</strong></span> <span class='ocrx_word' id='word_1_414' title='bbox 792 3029 895 3060; x_wconf 74' lang='lat' dir='ltr'><strong>Roqeri</strong></span> <span class='ocrx_word' id='word_1_415' title='bbox 912 3031 944 3053; x_wconf 81' lang='lat' dir='ltr'><strong>de</strong></span> <span class='ocrx_word' id='word_1_416' title='bbox 962 3030 1122 3060; x_wconf 66' lang='lat' dir='ltr'><strong>Houodene,</strong></span> <span class='ocrx_word' id='word_1_417' title='bbox 1140 3029 1180 3054; x_wconf 86' lang='lat' dir='ltr'><strong>ed.</strong></span> <span class='ocrx_word' id='word_1_418' title='bbox 1201 3030 1316 3059; x_wconf 72' lang='lat' dir='ltr'><strong>STUBBS‚</strong></span> <span class='ocrx_word' id='word_1_419' title='bbox 1336 3029 1381 3059; x_wconf 86' lang='lat' dir='ltr'><strong>IV,</strong></span> <span class='ocrx_word' id='word_1_420' title='bbox 1401 3029 1455 3054; x_wconf 79' lang='lat'><strong>120.</strong></span> 
     </span>
    </p>
   </div>
  </div>
 </body>
</html>
