2580 3528
247 382 345 424 1259]
588 392 636 414 AB
669 392 775 415 anso
808 392 886 415 nec
920 392 1052 422 usone
1086 393 1135 415 ,11)
1170 393 1401 415 rmmrrun
1437 393 1477 415 iv
1512 393 1600 415 asc.
1638 393 1775 415 rame.
2056 385 2120 418 381

335 465 432 500 Nulli
453 478 557 512 erg0‚
572 471 654 508 etc„
674 473 800 500 nostre
821 466 1122 508 confirmationis,
1139 472 1204 501 etc.
1223 467 1259 500 Si
1279 467 1362 512 quis
1378 473 1512 507 autem,
1533 472 1597 500 etc.
1616 467 1682 499 Dat
1699 467 1864 511 Anagnie
1881 467 1903 512 ij
1923 467 1970 499 id.
1990 469 2123 509 Martii,

244 532 478 579 pontificatus
498 533 616 567 nostri
635 545 731 567 anno
753 533 893 579 quinto.

338 631 469 664 Tempore
487 631 576 655 Caroli
594 631 723 655 Jourdain
742 631 807 655 haec
821 631 914 656 charta
933 641 945 655 a
962 632 1083 656 exstabat
1102 632 1128 656 in
1147 632 1223 656 theca
1239 632 1355 664 quadarn
1375 631 1501 656 Biblioth.
1518 631 1665 663 imperialis
1684 639 1706 659 1),
1725 635 1754 655 ut
1769 631 1825 663 ipse
1845 631 1941 655 asserit
1955 632 1988 655 ad
2004 636 2053 655 „um
2069 632 2123 655 184.

244 675 306 700 Fuit
318 683 369 700 ms.
383 675 430 700 lat.
445 676 516 700 91⁵1.
533 677 607 700 Anno
622 676 683 700 18⁶2
697 684 757 700 cum
776 676 837 700 aliis
856 677 956 700 chartis
974 677 1134 701 transmissa
1153 680 1194 701 est
1212 677 1247 700 ad
1270 677 1347 701 Arch.
1368 680 1432 705 nat.,
1448 680 1510 700 tunc
1530 676 1658 708 temporis
1678 676 1825 708 imperiale,
1842 676 1888 699 ubi
1909 684 1969 699 vero
1989 676 2126 708 hucusque

244 728 293 745 nee
306 728 323 744 a
336 720 414 744 nobis
429 728 476 744 nec
493 720 528 744 ab
543 721 603 744 aliis
618 721 730 753 reperiri
745 721 840 754 potuit.
857 721 932 753 Apud
947 721 1075 745 Jourdain
1090 729 1230 754 perperam
1247 723 1361 746 retertur
1375 722 1408 745 ad
1424 729 1466 745 an.
1484 722 1554 745 1260.

339 805 362 829 1.
378 805 563 829 Octavianum.
582 818 614 823 —
633 806 656 829 2.
671 805 801 830 Jourdain
818 814 824 830 t
842 814 854 829 11
874 805 950 830 nobis
968 814 988 830 11.
1005 819 1037 824 -
1051 807 1073 830 3.
1094 807 1123 830 111
1142 806 1210 838 orig.
1229 815 1241 829 a
1261 806 1410 830 venerando
1426 824 1444 830 ..
1463 805 1607 830 Octaviano
1625 814 1636 828 u
1652 809 1722 829 certe
1745 814 1793 837 per
1814 809 1889 829 notas
1909 809 1967 829 erut
1986 805 2124 837 scriptum.

243 849 374 873 Jourdain
392 849 469 882 ponit
486 849 569 874 verba
586 849 613 873 in
631 850 766 874 Vocativo.
788 850 817 874 In
837 850 898 874 aliis
917 850 1082 874 documentis
1103 850 1237 874 similibus
1257 850 1320 882 Reg.
1341 850 1399 874 Vat.
1421 850 1578 882 plerumque
1603 853 1631 873 ut
1653 858 1743 882 supra.
1759 863 1791 867 —-
1809 851 1832 873 4.
1852 850 1916 873 Vide
1936 858 2018 881 supra
2037 854 2066 873 n⁰
2081 850 2127 873 116

242 895 412 926 praesertim,
427 894 473 918 ubi
488 894 594 922 dicitur,
610 894 782 919 Guillelmum
796 895 823 918 in
837 898 974 919 contractu
993 895 1072 927 bujus
1088 895 1172 919 mutui
1188 895 1270 919 fuisse
1284 898 1452 927 praesentem
1467 894 1493 918 in
1506 894 1588 918 curia.
1606 895 1659 918 Isto
1674 903 1742 918 anno
1758 895 1838 927 (12:37)
1850 894 1906 926 jam
1923 898 1980 918 erat
1995 898 2123 918 mortuns.

242 952 275 956 —
288 940 311 963 5.
328 938 456 971 Magister
466 939 505 963 W.
521 939 554 963 de
568 939 740 971 Canapevilla
756 939 791 970 (in
806 940 870 971 Reg.
888 940 945 964 Vat.
961 940 1108 972 Canapell.)
1120 939 1272 963 nominatur
1287 939 1314 963 in
1329 940 1392 971 Reg.
1404 940 1461 963 Vat.
1479 939 1587 963 Honorii
1602 939 1639 963 111
1655 947 1697 963 an.
1713 940 1736 968 3,
1753 947 1794 971 ep.
1810 939 1864 967 514,
1881 939 1914 962 ad
1929 940 1944 962 :3
1958 939 2040 971 April.
2055 939 2123 963 1221.

241 996 275 1001 —
288 984 312 1006 ὅ.
333 982 397 1015 Ejus
413 983 471 1015 jam
490 983 567 1007 annis
587 984 602 1007 2
620 986 646 1007 et
664 984 678 1007 8
697 984 760 1016 Reg.
777 984 834 1008 Vnt.
859 983 967 1008 Honorii
990 984 1027 1008 111
1043 984 1140 1008 mentio
1155 984 1184 1008 fit
1199 985 1251 1013 (an.
1268 985 1291 1012 2,
1312 992 1352 1015 ep.
1370 984 1444 1012 1159;
1461 992 1503 1007 an.
1524 985 1547 1012 3,
1565 992 1606 1016 ep.
1625 983 1690 1016 453ss
1706 992 1748 1007 an.
1765 984 1778 1007 7
1793 991 1855 1007 vero
1874 983 2022 1015 theologiae
2038 984 2126 1007 studio

243 1027 355 1052 Parisiis
371 1027 485 1052 vacabat
499 1027 568 1058 (vide
583 1036 665 1060 supra
680 1032 710 1051 11*ι
723 1028 772 1061 46).
788 1042 819 1046 —
835 1029 857 1052 7.
875 1028 930 1052 Sub
945 1028 1073 1060 Gregorio
1089 1029 1122 1053 lx
1138 1029 1188 1052 suit
1204 1028 1346 1052 canonicus
1362 1028 1467 1052 Carnot.
1486 1029 1558 1060 (Reg.
1575 1029 1631 1052 Vat.
1653 1036 1695 1052 an.
1712 1029 1735 1056 7,
1751 1036 1811 1060 epp.
1829 1028 1882 1056 131,
1899 1029 1954 1056 230,
1974 1029 2006 1052 ad
2027 1028 2125 1052 Maium

243 1075 270 1096 et
282 1072 344 1096 ,11111-
361 1080 404 1096 an.
420 1073 496 1101 12³3;
511 1081 553 1097 an.
571 1073 610 1101 10,
625 1081 666 1105 ep.
683 1073 736 1105 6³);
754 1073 804 1097 sub
820 1073 971 1097 innocentio
987 1074 1020 1097 lV
1034 1081 1096 1097 vero
1109 1082 1202 1097 canon.
1218 1073 1302 1097 Paris.
1319 1073 1354 1104 (v.
1372 1073 1479 1105 Bergein
1496 1073 1547 1098 Les
1563 1073 1707 1104 Reyistres
1721 1072 1891 1098 d'Innocent
1905 1073 1956 1101 IV,
1972 1077 2001 1096 n⁰
2015 1073 2079 1106 292).
2094 1087 2127 1092 —-

243 1117 268 1140 8.
284 1116 324 1141 Cf.
340 1125 424 1149 supra
438 1121 468 1141 11(ι
482 1117 536 1141 116.
550 1131 584 1136 --
599 1118 622 1141 9.
639 1117 768 1142 Jourdain
787 1117 831 1141 bic
849 1117 918 1141 sicut
937 1121 962 1142 et
981 1121 1073 1150 postea
1092 1126 1233 1150 perperam
1248 1126 1260 1141 α
1276 1117 1419 1149 Ugnitione
1434 1126 1456 1141 1).
1473 1131 1502 1135 -
1519 1118 1556 1141 10.
1574 1117 1740 1141 universitas
1757 1125 1820 1149 ergo
1835 1121 1895 1141 ante
1910 1126 1952 1141 an.
1970 1118 2031 1141 1229
2045 1118 2125 1141 immo

245 1163 307 1185 ante
320 1169 363 1185 an.
380 1161 450 1190 1227,
470 1164 500 1185 ut
518 1170 550 1185 ex
568 1161 724 1185 documento
739 1170 821 1194 supra
836 1166 866 1185 ¹1⁰
885 1162 930 1186 116
945 1162 1028 1186 relato
1048 1165 1168 1194 apparet,
1190 1165 1310 1186 mutuum
1330 1162 1461 1186 contraxit
1479 1170 1538 1185 cum
1559 1162 1750 1185 mercatoribus
1766 1162 1922 1190 Florentiae,
1942 1162 2012 1194 quod
2027 1162 2126 1194 optime

244 1205 389 1230 concordat
406 1214 467 1230 cum
485 1209 614 1238 tempore,
634 1214 686 1238 quo
706 1206 769 1230 dieti
793 1206 879 1230 nuntii
898 1210 923 1230 et
941 1210 1128 1238 procuratores
1148 1206 1336 1231 Universitatis
1356 1206 1467 1230 Parisiis
1488 1206 1669 1230 morabantur.
1691 1206 1782 1230 Noun-i
1802 1206 1888 1234 debet,
1910 1207 1974 1230 istos
1993 1216 2004 1229 «
2021 1207 2126 1231 nomine

245 1249 433 1275 Universitatis
455 1258 478 1279 n,
499 1253 528 1274 ut
547 1259 630 1282 supra
649 1250 754 1279 dicitur,
772 1259 824 1274 non
841 1259 852 1274 α
873 1251 978 1274 nomine
998 1251 1107 1275 rectoris
1128 1254 1153 1275 et
1172 1251 1360 1275 Universitntis
1377 1259 1388 1274 υ
1405 1254 1526 1274 mutuum
1541 1251 1712 1279 contraxisse,
1729 1259 1789 1274 nam
1810 1251 1835 1274 in
1857 1251 2032 1284 monumentis
2048 1252 2124 1275 istius

243 1294 372 1326 temporis
396 1302 490 1318 nomen
513 1294 623 1318 rectoris
644 1295 743 1318 frustra
763 1294 878 1326 quaeris.
893 1309 924 1313 —
944 1295 982 1319 11.
1003 1295 1083 1319 Istius
1103 1303 1199 1319 causae
1217 1303 1278 1319 cum
1297 1295 1491 1327 consequentiis
1515 1295 1565 1318 sub
1581 1295 1688 1319 Urbano
1707 1296 1740 1319 lv
1759 1295 1845 1319 adhuc
1861 1296 1958 1319 mentio
1973 1296 2011 1320 fit.
2031 1297 2060 1320 In
2079 1296 2125 1320 lite

243 1342 336 1363 contra
354 1339 461 1363 Petrum
476 1339 579 1367 Russel.
596 1339 754 1371 magistrum
774 1339 852 1363 theol.
869 1339 989 1368 Parisiis,
1005 1340 1198 1371 allegaverunt,
1214 1348 1242 1363 se
1256 1343 1384 1371 tempore,
1401 1348 1453 1372 quo
1473 1340 1496 1364 ei
1502 1340 1681 1366 =canonicatus
1702 1340 1727 1363 in
1747 1340 1858 1363 ecclesia
1874 1341 1957 1364 Puris.
1973 1341 2125 1373 assignatus

244 1383 296 1408 tuit
309 1383 378 1414 (vide
391 1383 462 1408 infra
476 1388 507 1407 11⁰
521 1384 586 1414 ³60),
601 1383 917 1407 excommunicationibus
933 1383 1015 1407 variis
1030 1384 1185 1408 innodatum
1201 1384 1292 1412 fuisse,
1305 1393 1316 1407 t(
1330 1387 1356 1408 et
1370 1384 1522 1416 specialiter
1536 1392 1584 1416 per
1599 1385 1728 1416 quosdam
1743 1388 1894 1408 executores
1906 1394 1986 1417 super
1996 1386 2124 1409 sententia

242 1435 292 1460 per
305 1427 336 1452 0.
353 1428 447 1452 Sancte
462 1428 544 1452 uarie
558 1427 584 1452 in
599 1428 647 1452 via
661 1428 715 1452 lata
730 1428 798 1452 diac.
813 1428 886 1452 eard.
902 1431 994 1452 contra
1009 1428 1216 1452 Universitatem
1231 1428 1316 1452 Paris.
1337 1437 1386 1460 pro
1403 1428 1479 1452 Dulci
1494 1432 1520 1452 et
1534 1428 1591 1460 ejus
1607 1428 1686 1452 sociis
1702 1429 1894 1452 mercatoribus
1912 1430 2054 1454 Florentia.
2070 1431 2125 1454 lata

242 1480 325 1505 super
338 1473 454 1505 quadam
468 1472 616 1505 quantitate
629 1473 740 1505 pecunia
754 1473 911 1497 auctoritate
925 1476 1011 1506 apost.
1028 1473 1168 1505 deputatos
1181 1482 1202 1497 υ,
1214 1473 1290 1501 Quod
1305 1477 1392 1496 tamen
1408 1476 1566 1505 procurator
1580 1473 1702 1505 magistri
1718 1474 1787 1497 Petri
1804 1474 1926 1505 negabat,
1941 1483 1952 1497 c<
1964 1483 2124 1507 quamquam

242 1517 313 1542 onim
328 1525 396 1541 unus
411 1517 443 1541 de
457 1517 641 1542 executoribus
655 1517 789 1549 deputatis
804 1517 838 1541 ad
853 1518 1033 1550 exequendam
1048 1517 1204 1542 sententiam
1220 1517 1283 1541 dicti
1299 1518 1330 1542 0.
1350 1517 1494 1541 cardinalis
1514 1526 1562 1550 per
1577 1526 1639 1541 suas
1655 1518 1808 1542 mandasset
1824 1518 1926 1542 litteras
1942 1519 2126 1551 archipresby-

242 1561 308 1587 teris
324 1561 437 1594 aliisque
452 1561 584 1586 universis
598 1561 762 1594 presbyteris
777 1562 992 1594 parrochialibus
1007 1562 1103 1591 Paris„
1120 1565 1148 1586 ut
1163 1565 1288 1586 moneant
1301 1562 1402 1586 dictum
1413 1562 1571 1594 magistrum
1582 1563 1689 1586 Petrum
1699 1566 1724 1586 et
1739 1563 1869 1594 quosdam
1884 1563 1950 1586 alios
1965 1564 1996 1587 de
2012 1564 2125 1588 Univer-

242 1605 322 1631 sitnto
335 1606 465 1639 predicta,
478 1614 512 1631 ne
525 1614 557 1631 ex
570 1610 633 1630 tunc
647 1614 675 1631 se
689 1610 855 1639 opponerent
869 1607 911 1630 vel
931 1606 1090 1639 impedirent
1109 1606 1250 1639 quominus
1270 1606 1368 1631 solutio
1388 1607 1463 1630 fleret
1482 1607 1675 1631 mercatoribus
1695 1607 1845 1639 prelibatis.
1864 1616 1952 1639 ymmo
1973 1609 2079 1640 penitus
2101 1612 2126 1632 ct.

241 1659 367 1683 expresse
380 1651 568 1682 consentirent,
583 1654 609 1675 et
627 1654 657 1675 ut
674 1651 702 1675 id
719 1651 794 1675 fieret
813 1654 964 1683 prestarent
982 1659 1091 1683 operam
1111 1651 1254 1680 efficacem,
1275 1651 1393 1683 alioquin
1408 1651 1481 1684 ipsos
1502 1654 1528 1675 et
1546 1651 1613 1675 alios
1634 1651 1685 1675 sibi
1706 1652 1731 1675 in
1754 1652 1803 1675 hoc
1822 1652 1988 1681 adherentes,
2009 1662 2075 1685 quos
2095 1662 2126 1677 ex

241 1698 306 1720 tunc
319 1699 442 1720 executor
461 1704 489 1720 se
510 1695 537 1720 in
557 1696 664 1728 seriptis
687 1695 914 1720 excommunicare
934 1696 1047 1725 dicebat,
1068 1696 1094 1720 in
1117 1696 1235 1720 eeclesiis
1257 1696 1313 1720 suis
1333 1696 1440 1728 publice
1460 1696 1619 1720 denunciare
1639 1700 1762 1720 curarent
1778 1705 1783 1720 :
1804 1695 1893 1720 tamen
1912 1706 1959 1721 nec
1978 1697 2075 1730 aliquis
2094 1707 2125 1722 ex

241 1740 342 1765 eisdem
357 1740 596 1773 archipresbyteris
610 1741 652 1765 vel
666 1741 831 1773 presbyteris
851 1749 879 1765 se
899 1741 999 1765 dictum
1014 1741 1173 1773 magistrum
1188 1741 1216 1765 Ρ.
1232 1741 1367 1765 monuisse
1384 1742 1425 1765 vel
1445 1741 1534 1773 ipsum
1549 1741 1687 1765 monitioni
1707 1750 1758 1765 non
1777 1742 1900 1773 paruisse
1916 1742 2062 1774 rescripsit,
2078 1751 2124 1766 nee

241 1784 292 1809 hoc
306 1785 357 1809 tuit
370 1793 419 1817 per
432 1785 485 1809 alia
500 1785 656 1809 documenta
671 1785 813 1818 probatum
829 1793 851 1814 υ,
867 1789 916 1810 etc.
939 1785 1071 1811 Collectio
1088 1785 1183 1809 Marini
1197 1786 1229 1810 de
1244 1785 1327 1810 Ebolo
1344 1785 1370 1809 in
1386 1785 1464 1810 Arch.
1484 1786 1542 1809 Vat.
1561 1794 1628 1809 arm.
1644 1786 1683 1815 31,
1701 1790 1728 1810 n⁰
1744 1787 1782 1814 72,
1801 1795 1841 1818 ep.
1859 1787 1928 1811 3270.
1943 1801 1976 1805 —
1992 1788 2028 1811 12.
2044 1788 2124 1811 Jour—

241 1829 304 1854 datu
320 1837 326 1853 z
343 1838 356 1854 α
371 1829 493 1854 Ramerio
507 1838 530 1854 a.

242 1973 356 2012 331.
377 1982 547 2010 Alexander
562 1985 606 2011 IV
614 1982 656 2010 ad
669 1983 861 2019 Reginaldum
877 1984 1041 2021 episcopum
1055 1983 1260 2018 Parisiensem,
1277 1987 1307 2010 ut
1323 1984 1430 2010 vocaris
1445 1984 1576 2010 omnibus
1592 1984 1740 2019 magistris
1760 1988 1788 2010 el
1806 1984 1989 2011 scholaribus
2008 1989 2122 2012 senten-

331 2032 390 2059 tias
405 2036 434 2060 et
449 2031 564 2059 litteras
579 2041 676 2060 omnes
690 2032 870 2070 apostolicas
881 2042 936 2070 pro
951 2032 1167 2070 tranquillitate
1181 2033 1273 2060 aladii
1287 2033 1420 2059 Parisios
1435 2032 1563 2059 directas
1575 2033 1713 2069 publicet,
1731 2042 1766 2060 ne
1785 2033 1922 2069 studium,
1945 2034 2022 2071 quod
2037 2035 2123 2071 paci—

331 2083 388 2117 fice
401 2082 473 2117 agit,
491 2082 593 2109 iterum
605 2081 799 2119 per-turbetur.

1465 2132 1540 2162 1259,
1554 2132 1646 2165 Aprilis
1659 2133 1685 2162 5,
1701 2132 1835 2165 Anagniae.

331 2204 537 2239 Alexander
570 2206 768 2252 episcopus
801 2218 931 2240 servus
964 2218 1153 2241 servorum
1189 2206 1256 2240 Dei
1290 2205 1491 2240 venerabili
1526 2207 1625 2240 fratri
1657 2233 1679 2239 ..
1715 2207 1890 2253 episcopo
1925 2208 2121 2241 Parisiensi

242 2271 395 2306 salutem
428 2279 465 2306 et
496 2272 732 2319 apostolicam
767 2272 1075 2307 benedictionem.
1108 2272 1296 2307 lntellecto
1324 2273 1531 2307 parisiense
1559 2273 1719 2306 studium
1756 2274 1904 2319 pacifice
1938 2286 2047 2320 agere
2081 2287 2121 2308 ac

241 2339 367 2385 vigere
392 2339 487 2373 circa
512 2338 739 2373 scolasticam
765 2339 1011 2385 disciplinam,
1032 2351 1176 2373 necnon
1202 2346 1238 2373 et
1258 2339 1538 2374 Universitatem
1560 2340 1677 2385 ipsius
1699 2340 1848 2374 directis
1868 2353 1934 2386 pro
1955 2342 2119 2386 ejusdem

240 2405 519 2440 conservatione
557 2405 668 2439 studii
708 2405 885 2439 mandatis
919 2405 1132 2452 apostolicis
1166 2405 1287 2439 debita
1326 2406 1528 2440 reverentia
1566 2405 1753 2439 humiliter
1790 2407 1969 2452 paruisse,
2003 2409 2120 2453 gavisi

241 2483 370 2506 sumus
394 2471 642 2507 vehementer.
671 2473 724 2506 Ne
751 2472 863 2518 igitur
889 2472 1099 2518 hujusmodi
1125 2472 1237 2506 studii
1263 2479 1408 2514 statum,
1435 2484 1541 2518 quem
1569 2472 1757 2518 pacificum
1783 2485 1866 2507 esse
1891 2474 2059 2520 cupimus
2086 2483 2119 2509 et

241 2538 490 2585 tranquillum,
512 2551 578 2585 per
597 2539 801 2585 aliquorum
824 2539 860 2572 in
877 2538 1175 2573 dissensionibus
1195 2538 1430 2585 gloriantium
1449 2538 1679 2573 insolentiam
1698 2539 1901 2585 perturbari
1918 2542 2117 2588 contingat,

239 2605 454 2640 fraternitati
484 2612 544 2639 tue
580 2618 646 2652 per
674 2605 873 2652 apostolica
905 2605 1039 2652 scripta
1069 2605 1234 2639 districtc
1271 2606 1508 2652 precipiendo
1539 2606 1752 2640 mandamus
1782 2607 1952 2653 quatinus
1982 2609 2119 2643 vocatis

238 2671 411 2706 omnibus
440 2672 626 2719 magistris
655 2679 691 2707 et
719 2672 924 2706 scolaribus
952 2672 1114 2706 Parisius
1141 2672 1376 2707 studentibus
1403 2673 1604 2707 sententias
1631 2680 1667 2707 et
1693 2673 1832 2708 litteras
1859 2687 2000 2718 omneS‚
2029 2688 2119 2722 quas

239 2750 305 2785 pro
330 2739 448 2786 ipsius
471 2739 583 2774 studii
609 2739 806 2786 tranquillo
827 2746 921 2773 statu
942 2739 1154 2781 direximus,
1177 2746 1212 2773 et
1232 2746 1362 2773 statuta
1388 2751 1454 2773 seu
1481 2739 1732 2774 ordinationes
1756 2747 1901 2775 nostras
1922 2754 1987 2788 per
2008 2749 2040 2776 te
2062 2743 2118 2777 vel

238 2805 348 2840 alium
377 2806 488 2840 facias
516 2806 554 2840 in
581 2818 707 2850 eorum
735 2806 918 2853 presentia
946 2806 1138 2853 publicari,
1165 2806 1415 2840 denuntiando
1444 2805 1705 2840 nichilominus
1733 2807 1838 2854 ipsis,
1866 2809 1964 2854 quod
1991 2822 2118 2843 omncs

240 2883 353 2919 penas
381 2879 417 2907 et
445 2873 682 2919 privationes,
711 2885 782 2920 que
812 2874 849 2907 in
881 2873 989 2907 dictis
1018 2873 1226 2915 sententiis,
1257 2873 1401 2915 litteris,
1433 2873 1728 2908 ordinationibus
1761 2881 1794 2908 et
1829 2876 1973 2909 statutis
2002 2877 2118 2909 ronti-

239 2945 385 2981 nentur,
425 2939 630 2979 incurrunt,
669 2940 731 2986 qui
771 2940 931 2974 studium
971 2940 1091 2986 ipsum
1132 2939 1346 2987 perturbare
1381 2947 1609 2986 presumunt,
1650 2952 1689 2974 se
1728 2953 1746 2975 a
1786 2942 2041 2987 magistrorum
2083 2949 2115 2976 ot
