2580 3528
238 402 336 447 1259]
454 407 459 409 “
573 415 622 437 ΑΒ
655 415 762 437 Anno
796 415 875 438 uec
909 415 1044 444 USQUE
1079 415 1129 437 An
1163 415 1394 438 Pntmrrnm
1429 416 1470 438 1v
1504 417 1593 439 asc.
1631 418 1769 440 rasse.
2046 410 2112 442 403

235 489 479 523 absolutionis
508 500 573 522 sue
595 488 814 522 beneficium
836 488 996 534 petituri.
1024 489 1234 522 Monuimus
1257 489 1408 534 insuper
1431 489 1577 534 publice
1603 502 1730 523 omncs
1756 490 1852 531 illos,
1880 491 1940 535 qui
1967 491 2114 526 libellos

235 556 395 590 famosos
436 555 474 588 in
508 555 689 589 infamiam
724 561 760 589 et
793 555 1053 589 detractionem
1088 555 1268 590 dictorum
1302 556 1465 595 fratrum,
1503 568 1646 589 necnon
1677 557 1809 589 rismos
1846 563 1880 589 et
1915 558 2114 592 cantilenas

235 623 283 656 de
316 634 411 656 novo
440 629 480 656 ut
508 622 641 656 dicitur
669 621 882 656 indecenter
910 622 1131 668 compositas
1161 622 1409 668 [detinerentJ,
1441 622 1548 656 nobis
1578 622 1635 656 vel
1666 622 1809 656 officiali
1847 630 1972 656 nostro
2010 625 2115 657 resti-

237 695 381 723 tuerent
414 689 506 722 insra
541 700 704 722 mensem
741 689 786 722 ad
819 679 1026 722 mandatum
1055 689 1296 735 apostolicum
1325 701 1438 734 super
1465 689 1534 722 hoc
1565 690 1832 735 exequendum,
1873 689 2036 734 alioquin
2072 703 2116 724 cx

236 762 322 790 tunc
352 767 480 790 omnes
509 755 719 794 detentores
748 756 927 789 dictorum
958 755 1179 798 libellorum,
1212 756 1406 789 rismorum
1437 762 1473 789 et
1501 756 1776 797 cantilenarum,
1814 756 1876 801 qui
1915 756 2021 789 nobis
2057 757 2115 790 vel

235 811 380 856 officiali
408 829 535 856 nostro
565 822 719 856 reddere
749 822 971 864 distulerint,
1002 823 1139 856 scirent
1167 835 1207 856 se
1237 822 1621 856 excommunicationis
1646 823 1861 856 sententiam
1888 823 2116 857 incursuros.

237 889 503 924 Premissorum
533 895 651 924 autem
681 889 821 935 copiam
851 889 1004 923 fecimus
1031 890 1208 935 ,magistro
1237 889 1393 923 Johanni
1419 889 1463 922 de
1489 889 1652 935 Nigella'
1679 875 1836 923 nationis
1866 889 2116 932 Picardorum,

238 953 371 990 rectori
405 955 655 994 universitatis
690 955 870 989 dictorum
905 956 1126 998 artistarum,
1157 956 1293 1002 petenti
1324 968 1401 990 eam
1431 968 1513 989 cum
1545 956 1715 990 instantia
1752 956 1899 989 nomine
1936 956 2115 990 dictorum

237 1022 456 1056 artistarum.
479 1023 609 1056 Actum
634 1034 729 1056 anno
755 1028 791 1055 et
815 1022 874 1055 die
900 1022 1070 1056 mercurii
1096 1022 1282 1068 predictis.

332 1150 469 1183 Originale
483 1150 510 1174 in
525 1150 604 1176 Arch.
623 1154 677 1174 nat.
692 1150 777 1175 Paris.
794 1151 822 1174 L.
839 1152 894 1179 253,
910 1155 940 1174 n⁰
954 1152 1009 1176 245.
1023 1151 1150 1183 Superest
1167 1151 1311 1174 taeniolum
1326 1151 1448 1180 membr„
1462 1151 1503 1174 cui
1520 1151 1639 1183 sigillum
1663 1151 1782 1183 episcopi
1806 1152 2015 1183 appendebatur.
2032 1151 2119 1176 Mem·

237 1196 271 1220 de
283 1195 313 1220 la
329 1194 391 1221 Soc.
405 1196 440 1220 de
456 1194 538 1220 thiu.
553 1196 587 1220 de
599 1195 688 1220 Paris
698 1199 724 1220 et
738 1196 772 1220 de
783 1195 1024 1224 I’Ile-de-Prance,
1041 1195 1070 1224 Χ,
1086 1196 1140 1219 264.
1156 1209 1188 1214 —
1202 1195 1268 1219 Cum
1283 1195 1332 1219 hoc
1346 1196 1503 1219 documento
1518 1195 1600 1219 series
1616 1198 1855 1224 monumentorum,
1871 1204 1939 1228 quae
1954 1196 2027 1220 illam
2042 1204 2119 1220 acer·

238 1239 334 1263 rimam
343 1239 536 1264 contentionem
550 1239 705 1272 respiciunt,
722 1239 880 1269 absolvitur,
896 1248 1048 1272 quanquam
1063 1239 1146 1272 aliqui
1166 1240 1286 1272 magistri
1303 1240 1500 1268 Universitatis,
1516 1248 1540 1263 v.
1558 1249 1584 1271 g.
1600 1240 1734 1264 Get-ardus
1750 1241 1782 1264 de
1793 1240 1977 1269 Abbatisvitla,
1993 1241 2119 1264 Nicolaus

238 1283 406 1308 Lexoviemis
425 1283 532 1316 aliique,
546 1286 625 1316 atque
642 1283 800 1308 Guillelmus
813 1283 845 1307 de
856 1284 882 1307 S.
896 1284 989 1307 Amore
1002 1284 1119 1307 nondum
1133 1283 1297 1308 desistebant
1312 1284 1452 1316 religiosos
1465 1284 1642 1307 mendicantes
1658 1284 1884 1316 disputationibus
1900 1288 1925 1308 et
1941 1285 2048 1317 scriptis
2062 1285 2119 1308 suis

238 1327 372 1356 insectari.
392 1330 422 1352 ut
439 1331 532 1360 postea
546 1327 704 1352 videbimus.
720 1327 790 1356 Quid
805 1336 867 1352 vero
881 1328 914 1351 de
927 1328 1042 1360 epistola
1061 1329 1164 1352 famo-a
1178 1328 1287 1352 rectoris
1298 1331 1324 1352 et
1334 1328 1522 1352 Universitatis
1537 1329 1633 1357 Paris„
1650 1337 1729 1360 quam
1744 1329 1868 1358 Bulaeus,
1885 1330 1930 1357 111,
1947 1331 2001 1358 356,
2017 1329 2119 1361 publici

236 1372 306 1404 juris
320 1372 398 1397 feeit?
416 1373 446 1396 Ιιι
460 1372 520 1404 ipsa
536 1371 607 1396 enim
621 1372 745 1396 definitur
764 1372 848 1401 locus,
864 1380 942 1404 quem
957 1372 1154 1396 Praedicator-es
1170 1372 1197 1396 in
1214 1372 1327 1401 actibus,
1343 1364 1525 1401 conventibu‘s}
1541 1377 1600 1401 eta,
1618 1373 1734 1396 habituri
1750 1373 1812 1401 sint,
1837 1376 1898 1405 post
1912 1382 2002 1397 omnes
2019 1374 2121 1398 scilicet.

238 1417 306 1441 alio·
324 1416 474 1448 religiosos,
496 1424 607 1449 eamque
620 1416 735 1440 Bulaeus
752 1417 786 1440 nd
800 1417 831 1440 20
851 1417 921 1445 Jan..
943 1416 974 1440 19
992 1419 1019 1440 et
1036 1417 1065 1440 21
1086 1417 1212 1440 Februar.
1235 1417 1296 1440 1259
1319 1417 1398 1446 (1260)
1415 1418 1503 1440 refert..
1525 1417 1653 1440 Bulaeum
1673 1417 1755 1440 secuti
1774 1420 1837 1440 sunt
1857 1417 1997 1447 Jourdain,
2014 1422 2045 1441 n⁰
2064 1419 2119 1446 183,

238 1460 345 1493 aliique.
365 1462 413 1485 Aut
426 1461 483 1493 jam
499 1464 592 1485 auctor
604 1460 693 1493 operis
713 1461 838 1486 Univers.
854 1461 949 1486 Paris.
964 1461 1082 1492 ejusque
1095 1461 1269 1492 facultatum
1285 1465 1414 1492 quatuor
1431 1461 1510 1492 ort’yo
1531 1468 1596 1486 vera
1611 1461 1770 1485 monstravit
1787 1462 1835 1485 hoc
1855 1462 2041 1486 documentum
2060 1470 2120 1486 esse

238 1505 297 1530 nevi
310 1505 467 1538 posterioris
482 1505 560 1536 (nihl.
576 1505 698 1530 Univers.
714 1505 809 1534 Paris..
826 1513 876 1529 ms.
892 1513 918 1529 u.
935 1506 955 1530 1.
971 1505 995 1534 1,
1011 1514 1037 1538 p.
1056 1506 1111 1529 726.
1131 1505 1200 1529 Bibl.
1217 1509 1270 1529 nat.
1288 1505 1383 1534 Paris„
1406 1505 1518 1530 maht.
1541 1507 1612 1534 9949,
1635 1506 1679 1529 fol.
1700 1507 1764 1536 366).
1786 1506 1879 1530 Nullus
1903 1506 1947 1530 isti
1963 1507 2121 1530 documento

238 1558 324 1575 annu·
343 1549 483 1582 appositus
504 1553 554 1579 ent,
578 1558 626 1574 nec
646 1553 734 1574 tamen
756 1553 816 1574 ante
838 1550 917 1574 finem
932 1550 1031 1574 saeculi
1046 1550 1103 1574 xtv
1121 1551 1268 1574 confectum
1288 1558 1347 1574 esse
1367 1553 1470 1582 potest;
1485 1553 1613 1582 quantum
1629 1553 1778 1582 temporum
1793 1550 1921 1574 rationem
1934 1551 2031 1579 turbet,
2048 1551 2070 1574 si
2085 1551 2121 1574 ad

239 1594 318 1618 finem
332 1594 507 1618 contentionis
521 1602 564 1618 ιιιι.
574 1594 636 1618 1259
650 1595 790 1623 referatur,
799 1593 860 1618 vide
874 1594 982 1623 Denisse,
999 1594 1050 1619 Die
1068 1594 1292 1620 Universitaeten
1306 1595 1353 1619 des
1367 1594 1554 1623 Humana-s,
1572 1595 1591 1623 1,
1609 1594 1663 1623 110,
1679 1603 1705 1618 ιι.
1722 1595 1776 1618 239.

333 1710 357 1734 1.
375 1710 463 1742 Supra
477 1714 507 1733 ¹1⁰
521 1710 575 1733 342.
590 1723 622 1728 -—
637 1710 659 1734 2.
679 1709 813 1734 Johannes
827 1709 860 1733 de
879 1709 982 1742 Nigella
1000 1713 1094 1742 postea
1117 1709 1241 1734 transivit
1255 1709 1288 1733 ad
1307 1709 1458 1734 facultatem
1481 1709 1636 1738 medicinae,
1653 1712 1682 1733 ut
1696 1712 1809 1741 apparet
1829 1717 1860 1733 ex
1880 1709 1994 1741 quodam
2014 1710 2119 1734 docum.

239 1762 282 1778 un.
298 1754 368 1783 1274,
383 1754 407 1778 ni
421 1757 509 1778 tamen
521 1753 564 1778 hie
578 1754 667 1786 agitur
681 1754 714 1778 de
728 1762 780 1778 nno
795 1754 939 1787 eodemque
955 1754 1094 1786 magistro.

240 2004 353 2046 355.
371 2014 503 2042 Litterae
525 2013 672 2051 supplices
688 2014 891 2050 magistrorum
905 2014 1116 2044 Pari-eleusium
1132 2014 1173 2041 ad
1187 2013 1359 2041 Ludovicum
1379 2023 1482 2050 regem,
1505 2017 1536 2040 ut
1557 2013 1726 2041 Guillelmus
1740 2013 1776 2041 de
1793 2015 1820 2040 S.
1842 2014 1946 2040 Amore
1965 2013 2001 2040 de
2016 2013 2121 2040 exsilio

330 2066 482 2090 revocetur.

252 2174 255 2177 ’
303 2174 307 2175 ’
332 2175 648 2211 Excellentissimo
677 2162 825 2211 domino
855 2163 923 2212 suo
954 2178 1139 2212 Ludovico
1169 2178 1290 2212 divina
1320 2177 1570 2211 moderatione
1600 2177 1837 2211 serenissimo
1865 2178 1942 2223 regi
1969 2177 2119 2211 Francie

243 2243 462 2278 universitas
487 2244 744 2289 magistrorum
773 2251 808 2278 et
833 2244 1028 2278 scolarium
1056 2244 1217 2278 Parisius
1245 2244 1470 2278 studentium
1498 2244 1650 2278 salutem
1681 2251 1717 2278 et
1743 2256 1896 2290 regnum
1925 2243 1995 2277 sibi
2025 2256 2119 2277 com-

242 2310 393 2344 missum
424 2321 511 2356 pace
540 2317 713 2356 perpetua
740 2310 943 2345 defensare.
974 2311 1074 2345 Sicut
1103 2311 1190 2345 dicit
1217 2310 1407 2352 Boecius',
1439 2323 1535 2344 unus
1563 2317 1619 2344 est
1647 2311 1852 2344 dominator
1878 2317 1914 2344 et
1941 2323 2036 2344 unus
2063 2316 2120 2344 est

243 2388 305 2410 rex
331 2376 393 2422 qui
422 2377 625 2422 frequentia
654 2376 800 2419 civium,
832 2389 907 2411 non
936 2377 1154 2423 depulcione
1184 2377 1327 2419 letatur,
1358 2378 1464 2423 cujus
1493 2377 1551 2423 agi
1581 2377 1695 2410 frenis
1725 2383 1831 2422 atque
1866 2376 2119 2422 obtemperare

237 2443 380 2489 justitie
409 2455 548 2477 summa
577 2443 727 2477 libertas
756 2450 792 2477 et
819 2454 960 2477 summe
983 2443 1222 2489 Jocunditatis
1252 2444 1427 2478 amenitas
1455 2450 1653 2489 reputatur.
1686 2444 1758 2477 Iste
1788 2450 1845 2477 est
1872 2443 2059 2489 gloriosus
2084 2450 2119 2489 et

242 2508 412 2543 sublimis
433 2510 545 2552 Deus,
566 2510 672 2556 cujus
693 2509 787 2556 piam
802 2509 987 2556 justiciam
1013 2510 1217 2544 mundanos
1240 2510 1346 2544 decet
1371 2509 1569 2556 principes,
1594 2509 1795 2543 secundum
1820 2510 1918 2555 quod
1942 2508 2120 2556 possibile

243 2582 311 2617 est,
338 2587 403 2622 pro
428 2576 506 2610 suis
527 2575 668 2611 viribus
693 2576 856 2611 emulari.
884 2576 1066 2611 Hodierna
1089 2576 1148 2611 die
1173 2577 1388 2623 prodierunt
1412 2577 1450 2610 in
1473 2576 1591 2610 lucem
1617 2576 1849 2611 auctoritates
1875 2576 2011 2617 Boecii,
2036 2577 2119 2622 quia

243 2642 443 2689 imperante
487 2642 735 2689 flagranteque
778 2642 944 2689 nequicia
983 2643 1099 2678 virtus
1140 2655 1214 2677 non
1252 2642 1371 2677 solum
1411 2642 1561 2690 premiis
1599 2649 1708 2685 caret,
1749 2642 1814 2676 sed
1858 2642 2118 2677 sceleratorum

244 2707 400 2755 pedibus
423 2707 586 2755 subJecta
607 2708 798 2743 calcatur’.

1179 2794 1278 2819 Premit
1292 2794 1408 2818 insonte·

931 2837 1024 2863 Debita
1040 2838 1133 2863 sceleri
1149 2838 1226 2862 noxia
1241 2846 1320 2871 pona,

930 2882 963 2907 Et
978 2882 1097 2916 perveni
1112 2883 1229 2908 renident
1242 2883 1313 2907 cel-o

932 2927 1018 2952 ttom
1033 2927 1110 2958 solio,
1127 2931 1270 2960 nanctaque
1283 2927 1388 2951 calcant

932 2971 1033 3004 tnjuuta
1043 2971 1099 2997 viee
1114 2972 1182 2998 eona
1197 2974 1330 2996 nocentes.
