2618 3640
274 443 370 483 1213]
617 453 663 474 ΑΒ
697 452 803 475 ANNO
838 452 915 475 mcc
950 452 1083 481 usone
1118 452 1166 474 An
1202 452 1432 474 PHlLtPPUM
1467 452 1507 474 1v
1542 452 1631 475 asc..
1670 453 1806 475 rante.
2110 445 2151 477 77

276 583 350 620 18.
374 592 520 618 Hervaeus
535 591 687 628 episcopus
702 595 730 618 el
748 591 876 618 decanus
895 592 1046 618 Trecenses
1058 591 1245 628 promulgant
1267 591 1447 626 documenta,
1465 599 1541 627 quae
1563 591 1830 617 concordamentum
1852 592 1926 618 inter
1941 592 2153 618 universitatem

361 640 562 676 magistrorum
578 644 606 667 el
619 640 796 667 scholarium
811 649 848 667 ex
863 649 931 676 una,
949 644 977 667 et
991 640 1198 667 cancellarium
1213 640 1409 667 Parisiensem
1425 649 1462 667 ex
1475 640 1538 666 alia
1550 644 1637 676 parte
1652 641 1818 676 respiciunt.

1534 743 1604 773 1213,
1623 751 1714 770 menso
1728 743 1866 770 Novembri.

362 833 526 866 Herveus
556 832 622 865 Dei
652 832 766 878 gratia
801 832 1011 878 episcopus,
1042 839 1077 865 et
1104 833 1146 865 N.
1179 832 1339 865 decanus
1368 833 1573 865 Trecenses
1594 831 1765 865 omnibus
1795 838 1986 877 presentes
2016 831 2154 865 litteras

271 899 493 944 inspecturis
518 898 671 932 salutem
696 899 734 932 in
763 899 933 932 Domino.
960 899 1110 932 Noverit
1135 897 1355 932 universitas
1379 905 1511 940 vestra,
1541 899 1639 944 quod
1666 911 1747 932 cum
1778 899 1922 944 questio
1951 894 2155 932 verteretur

271 965 367 999 inter
393 966 588 1011 magistros
614 972 650 999 et
674 965 835 999 scolares
862 965 1089 999 Parisienses
1115 977 1159 998 ex
1181 978 1250 999 una
1277 972 1391 1011 parte,
1421 972 1457 998 et
1481 967 1511 999 J.
1539 965 1795 999 cancellarium
1825 978 1868 998 ex
1895 965 2006 999 altera
2033 977 2153 999 coram

272 1031 380 1066 nobis
405 1044 449 1066 ex
475 1032 643 1066 mandato
671 1032 809 1065 domini
837 1044 928 1078 pape
956 1031 1025 1066 sub
1052 1032 1117 1065 hac
1144 1032 1258 1065 forma
1281 1044 1289 1065 :
1313 1032 1550 1065 Innocentius
1578 1032 1775 1078 episcopus
1803 1044 1933 1066 servus
1963 1043 2153 1066 servorum

272 1099 339 1132 Dei
364 1098 566 1133 venerabili
585 1099 686 1132 fratri
710 1099 885 1144 episcopo
906 1106 942 1132 et
969 1098 1113 1132 dilectis
1133 1098 1219 1132 filiis
1244 1100 1286 1132 N.
1319 1099 1457 1132 decano
1483 1106 1519 1132 et
1541 1126 1562 1132 ..
1584 1098 1841 1132 archidiacono
1869 1101 2022 1133 Trecen.
2037 1104 2062 1141 ¹,
2087 1105 2151 1133 etc.

270 1165 365 1200 sicut
388 1177 500 1211 supra
527 1170 564 1199 n⁰
586 1166 638 1207 14,
666 1166 811 1199 tandem
838 1166 934 1199 idem
962 1165 1202 1199 cancellarius
1229 1172 1265 1199 et
1292 1165 1457 1211 magistri
1484 1172 1520 1198 et
1548 1165 1709 1199 scolares
1739 1166 1966 1199 Parisienses
1997 1166 2153 1199 median-

272 1231 370 1266 tibus
390 1231 499 1266 bonis
518 1232 608 1266 viris
627 1239 809 1266 venerunt
827 1232 864 1265 in
885 1232 1131 1274 concordiam,
1159 1232 1254 1266 sicut
1277 1232 1314 1265 in
1339 1232 1471 1266 litteris
1496 1232 1718 1266 venerabilis
1739 1233 1851 1278 patris
1872 1233 1969 1266 Petri
1989 1233 2154 1278 episcopi

271 1298 490 1332 Parisiensis
524 1310 737 1344 expressum
771 1299 930 1332 vidimus
964 1299 1001 1331 in
1036 1298 1132 1332 hunc
1171 1299 1318 1332 modum
1351 1310 1358 1332 ε
1390 1300 1519 1332 Petrus
1547 1299 1611 1332 Dei
1647 1299 1761 1344 gratia
1800 1299 2018 1333 Parisiensis
2057 1299 2154 1345 epis-

271 1377 386 1411 copus
397 1366 421 1407 ¹,
443 1370 507 1400 etc.
528 1365 623 1399 sicut
646 1376 757 1410 supra
779 1370 816 1398 n⁰
837 1366 889 1398 16.
914 1366 1012 1398 Hanc
1034 1365 1186 1398 eandem
1212 1365 1445 1398 concordiam
1468 1365 1655 1411 predictus
1680 1365 1920 1399 cancellarius
1941 1366 2155 1411 approbavit

272 1438 308 1466 et
333 1439 443 1466 ratam
465 1431 603 1473 habuit,
625 1432 720 1465 sicut
743 1432 780 1465 in
804 1431 937 1465 litteris
963 1433 1043 1477 ejus
1066 1432 1225 1465 vidimus
1250 1431 1319 1465 suh
1344 1431 1416 1465 hiis
1441 1431 1564 1465 verbis
1587 1443 1594 1465 :
1616 1433 1646 1465 J.
1674 1432 1914 1466 cancellarius
1935 1433 2153 1466 Parisiensis

270 1498 441 1533 omnibus
470 1505 662 1544 presentes
691 1498 830 1532 litteras
860 1499 1083 1544 inspecturis
1110 1498 1264 1532 salutem
1291 1499 1327 1531 in
1353 1498 1508 1531 Domino
1521 1501 1546 1540 ³,
1567 1504 1632 1532 etc.
1663 1499 1755 1533 sicut
1784 1510 1895 1544 supra
1925 1505 1961 1532 n⁰
1992 1501 2044 1533 17,
2077 1501 2151 1533 Nos

271 1566 376 1600 etiam
407 1565 604 1612 predictam
635 1565 938 1612 compositionem
968 1572 1079 1599 ratam
1115 1572 1151 1599 et
1183 1572 1321 1611 gratam
1356 1565 1533 1598 habentes
1562 1565 1627 1598 has
1656 1565 1796 1599 litteras
1826 1565 1905 1599 fieri
1934 1566 2087 1599 fecimus
2117 1573 2153 1599 et

271 1631 477 1678 sigillorum
494 1639 703 1666 nostrorum
720 1632 921 1665 munimine
938 1631 1116 1665 roborari.
1135 1632 1263 1666 Actum
1281 1644 1376 1665 anno
1394 1632 1540 1665 Domini
1556 1632 1670 1666 MCC⁰
1680 1633 1780 1674 Xlll,
1798 1644 1924 1665 mense
1941 1632 2150 1666 Novembri.

363 1730 467 1755 Archiv.
483 1730 671 1755 Universitatis
685 1730 769 1754 Paris.
783 1730 859 1754 theca
874 1731 904 1760 V,
920 1730 949 1754 B.
966 1731 989 1754 6.
1007 1730 1036 1758 Β,
1053 1730 1146 1754 charta
1161 1730 1263 1754 munita
1278 1731 1382 1754 duobus
1399 1730 1496 1762 sigillis
1512 1730 1595 1754 cereis
1611 1730 1704 1754 viridis
1720 1730 1816 1754 coloris
1834 1732 1955 1762 (quorum
1971 1730 2153 1754 tantummodo

269 1783 361 1804 unum,
376 1774 495 1807 episcopi
506 1775 615 1804 scilicet,
631 1775 764 1807 integ-rum
779 1778 820 1799 est
834 1777 1030 1805 conservatum)
1046 1783 1114 1807 quae
1129 1775 1182 1799 filis
1198 1775 1273 1799 sex-ic.
1291 1775 1405 1799 caerulei
1420 1778 1446 1799 et
1460 1774 1536 1799 rubei
1551 1775 1647 1798 coloris
1663 1775 1821 1807 appendent.
1838 1788 1870 1793 ·—
1883 1775 2022 1803 Jourdain,
2038 1780 2067 1798 n⁰
2083 1775 2120 1799 15.

365 1859 386 1883 1.
403 1859 525 1892 integrae
539 1859 643 1884 litterae
657 1860 802 1884 Innocentii
818 1859 974 1884 afferuntur.
990 1873 1021 1877 —
1036 1860 1059 1884 2.
1075 1859 1241 1884 Exscribitnr
1256 1860 1451 1884 documentum.
1467 1874 1499 1878 —
1513 1861 1535 1883 3.
1553 1860 1668 1884 Affertur
1682 1859 1847 1883 confirmatio
1863 1859 2022 1883 cancellarii.

275 2062 350 2100 19.
376 2071 580 2098 Ordinationes
611 2071 730 2098 Concilii
743 2071 932 2108 provincialis
953 2071 1133 2099 Parisiensis
1154 2072 1208 2099 sub
1231 2072 1327 2107 legato
1349 2071 1530 2109 apostolicae
1551 2072 1630 2099 sedis
1655 2072 1793 2107 magistro
1815 2072 1939 2099 Roberto
1963 2071 1999 2098 de
2028 2073 2153 2106 Com-con

360 2120 499 2147 celebrati
514 2120 592 2147 circa
612 2119 722 2147 studia.

1611 2171 1681 2201 1213,
1697 2171 1811 2198 Pal-seith.

360 2258 400 2301 (1,
422 2258 477 2302 23)
503 2257 713 2299 Statuimus,
740 2265 779 2292 ut
804 2257 895 2292 nulli
915 2258 1064 2292 habenti
1089 2271 1212 2292 curam
1238 2258 1481 2304 parochialem
1507 2258 1614 2292 liceat
1638 2259 1823 2292 seculares
1850 2258 2021 2292 scientias
2051 2258 2152 2291 addi-

271 2334 387 2365 scere,
410 2335 454 2357 ex
473 2323 608 2369 quibus
628 2323 837 2358 nullatenus
857 2325 976 2370 possit
994 2324 1226 2359 subditorum
1247 2338 1397 2359 suorum
1426 2325 1533 2359 saluti
1558 2325 1748 2371 prodesse.
1778 2326 1892 2358 Immo
1917 2325 1948 2358 si
1969 2337 1986 2358 a
2012 2324 2150 2370 prelato

271 2401 340 2424 suo
368 2389 550 2424 licentiam
585 2390 743 2424 adeundi
772 2390 891 2425 scolas
921 2390 1133 2434 obtinuerit,
1161 2391 1251 2425 nihil
1276 2392 1347 2426 nisi
1381 2404 1501 2426 veram
1536 2391 1691 2425 litteram
1726 2398 1787 2425 aut
1819 2403 1955 2425 sacram
1982 2391 2149 2436 paginam

271 2456 317 2490 ad
354 2456 645 2490 informationem
681 2457 983 2503 parochianorum
1022 2470 1171 2492 suorum
1210 2458 1393 2500 addiscat3
1433 2458 1463 2492 si
1502 2458 1598 2491 enim
1638 2458 1683 2491 de
1722 2457 1833 2491 scolis
1872 2457 1949 2491 suis
1979 2457 2150 2490 omnibus

272 2522 489 2569 quisquilias
525 2523 701 2558 secularis
738 2523 890 2557 scientie
925 2523 1099 2567 attulerit,
1134 2531 1170 2558 et
1202 2524 1323 2558 nullos
1360 2525 1471 2558 ssores
1505 2524 1549 2557 de
1586 2524 1697 2570 pratis
1729 2524 1876 2558 celestis
1904 2523 2149 2570 philosophie,

271 2589 473 2624 secundum
495 2589 724 2636 evangelium
747 2597 914 2636 tanquam
936 2591 1130 2624 infatuatus
1150 2591 1334 2637 rejiciatur
1354 2597 1390 2624 et
1409 2590 1453 2624 ab
1474 2590 1645 2624 omnibus
1666 2590 1912 2624 conculcetur.

360 2657 419 2701 (11,
443 2657 495 2701 19)
516 2657 607 2691 Cum
629 2657 773 2703 quidam
796 2657 1033 2704 regularium,
1055 2664 1094 2691 ut
1113 2657 1237 2692 verbis
1256 2657 1412 2692 Concilii
1434 2658 1710 2692 Lateranensis¹
1732 2664 1887 2699 utamur,
1909 2657 1979 2691 sub
1999 2663 2149 2703 optentu

271 2722 522 2769 languentium
551 2724 700 2757 fratrum
730 2724 948 2758 consulendi
977 2724 1196 2770 corporibus
1223 2731 1259 2758 et
1288 2724 1534 2758 ecclesiastica
1560 2725 1706 2770 negotia
1733 2724 1879 2759 fidelius
1907 2724 2149 2770 pertractandi

271 2789 316 2823 ad
336 2789 439 2836 leges
463 2789 664 2824 mundanas
685 2790 861 2837 legendas
887 2797 923 2825 et
941 2791 1191 2825 confectiones
1212 2790 1371 2837 phisicas
1392 2791 1669 2837 ponderandas'
1694 2791 1739 2825 de
1760 2791 1929 2825 claustris
1951 2791 2030 2825 suis
2051 2791 2150 2824 exire

272 2867 345 2890 non
365 2856 575 2899 formident,
600 2863 636 2891 et
656 2869 700 2891 ex
724 2869 767 2891 eo
792 2858 872 2904 ipso
898 2858 1069 2892 deficiant
1093 2858 1130 2891 in
1155 2857 1406 2900 interioribus,
1434 2870 1505 2904 quo
1530 2870 1569 2892 se
1594 2865 1720 2904 putant
1743 2857 1824 2892 aliis
1849 2858 1886 2891 in
1907 2857 2149 2891 exterioribus

272 2922 465 2968 providere
486 2934 494 2956 t
517 2923 634 2969 ipsius
654 2924 811 2959 Concilii
835 2925 1002 2971 vestigiis
1022 2925 1235 2959 inherentes
1260 2925 1496 2971 precipimus,
1523 2931 1562 2958 ut
1585 2925 1655 2959 nisi
1675 2925 1767 2958 infra
1788 2925 1941 2958 duorum
1969 2924 2147 2957 mensium

272 2989 427 3035 spatium
454 2989 498 3023 ad
525 2989 723 3024 claustrum
751 3002 856 3025 suum
887 2991 1076 3034 redierint,
1106 3004 1179 3025 non
1207 2991 1374 3026 obstante
1399 2991 1540 3025 abbatis
1565 2991 1622 3025 sui
1646 2991 1805 3033 licentia,
1831 3002 1936 3036 quam
1963 2991 2047 3023 dare
2076 3001 2148 3022 non
