2580 3528
226 383 324 424 1275]
567 392 615 414 ΑΒ
648 391 754 414 anuo
788 391 866 414 nec
900 390 1032 419 usqua
1068 391 1116 413 An
1150 390 1380 413 rnlmppun
1415 391 1455 413 ιν
1490 392 1579 413 asc.
1617 392 1753 414 faxim.
2033 384 2095 417 527

223 472 360 512 partem
388 465 590 505 adversam,
625 477 696 511 que
725 465 860 498 dicitur
883 476 967 510 pars
1002 465 1140 510 sigeri,
1173 465 1263 498 visis
1297 471 1331 497 et
1365 464 1563 510 diligenter
1597 465 1773 510 inspectis
1807 466 1896 498 actis
1926 466 2096 500 omnibus

222 532 355 566 habitis
393 544 512 566 coram
551 531 660 565 nobis
707 543 747 565 ac
786 538 913 565 tenore
957 531 1206 565 ordinacionis
1261 538 1385 564 nostre
1429 531 1592 576 predicte
1636 531 1880 577 omnibusque
1919 534 2096 578 appositis

221 598 306 632 hinc
335 605 372 632 et
395 599 480 632 inde
509 599 627 644 primo
653 610 719 644 per
751 610 819 631 nos
849 605 884 632 et
909 598 1142 644 postmodum
1174 609 1240 644 per
1269 597 1394 644 plures
1424 597 1604 631 discretos
1638 604 1673 631 et
1704 598 1842 643 peritos
1876 599 1975 632 viros
2009 611 2096 644 sepe

221 672 258 699 et
276 666 402 712 sepius
423 665 613 699 ruminatis
633 665 897 698 communicato
922 665 1078 699 consilio
1101 665 1320 710 sapientum,
1345 665 1383 698 in
1408 665 1555 698 nomine
1581 665 1696 698 Patris
1722 671 1758 698 et
1782 665 1862 698 Filii
1884 671 1920 698 et
1940 666 2096 711 Spiritus

221 732 342 766 Sancti
366 732 651 778 pronunciamus
676 738 712 766 et
734 732 901 773 dicimus,
929 732 1118 765 naeionem
1144 733 1435 766 Normannorum
1461 733 1578 777 (quam
1600 744 1665 777 per
1690 731 1774 765 illos
1800 732 1844 765 de
1866 744 1930 765 sex
1954 733 2097 778 episco-

221 798 365 845 patibus
390 798 696 846 Rothomagensis
726 799 926 845 provincie,
953 799 1013 844 qui
1040 811 1114 832 non
1144 799 1262 832 solum
1294 799 1467 844 majorem
1493 799 1558 832 sed
1585 805 1659 832 tres
1684 799 1759 832 fere
1790 799 1954 832 nacionis
1985 799 2095 832 totius

220 873 341 912 partes
371 878 453 899 cum
479 872 714 912 procuratore
740 866 858 911 ipsius
884 872 969 899 tunc
998 866 1090 911 ipsis
1120 865 1298 899 faciebant
1329 865 1572 911 representari
1598 872 1633 899 et
1658 865 1827 911 intelligi,
1855 866 1952 911 juris
1981 866 2095 899 anibi-

218 944 330 979 guum
355 944 430 966 non
455 933 582 976 extitit)
611 932 877 978 separationem
907 939 1032 966 contra
1062 939 1187 966 nostre
1217 932 1490 966 constitutionis
1521 939 1683 966 tenorem
1714 932 1847 966 secisse
1873 933 1910 966 in
1936 933 2094 966 diversis

220 999 392 1045 publicis,
416 999 672 1033 communibus
697 1006 733 1033 et
758 999 959 1033 manifestis
983 999 1138 1041 actibus,
1159 999 1222 1045 qui
1248 999 1292 1032 de
1313 999 1580 1033 consuetudine
1601 999 1678 1032 sive
1693 1000 1778 1044 jure
1801 1011 1866 1044 per
1886 999 2093 1045 singulares

219 1077 397 1112 personas
426 1066 674 1100 consideratas
709 1065 945 1111 singulariter
974 1073 1162 1111 nequeunt
1190 1066 1366 1108 exerceri,
1396 1078 1436 1099 ac
1466 1065 1569 1098 illos⁸
1599 1065 1644 1099 de
1674 1065 1890 1100 nacionibus
1920 1066 2001 1099 aliis
2031 1067 2092 1112 qui

217 1132 309 1178 ipsis
339 1132 458 1166 taliter
491 1133 666 1179 separatis
696 1133 733 1166 in
762 1132 974 1178 hujusmodi
1005 1132 1146 1166 actibus
1179 1132 1403 1166 adheserunt
1431 1139 1467 1166 et
1495 1132 1587 1166 alios
1616 1132 1653 1166 in
1682 1132 1814 1166 vicium
1852 1133 2092 1167 succedentes

218 1199 357 1233 eisdem
383 1199 620 1246 participasse
642 1199 679 1232 in
702 1199 854 1233 crimine
881 1199 1101 1233 criminosis.
1126 1200 1328 1233 Processus
1350 1206 1469 1233 autem
1491 1206 1599 1245 atque
1622 1199 1839 1233 sententiam
1860 1200 2091 1246 cognitorum

218 1277 283 1300 seu
314 1266 480 1312 judicum
515 1265 762 1312 predictorum
798 1277 872 1298 non
902 1265 1072 1299 duximus
1108 1265 1393 1307 confirmandos,
1424 1266 1512 1311 quin
1547 1266 1669 1311 potius
1699 1266 1800 1311 ipsos
1835 1278 1908 1299 non
1943 1273 2093 1312 propter

217 1332 358 1378 objecta
387 1345 406 1366 a
431 1339 531 1378 parte
560 1332 754 1374 contraria,
786 1332 853 1365 sed
881 1338 1031 1378 propter
1060 1344 1186 1365 eorum
1217 1332 1381 1366 defectus
1411 1332 1632 1378 multiplices
1662 1339 1735 1366 tum
1767 1345 1811 1366 ex
1841 1340 1940 1379 parte
1965 1345 2093 1379 prose-

217 1399 404 1446 quentium
434 1411 673 1446 personarum
703 1405 778 1432 tum
809 1411 853 1432 ex
876 1399 985 1432 modo
1011 1405 1047 1432 et
1070 1398 1313 1444 ineptitudine
1344 1399 1568 1445 procedendi
1597 1411 1637 1432 ac
1668 1400 1933 1445 pronunciandi
1963 1400 2090 1442 forma,

215 1472 371 1513 cogente
390 1477 459 1500 nos
479 1466 524 1499 ad
544 1465 612 1499 hoc
627 1465 791 1511 justicia,
820 1465 1086 1511 reprobandos.
1111 1467 1155 1499 Et
1174 1465 1258 1499 ideo
1279 1472 1380 1499 actus
1402 1466 1527 1511 partis,
1549 1478 1620 1511 que
1641 1465 1775 1499 dicitur
1796 1466 1971 1508 Alberici,
1993 1479 2091 1500 occa-

216 1533 320 1567 sione
342 1533 438 1567 dicte
459 1533 654 1575 sententie,
676 1544 746 1579 que
768 1533 864 1566 sicut
883 1532 1084 1578 predicitur
1104 1532 1203 1566 nulla
1225 1532 1342 1566 extitit
1360 1532 1441 1578 ipso
1457 1533 1554 1578 jure,
1573 1532 1686 1566 robur
1705 1539 1766 1566 aut
1785 1533 1883 1566 vires
1904 1545 2091 1567 assumere

215 1600 460 1646 nequiverunt
489 1611 556 1633 nec
585 1611 650 1646 per
679 1599 793 1645 ipsam
823 1600 886 1645 jus
919 1599 996 1633 sive
1026 1599 1222 1633 auctoritas
1259 1599 1439 1633 facultatis
1474 1599 1511 1632 in
1540 1599 1691 1632 eandem
1731 1606 1867 1645 partem
1903 1601 2091 1634 transferri

216 1666 346 1713 potuit,
368 1678 434 1700 nec
460 1666 570 1700 debet
589 1666 781 1700 occasione
804 1666 1015 1712 hujusmodi
1039 1666 1076 1700 in
1099 1678 1140 1700 ea
1162 1667 1383 1700 remansisse
1409 1666 1571 1708 decerni,
1596 1678 1663 1700 nec
1685 1673 1786 1700 actus
1807 1667 1919 1712 partis
1941 1667 2091 1701 alterius

217 1732 264 1767 ob
288 1732 380 1767 hanc
409 1745 553 1767 causam
583 1733 621 1767 in
649 1733 791 1767 irritum
822 1733 996 1767 revocari.
1024 1733 1133 1767 Plane
1159 1733 1344 1779 separacio
1370 1734 1460 1767 facta
1486 1734 1607 1767 minus
1636 1733 1799 1779 legitime
1830 1734 1935 1779 penis
1966 1741 2090 1768 nostre

215 1799 488 1834 constitutionis
517 1799 678 1846 implicat
697 1806 734 1834 et
762 1799 915 1834 involvit
947 1799 1067 1834 taliter
1101 1806 1304 1846 separatos3
1341 1799 1407 1834 sed
1441 1800 1559 1846 statim
1594 1800 1631 1832 in
1666 1806 1801 1845 partem
1837 1800 1941 1833 aliam
1977 1800 2089 1834 nichil

215 1867 399 1909 transfert,
425 1866 491 1900 sed
516 1873 601 1900 tunc
627 1866 785 1909 demum,
810 1873 1002 1913 postquam
1025 1867 1127 1912 juxta
1151 1867 1301 1900 sormam
1326 1867 1599 1900 constitutionis
1622 1867 1785 1912 ejusdem
1813 1867 1880 1901 rite
1901 1868 2088 1913 cognitum

215 1939 251 1967 et
270 1933 548 1979 pronunciatum
577 1933 699 1975 suerit,
724 1940 878 1980 partem,
904 1945 974 1979 que
998 1945 1037 1967 se
1061 1933 1195 1979 injuste
1219 1940 1373 1979 separat,
1398 1945 1541 1967 causam
1565 1933 1960 1979 separacionisjustam
1984 1934 2088 1968 ratio-

214 1999 371 2034 nabilem
406 2007 442 2034 et
474 2000 580 2034 etiam
616 2000 843 2034 manifestam
878 2000 970 2046 parti
1005 1999 1107 2034 alteri
1143 2000 1362 2046 prestitisse,
1399 2007 1434 2034 et
1467 2000 1503 2033 in
1539 2000 1768 2046 prestacione
1805 2001 1958 2034 emende
1987 2002 2088 2046 juxta

214 2066 364 2100 formam
391 2067 554 2113 ejusdem
580 2067 853 2101 constitutionis
878 2074 992 2101 taxate
1018 2079 1058 2100 se
1083 2073 1332 2100 contumacem
1359 2066 1565 2101 exhibuerit
1588 2074 1648 2100 aut
1673 2066 1847 2100 rebellem
1874 2068 2026 2101 maxime
2052 2068 2088 2101 in

214 2132 471 2167 communibus
495 2133 656 2180 negotiis
684 2133 877 2175 facultatis,
905 2133 942 2167 in
967 2133 1102 2180 quibus
1133 2134 1334 2167 secundum
1361 2134 1498 2180 prefate
1527 2134 1800 2168 constitutionis
1825 2134 1957 2168 seriem
1985 2134 2088 2168 nacio

215 2211 280 2234 seu
311 2199 484 2234 naciones
513 2201 762 2234 auctoritatem
793 2201 985 2247 separatim
1017 2200 1087 2234 sibi
1118 2201 1302 2235 vindicare
1328 2207 1516 2247 nequeunt
1545 2201 1753 2247 specialem.
1782 2202 1834 2234 Ex
1861 2201 1996 2246 quibus
2018 2202 2087 2235 evi-

215 2266 345 2300 denter
373 2273 532 2313 apparet,
554 2278 598 2300 ex
622 2267 857 2313 separacione
883 2267 1045 2313 presenti
1071 2267 1175 2313 parti,
1202 2279 1272 2313 que
1299 2267 1432 2301 dicitur
1455 2267 1630 2309 Alberici,
1659 2267 1769 2300 nichil
1796 2268 1942 2313 penitus
1967 2280 2088 2301 accre-

214 2333 325 2367 visse.
357 2333 510 2379 Propter
537 2333 636 2379 quod
662 2339 698 2367 et
723 2332 791 2367 alia
820 2333 915 2367 dicta
943 2333 1116 2379 superius
1142 2333 1345 2380 peticiones
1373 2333 1537 2379 ejusdem
1566 2333 1678 2379 partis
1705 2345 1816 2379 super
1843 2333 2088 2368 confirmatio-

215 2398 324 2433 nibus
344 2411 384 2433 ac
403 2399 485 2434 aliis
510 2400 605 2434 circa
631 2399 700 2433 hoc
721 2406 829 2446 prout
852 2400 1023 2446 superius
1049 2406 1134 2434 sunt
1154 2412 1327 2446 expresse
1353 2400 1523 2434 duximus
1545 2399 1804 2446 reprobandas.
1831 2401 1949 2446 Super
1968 2401 2088 2435 irrita-

212 2466 318 2500 cione
344 2478 432 2500 vero
462 2473 605 2500 actuum
635 2466 748 2512 partis
776 2466 909 2513 Sigeri,
941 2478 1047 2512 quam
1075 2466 1268 2500 occasione
1295 2466 1543 2513 separacionis
1573 2466 1735 2513 predicte
1766 2466 1844 2500 lieri
1873 2479 1956 2513 pars
1983 2468 2087 2514 petiit

213 2532 388 2575 Alberici,
421 2532 513 2567 illud
541 2533 679 2567 servari
710 2532 880 2567 volumus
909 2539 945 2567 et
973 2533 1088 2567 teneri
1122 2533 1221 2579 quod
1251 2533 1346 2567 circa
1376 2532 1412 2567 id
1444 2533 1598 2567 inferius
1628 2532 1697 2566 hec
1731 2540 1853 2567 nostra
1883 2534 2083 2577 ordinacio,

213 2599 421 2646 dispositio,
443 2600 623 2634 sententia
643 2611 709 2634 seu
730 2599 986 2646 pronunciatio
1006 2599 1297 2646 comprehendit.

302 2667 472 2701 Ceterum
501 2667 621 2713 quoad
651 2666 710 2701 illa
740 2678 812 2713 que
837 2678 881 2700 ex
905 2673 1006 2713 parte
1032 2678 1103 2713 que
1131 2666 1248 2713 Sigeri
1279 2666 1413 2701 dicitur
1436 2679 1556 2701 coram
1582 2666 1690 2701 nobis
1713 2667 1814 2701 suere
1836 2668 2023 2714 proposita
2051 2675 2085 2702 et

214 2733 323 2780 petita
351 2733 581 2776 arbitramur,
612 2734 897 2780 pronunciamus
925 2740 960 2767 et
987 2733 1143 2768 dicimus
1172 2733 1284 2767 nichil
1314 2732 1529 2768 rationabile
1555 2733 1600 2767 ab
1629 2734 1707 2780 ipsa
1734 2741 1835 2780 parte
1859 2735 1974 2769 fuisse
2001 2747 2085 2781 pro-

213 2799 349 2843 batum,
375 2807 525 2847 propter
549 2800 647 2847 quod
673 2800 827 2847 predicti
852 2799 1013 2834 Alberici
1040 2800 1226 2835 institucio
1251 2800 1287 2834 in
1314 2807 1490 2835 rectorem
1516 2801 1651 2846 injusta
1675 2800 1807 2835 debeat
1831 2802 2004 2847 reputari,
2025 2809 2085 2836 aut

212 2877 254 2900 ea
278 2878 350 2913 que
378 2873 419 2902 ut
445 2873 566 2902 rector
599 2867 761 2901 exercuit
794 2867 927 2902 irritari
959 2879 1025 2901 seu
1060 2867 1214 2901 rectoria
1248 2879 1314 2913 pro
1344 2873 1508 2914 tempore
1537 2867 1594 2901 sui
1629 2867 1820 2914 regiminis
1850 2880 1916 2914 pro
1937 2875 2083 2902 vacante

213 2931 353 2976 haberi,
373 2934 564 2980 presertim
585 2946 667 2968 cum
687 2933 732 2968 ab
753 2934 830 2980 ipsa
852 2940 952 2981 parte
977 2940 1102 2968 contra
1124 2933 1340 2968 electionem
1366 2933 1564 2980 predictam
1590 2933 1702 2968 nichil
1723 2935 1949 2981 propositum
1975 2935 2083 2968 suerit
