2580 3528
486 401 550 434 592
1069 402 1388 427 CHARTULAMUM
1423 400 1614 423 UNtVERS.
1652 397 1781 420 rmus.
2259 387 2356 428 [1281

487 483 662 517 beneficia
679 483 757 528 ipsa
774 481 951 521 obtinent,
970 480 1120 525 primam
1138 490 1210 510 non
1231 476 1384 509 fecerint
1404 473 1637 507 residentiam
1654 477 1879 513 consuetam,
1897 483 1963 504 seu
1974 472 2181 516 juramento
2202 470 2246 504 ab
2266 471 2358 521 ipsis

487 551 652 596 prestito,
675 548 771 594 quod
798 560 870 581 non
897 545 1140 592 impetrabunt
1161 556 1224 589 per
1246 555 1284 576 se
1306 542 1363 576 vel
1384 541 1475 574 alios
1497 551 1607 585 super
1632 538 1703 571 hiis
1728 537 1772 571 ab
1797 537 1996 583 apostolica
2022 538 2110 571 sede
2137 538 2302 584 gratiam,
2324 544 2360 572 et

486 618 673 662 impetrata
694 615 799 648 etiam
821 614 864 647 ab
884 613 954 646 alio
972 625 1044 645 non
1062 618 1220 652 utentur,
1238 616 1297 642 aut
1317 608 1435 652 aliqua
1457 605 1684 651 indulgentia
1701 604 1801 638 sedis
1817 604 2016 650 apostolice
2033 605 2078 638 de
2095 617 2164 650 qua
2180 605 2358 650 cujusque

487 690 562 716 toto
597 690 722 716 tenore
758 686 922 726 oporteat
957 680 992 711 in
1028 678 1164 710 nostris
1198 675 1329 708 litteris
1359 674 1501 719 plenam
1533 679 1567 705 et
1595 684 1804 717 expressam
1841 671 2061 705 mentionem
2097 671 2189 714 fieri,
2225 677 2262 705 et
2294 683 2359 717 per

487 762 592 795 quam
623 749 772 781 effectus
803 746 1025 792 presentium
1061 742 1229 788 impediri
1259 741 1375 775 valeat
1398 739 1456 773 vel
1486 739 1637 772 differri.
1665 739 1816 772 Proviso
1847 738 1945 784 quod
1974 738 2118 772 interim
2146 737 2358 784 hujusmodi

487 816 695 861 dignitates,
727 820 943 859 personatus
974 818 1009 843 ct
1037 809 1213 842 beneficia
1243 807 1376 840 debitis
1407 819 1480 839 non
1509 806 1723 839 fraudentur
1753 805 1942 850 obsequiis
1977 812 2012 838 et
2040 806 2238 838 animarum
2273 816 2358 838 cura

487 883 524 915 in
565 882 617 914 eis
653 882 688 913 in
725 879 858 925 quibus
888 878 948 911 illa
976 877 1140 910 imminet
1170 875 1377 908 nullatenus
1412 873 1632 919 negligatur.
1665 872 1762 906 Nulli
1797 884 1899 918 ergo,
1934 878 2014 914 etc.,
2049 878 2174 905 nostre
2208 883 2359 905 conces-

487 948 614 988 sionis,
645 953 708 980 etc.
739 947 773 979 Si
804 946 885 990 quis
914 951 1045 985 autem,
1081 949 1144 977 etc.
1176 943 1254 974 Dat.
1287 941 1382 986 apud
1413 940 1548 973 Urbem
1571 941 1740 974 Veterem
1769 941 1801 985 vj
1834 939 1882 973 id.
1915 939 2098 981 Octobris,
2127 938 2358 984 pontificatus

488 1014 603 1046 nostri
626 1025 720 1046 anno
742 1013 872 1057 primo.

578 1110 712 1141 Originale
734 1110 760 1133 in
780 1110 856 1133 Arch.
881 1112 933 1132 nat.
956 1108 1039 1132 Paris.
1060 1108 1083 1131 J.
1108 1108 1162 1135 692,
1181 1111 1211 1130 n⁰
1231 1106 1300 1129 141³.
1324 1105 1402 1129 Bulla
1420 1105 1524 1136 plumb.
1548 1105 1584 1128 fil.
1605 1112 1655 1128 ser.
1675 1105 1737 1128 ssav.
1755 1107 1781 1128 et
1804 1104 1862 1127 rub.
1889 1104 1938 1127 col.
1959 1103 2127 1135 appenditur.
2153 1104 2182 1127 In
2206 1103 2360 1128 membrana

485 1164 578 1179 aversa
594 1164 599 1178 ¹.
617 1156 649 1184 Pi,
666 1163 725 1178 cum
743 1154 914 1185 inscriptione
933 1162 943 1176 α
963 1153 1054 1184 script.
1072 1161 1083 1175 υ
1102 1155 1127 1175 et
1144 1152 1214 1175 infra
1231 1160 1242 1174 ι(
1261 1155 1322 1182 cap⁰
1334 1159 1354 1173 ».
1372 1150 1452 1180 Juxta
1468 1149 1577 1181 ponitur
1595 1158 1600 1173 ·.
1618 1149 1713 1181 xlviij0.
1730 1150 1792 1181 Reg.
1810 1149 1868 1172 Vat.
1884 1148 1990 1172 Martini
2005 1149 2039 1172 lv
2055 1150 2094 1178 (ιιο
2107 1149 2146 1179 111)
2162 1157 2205 1172 an.
2225 1149 2244 1177 l,
2260 1157 2302 1180 ep.
2318 1149 2357 1177 48,

487 1201 529 1223 fol.
547 1201 583 1223 15.
601 1200 667 1224 Ibid.
683 1199 765 1222 abbas
783 1199 808 1221 S.
825 1198 943 1229 Dionysii
963 1200 1099 1220 exsecutor
1114 1195 1294 1219 constituitur.
1312 1209 1343 1213 —
1362 1195 1389 1218 A.
1407 1194 1508 1223 Tardis,
1527 1194 1684 1226 Privildyes
1698 1194 1829 1219 accorde's
1849 1195 1866 1218 ἀ
1881 1194 1909 1218 la
1923 1199 2068 1218 couronne
2081 1194 2114 1217 de
2129 1193 2241 1218 France
2257 1199 2316 1224 par
2335 1192 2362 1217 le

486 1244 671 1274 Saint-Sieqe‚
686 1248 714 1266 n⁰
732 1244 770 1266 87.

486 1415 597 1453 508.
622 1425 764 1450 Martinus
790 1425 834 1450 IV
851 1423 994 1458 fratribus
1018 1422 1178 1448 Minoribus
1200 1426 1228 1448 et
1251 1421 1509 1448 Praedicator-ibus
1531 1421 1685 1457 privilegia
1712 1420 1810 1456 quoad
1835 1420 2086 1456 praedicationem
2110 1423 2138 1445 et
2166 1418 2360 1454 confessiones

574 1473 738 1499 audiendas
754 1472 889 1498 concedit.

1461 1516 1531 1545 1281,
1547 1514 1694 1541 Decembris
1708 1515 1747 1545 13,
1763 1515 1832 1547 apud
1845 1514 1933 1540 Urbem
1950 1515 2073 1540 Veterem.

576 1593 752 1625 Martinus
794 1592 989 1637 episcopus
1026 1603 1155 1624 servus
1193 1602 1383 1624 servorum
1422 1590 1487 1623 Dei
1518 1590 1662 1623 dilectis
1692 1589 1778 1623 filiis
1809 1589 1971 1635 generali
2006 1596 2042 1622 et
2075 1587 2361 1634 provincialibus

489 1659 664 1692 ministris
698 1659 847 1692 Ordinis
882 1659 1029 1691 fratrum
1061 1658 1243 1690 Minorum
1274 1657 1427 1691 salutem
1458 1664 1494 1690 et
1522 1656 1757 1702 apostolicam
1793 1656 2101 1689 benedictionem.
2131 1655 2188 1688 Ad
2221 1655 2361 1688 fructus

488 1725 634 1766 uberes,
672 1737 763 1770 quos
800 1726 836 1757 in
875 1737 963 1770 agro
1001 1725 1184 1758 dominico
1222 1724 1458 1769 predicandO,
1496 1723 1608 1757 verbo
1649 1723 1783 1769 pariter
1821 1729 1857 1756 et
1895 1722 2074 1768 exemplo,
2108 1721 2362 1755 consessiones

487 1792 680 1833 audiendo,
711 1798 746 1824 et
775 1803 839 1837 per
869 1791 936 1824 alia
967 1792 1140 1824 virtutum
1171 1791 1342 1824 exercitia
1379 1803 1482 1824 sacer
1520 1790 1620 1824 Ordo
1655 1797 1778 1824 vester
1808 1796 1843 1823 et
1871 1789 2028 1823 humiles
2058 1789 2175 1835 ipsius
2212 1788 2362 1823 Ordinis

488 1859 716 1903 professores
753 1859 1003 1904 produxerunt
1038 1858 1226 1894 hactenus,
1266 1864 1301 1891 et
1337 1858 1374 1890 in
1410 1858 1571 1891 futurum
1609 1863 1802 1903 sperantur
1839 1858 1915 1890 Deo
1952 1856 2100 1901 auspice
2134 1855 2360 1901 producturi,

487 1931 619 1958 attente
651 1925 956 1958 considerationis
987 1925 1099 1958 aciem
1131 1931 1400 1966 convertenteS,
1427 1927 1467 1958 ut
1495 1925 1625 1958 fratres
1656 1924 1820 1969 ejusdem
1851 1923 2002 1957 Ordinis
2031 1922 2291 1968 predicationis
2328 1927 2364 1955 et

488 1991 657 2024 audiendi
691 1992 944 2025 confessiones
980 1991 1096 2024 officia
1132 2003 1174 2024 eo
1210 1991 1364 2024 liberius
1399 1997 1435 2024 et
1469 1990 1651 2024 efficacius
1686 1991 1816 2036 exequi
1850 1990 2004 2031 valeant,
2041 2001 2113 2034 quo
2147 1989 2283 2022 certius
2317 1988 2362 2022 de

488 2058 648 2102 ipsorum
680 2059 773 2091 circa
804 2058 928 2091 eadem
961 2059 1172 2091 auctoritate
1203 2057 1397 2098 constabit,
1426 2057 1504 2099 tibi,
1534 2057 1585 2090 fili
1611 2057 1808 2103 generalis,
1831 2069 1896 2102 per
1916 2063 1963 2098 te,
1985 2056 2091 2090 vobis
2112 2068 2198 2089 vero
2220 2055 2363 2101 provin-

488 2124 639 2157 cialibus
683 2125 860 2157 ministris
904 2137 985 2157 cum
1031 2124 1290 2157 diffinitoribus
1330 2125 1366 2156 in
1406 2123 1692 2169 provincialibus
1731 2124 1864 2157 vestris
1902 2123 2070 2168 capitulis
2114 2122 2362 2168 congregatis,

488 2192 749 2233 committendi,
780 2192 991 2224 auctoritate
1022 2191 1234 2236 apostolica,
1265 2190 1438 2224 fratribus
1469 2191 1633 2236 ejusdem
1664 2191 1814 2224 Ordinis
1840 2191 1877 2223 in
1903 2202 2003 2223 sacra
2033 2190 2164 2235 pagina
2194 2189 2360 2231 eruditis,

490 2258 712 2292 examinatis.
751 2265 786 2291 et
817 2257 1025 2303 approbatis
1060 2270 1078 2290 a
1112 2257 1230 2298 vobis,
1262 2257 1522 2302 predicationis
1553 2257 1732 2298 officium3
1769 2257 1940 2290 audiendi
1974 2269 2061 2290 vero
2095 2257 2362 2298 confessiones,

490 2323 701 2357 absolvendi
737 2324 966 2365 confitentes,
998 2331 1034 2357 et
1062 2324 1279 2370 injungendi
1310 2324 1448 2357 eisdem
1479 2324 1698 2369 penitentias
1726 2323 1903 2357 salutares
1934 2324 2039 2357 etiam
2069 2323 2242 2357 fratribus
2275 2322 2363 2356 alias

489 2390 659 2434 ydoneis;
703 2391 928 2424 concedendi
967 2391 1105 2424 eisdem
1144 2403 1290 2436 quoque
1327 2391 1478 2436 sepefati
1518 2391 1668 2425 Ordinis
1707 2390 1894 2433 fratribus,
1933 2390 2067 2436 quibus
2111 2390 2204 2424 dicta
2248 2389 2363 2424 officia

492 2468 554 2500 per
583 2469 647 2489 vos
678 2457 795 2490 taliter
825 2458 1016 2490 commissa
1049 2458 1125 2491 sive
1157 2469 1332 2491 concessa
1363 2458 1510 2499 suerint,
1543 2458 1641 2503 quod
1672 2457 1797 2491 eadem
1827 2457 1943 2491 libere
1976 2457 2119 2491 valeant
2152 2468 2322 2490 exercere
2353 2467 2361 2490 ε

493 2522 630 2567 plenam
663 2523 788 2557 damus
820 2531 854 2557 et
883 2524 1118 2557 concedimus
1158 2525 1369 2558 auctoritate
1405 2525 1631 2570 presentium
1663 2524 1880 2558 facultatem.
1912 2524 2121 2558 Districtius
2155 2523 2364 2557 inhibentes

493 2600 536 2620 ne
576 2589 656 2633 quis
695 2590 822 2622 fratres
862 2590 978 2635 ipsius
1009 2591 1173 2629 Ordinis,
1205 2591 1339 2636 quibus
1379 2591 1472 2624 dicta
1512 2591 1628 2625 officia
1671 2591 1790 2625 taliter
1828 2590 2061 2624 concedenda
2101 2590 2290 2632 duxeritis,
2325 2596 2366 2623 ut

494 2655 724 2698 premittitur,
746 2656 821 2688 sive
843 2657 946 2689 etiam
969 2658 1238 2699 committenda,
1261 2658 1298 2690 in
1320 2658 1492 2691 exercitio
1514 2665 1574 2691 aut
1594 2658 1808 2692 executione
1829 2657 2030 2691 officiorum
2051 2658 2214 2702 ipsorum
2235 2656 2364 2690 audeat

493 2721 767 2765 quomodolibet
796 2723 984 2766 impedire.
1015 2723 1193 2757 Volumus
1228 2731 1345 2757 autem
1378 2725 1476 2770 quod
1510 2724 1574 2767 hii,
1606 2725 1667 2770 qui
1698 2724 1871 2758 fratribus
1905 2723 2176 2757 confitebuntur
2210 2723 2363 2766 eisdem,

493 2787 570 2836 suis
594 2787 879 2831 parrochialibus
905 2789 1128 2834 presbyteris
1154 2790 1319 2824 confiteri
1345 2791 1471 2824 saltem
1499 2791 1613 2825 semel
1638 2792 1675 2824 in
1699 2803 1806 2833 anno,
1833 2797 1942 2836 prout
1965 2790 2136 2836 generale
2159 2790 2363 2824 Concilium

494 2853 629 2894 statuit,
661 2853 919 2887 nichilominus
951 2862 1153 2898 teneantur,
1184 2858 1355 2902 quodque
1386 2858 1495 2891 iidem
1527 2859 1656 2892 fratres
1687 2870 1751 2891 eos
1781 2857 1825 2890 ad
1855 2857 1923 2890 hoc
1954 2857 2151 2902 diligenter
2180 2863 2215 2890 et
2248 2857 2365 2891 effica-

493 2919 582 2952 citer
607 2920 807 2953 secundum
834 2920 949 2953 datam
977 2922 1029 2954 eis
1051 2934 1068 2954 a
1088 2923 1242 2956 Domino
1264 2925 1414 2969 gratiam
1437 2924 1685 2958 exhortentur.
1708 2923 1806 2957 Nulli
1833 2935 1936 2969 ergo,
1957 2929 2036 2964 etc„
2065 2930 2188 2957 nostre
2214 2935 2365 2957 conces-
