2618 3640
526 438 566 470 16
1106 445 1426 467 CHARTULARIL'M
1462 443 1652 466 t'val-Jns.
1690 443 1819 465 PARIS.

523 527 687 566 preterea
712 521 785 566 jam
814 520 900 553 dicti
929 519 1095 552 canonici
1123 530 1140 552 c
1175 519 1315 552 solidos
1348 518 1384 551 in
1411 518 1506 552 Villa
1533 530 1624 551 nova
1656 517 1776 551 Sancti
1804 517 1957 562 Georgii
1988 517 2080 550 infra
2110 516 2257 550 octabas
2285 516 2405 550 Sancti

525 587 680 633 Remigii
705 599 825 620 annuo
856 586 1122 632 persolvendos
1153 586 1197 618 de
1226 585 1370 618 redditu
1401 585 1462 630 qui
1490 585 1601 630 vulgo
1632 585 1764 618 dicitur
1786 585 1888 617 Bien.
1918 583 2112 617 Habebunt
2136 583 2288 629 insuper
2313 583 2405 616 infra

524 654 669 687 octabas
695 653 829 687 Natalis
861 653 1006 686 Domini
1031 664 1080 686 vn
1108 652 1220 685 libras
1247 659 1282 685 et
1305 663 1326 684 x
1355 652 1508 693 solidos,
1536 658 1571 684 et
1595 651 1687 684 infra
1714 650 1859 684 octabas
1887 651 2006 684 Sancti
2037 650 2214 684 Johannis
2243 650 2405 695 Baptiste

524 732 574 753 vu
604 720 716 753 libras
751 727 786 753 et
815 731 838 752 x
867 720 1007 752 solidos
1042 719 1086 751 de
1122 719 1266 752 teloneo
1298 725 1423 751 nostro
1454 718 1548 763 apud
1579 718 1734 759 Braiam,
1765 717 1890 750 eadem
1918 729 2011 763 pena
2043 729 2149 762 quam
2179 717 2405 762 prediximus

525 788 616 833 ipsis
637 786 890 820 detentoribus
916 786 1142 819 sustinenda.
1170 787 1282 818 Porro
1308 785 1375 818 hec
1401 785 1578 817 beneficia
1604 785 1674 830 ipsi
1700 784 1865 817 canonici
1886 784 1933 817 ita
1954 784 2070 817 libere
2095 783 2283 817 habebunt
2307 783 2405 828 quod

526 860 674 899 propter
699 854 766 886 hoc
796 853 886 886 nulli
914 865 1070 898 persone
1098 853 1134 885 in
1162 853 1283 897 aliquo
1312 858 1419 884 erunt
1444 851 1606 892 obnoxii,
1635 851 1706 884 nisi
1734 851 1832 896 quod
1861 863 1926 896 pro
1952 851 2069 884 anima
2094 851 2207 896 patris
2233 851 2350 883 nostri
2371 856 2407 883 et

524 921 673 953 fratrum
708 920 800 961 eius,
838 920 935 964 regis
970 919 1145 951 Ludovici
1176 925 1211 951 ct
1240 919 1401 959 I‘Ienrici,
1433 918 1615 963 quondam
1648 918 1840 950 Reinensis
1875 917 2155 962 archiepiscopi,
2187 924 2222 950 et
2250 917 2403 950 aliorum

525 994 796 1020 antecessorum
819 993 1122 1031 posterorumque
1144 992 1352 1018 nostrorum
1371 996 1475 1017 orare
1497 984 1696 1017 debebunt.
1720 985 1890 1018 Ceterum
1909 996 1949 1017 ea
1966 996 2036 1028 que
2057 984 2151 1017 circa
2168 984 2403 1029 adjacentiam

525 1054 595 1087 loci
621 1054 657 1086 in
683 1066 754 1098 quo
781 1059 866 1085 sunt
892 1053 945 1085 eis
973 1064 1148 1085 concessa
1179 1063 1261 1084 esse
1293 1058 1508 1091 noscuntur,
1536 1051 1606 1095 ipsi
1633 1051 1755 1095 quiete
1781 1057 1817 1083 et
1841 1049 1957 1083 libere
1984 1050 2021 1083 in
2047 1057 2263 1096 perpetuum
2285 1050 2405 1096 possi·-

525 1120 673 1153 debunt.
702 1121 773 1152 Nec
799 1131 886 1152 vero
913 1119 1002 1151 illud
1028 1118 1197 1151 volumus
1224 1118 1398 1150 subticcri
1425 1118 1523 1162 quod
1549 1117 1602 1150 illi
1628 1123 1783 1162 quatuor
1808 1117 1973 1150 canonici
1995 1117 2032 1150 in
2052 1117 2133 1150 loco
2159 1117 2222 1150 illo
2248 1117 2406 1150 assidui-

524 1194 629 1220 tatem
656 1187 799 1226 sacient,
831 1192 866 1218 et
891 1186 920 1217 si
947 1185 1029 1230 quis
1055 1197 1180 1217 eorum
1206 1185 1250 1217 ad
1275 1185 1391 1229 majus
1419 1184 1638 1217 beneficium
1664 1191 1868 1226 vocaretur,
1894 1183 1951 1217 vel
1977 1183 2063 1217 alibi
2091 1184 2296 1229 postposito
2322 1183 2403 1218 loco

523 1254 677 1298 eligeret
706 1253 882 1293 residere,
915 1252 1006 1284 infra
1034 1252 1224 1284 dimidium
1255 1263 1388 1284 annum
1417 1251 1603 1297 prebenda
1634 1263 1698 1284 sua
1726 1251 1786 1284 alii
1817 1251 1896 1283 sine
1923 1251 2212 1284 contradictione
2239 1251 2404 1297 assigna-

522 1327 632 1353 retur.
657 1320 693 1353 Si
714 1320 796 1364 quis
817 1320 923 1352 etiam
945 1319 981 1351 in
1003 1318 1207 1352 minoribus
1228 1318 1421 1351 ordinibus
1442 1318 1492 1351 ibi
1513 1318 1740 1364 persisteret,
1763 1317 1875 1351 nichil
1896 1318 2044 1350 omnino
2066 1318 2110 1350 de
2132 1317 2318 1363 prebenda
2338 1330 2404 1352 sua

522 1393 581 1420 aut
610 1387 654 1419 de
685 1387 754 1419 alio
785 1386 964 1419 beneficio
1000 1386 1155 1419 ecclesie
1186 1397 1303 1430 usque
1333 1392 1417 1430 post
1444 1386 1716 1431 susceptionem
1748 1385 1943 1418 sacerdotii
1974 1384 2132 1426 tolleret,
2169 1385 2234 1418 sed
2263 1385 2403 1418 fructus

521 1453 706 1499 prebende
736 1453 836 1486 itlius
866 1453 1021 1486 consilio
1052 1453 1190 1485 domini
1218 1453 1322 1485 Braie
1350 1459 1386 1485 et
1414 1452 1673 1485 canonicorum
1705 1452 1742 1484 in
1774 1452 2007 1485 commodum
2034 1451 2190 1484 ecclesie
2218 1452 2402 1497 expende-

521 1527 658 1554 rentur.
682 1520 876 1553 Sciendum
899 1527 955 1552 est
974 1520 1079 1552 etiam
1102 1520 1199 1564 quod
1221 1526 1304 1565 post
1324 1519 1462 1553 obitum
1484 1519 1605 1552 fratris
1626 1519 1756 1560 nostri,
1779 1518 1950 1564 Philippi,
1969 1518 2203 1552 Belvacensis
2224 1518 2400 1564 episcopi.

520 1588 563 1620 ad
585 1600 692 1632 quem
718 1587 935 1633 presatarum
963 1586 1230 1632 prebendarum
1258 1587 1295 1619 in
1318 1587 1390 1620 vita
1420 1599 1484 1620 sua
1515 1593 1654 1632 spectat
1681 1586 1841 1627 donatio,
1870 1586 1914 1619 ad
1943 1586 2130 1619 dominum
2157 1586 2262 1619 Braie
2289 1586 2401 1620 dona·-

520 1654 630 1687 tionis
660 1654 776 1699 ipsius
807 1654 965 1698 dignitas
996 1653 1241 1687 (levolvetur¹.
1274 1655 1346 1686 Nec
1377 1653 1469 1686 illud
1495 1653 1672 1698 preterire
1700 1652 1871 1686 volumus
1901 1653 1999 1698 quod
2027 1665 2093 1698 pro
2121 1653 2239 1686 anima
2264 1664 2343 1686 mea
2368 1658 2404 1686 et

521 1721 644 1754 uxoris
666 1733 744 1753 mee
770 1733 873 1753 orare
899 1720 1097 1753 debebunt,
1125 1722 1203 1764 Que
1229 1721 1348 1753 onmia
1370 1727 1410 1753 ut
1436 1721 1473 1753 in
1499 1721 1660 1753 futurum
1688 1720 1895 1753 inviolanda
1922 1726 2170 1764 permaneant,
2192 1726 2401 1765 presentem

520 1788 685 1833 paginam
726 1787 837 1820 scribi
873 1788 1026 1820 fecimus
1063 1795 1097 1820 et
1127 1788 1241 1832 sigilli
1276 1788 1392 1821 nostri
1423 1787 1623 1820 subterfixo
1654 1793 1835 1820 caractere
1870 1786 2101 1820 communiri.
2142 1787 2272 1820 Actum
2307 1787 2403 1832 apud

519 1855 729 1896 Calliacum,
758 1867 852 1887 anno
882 1855 997 1900 gratie
1028 1857 1077 1887 31⁰
1098 1855 1140 1889 C⁰
1160 1856 1239 1889 XC⁰
1258 1856 1372 1896 Vlllu,
1404 1854 1664 1888 assistentibus
1694 1854 1803 1887 bonis
1824 1854 1913 1887 viris
1936 1860 1969 1887 et
1998 1854 2129 1887 factum
2151 1854 2250 1887 istud
2272 1865 2403 1900 appro-

519 1921 689 1971 bantibus
715 1934 869 1966 quorum
892 1922 1037 1955 nomina
1064 1921 1431 1955 subterscribuntur:
1451 1923 1594 1962 Petrus,
1616 1921 1827 1967 capellanus
1848 1921 2004 1953 comitis.
2029 1920 2256 1966 Radulphus,
2283 1920 2403 1966 capel-

519 1988 624 2021 lanus
651 1989 810 2022 Calliaci.
849 1988 1066 2033 Stephanus,
1097 1989 1254 2022 clericus
1284 1989 1484 2022 comitisse.
1516 1988 1726 2030 Albericus,
1757 1988 1915 2021 clericus
1942 1987 2099 2020 comitis.
2129 1987 2332 2021 Balduinus
2357 1987 2402 2022 de

519 2056 691 2100 Dongun,
714 2056 865 2088 Raerius
887 2056 931 2089 de
953 2056 1063 2098 Musi,
1086 2056 1165 2089 Odo
1188 2056 1330 2101 Eglins,
1358 2056 1445 2089 Milo
1468 2057 1622 2097 Bevanz,
1645 2055 1792 2088 milites

611 2153 745 2185 Originale
762 2154 786 2176 in
803 2154 878 2177 Arch.
896 2157 947 2177 nat.
965 2154 1047 2177 Puris.
1065 2155 1091 2178 L.
1109 2155 1154 2177 549
1170 2159 1198 2177 11⁰
1213 2156 1235 2178 [ι.
1253 2155 1330 2178 Dccst
1346 2163 1414 2178 nunc
1430 2155 1557 2186 sigillum.
1573 2169 1604 2172 —
1619 2154 1717 2178 Charta
1733 2154 1845 2177 multum
1861 2153 2016 2176 abbreviata
2032 2153 2103 2184 apud
2118 2153 2246 2176 Bulaeum
2261 2153 2294 2181 11,
2309 2150 2378 2176 4655

612 2234 634 2257 1.
651 2234 742 2257 Exstat
752 2234 784 2257 de
798 2234 847 2257 hoc
867 2234 946 2257 etiam
961 2235 1052 2258 charta
1063 2235 1180 2266 Philippi
1195 2235 1362 2258 Bclvaccnsis
1374 2235 1491 2267 episcopi
1503 2244 1554 2258 una
1563 2243 1623 2258 cum
1638 2235 1713 2258 novis
1724 2234 1981 2266 praescriptionibus
1994 2233 2056 2257 anni
2067 2234 2128 2257 1209
2136 2242 2225 2257 mense
2235 2233 2401 2257 Novembris.

517 2278 582 2301 Vide
598 2278 705 2308 Dubois‚
722 2279 795 2303 Hist.
813 2279 877 2303 eccl.
893 2279 1067 2304 Parisiensis
1083 2280 1115 2308 11,
1132 2280 1185 2303 183.
1203 2280 1317 2303 Bulaeus
1333 2281 1365 2308 ll,
1382 2281 1437 2303 466.

520 2441 760 2478 19.Joham1es
783 2451 1012 2477 Saresberiensis
1032 2451 1134 2477 sci-ibit
1158 2451 1280 2478 Tliomae
1298 2453 1502 2478 Cautum-[ensi
1518 2452 1736 2489 archiepiscopo
1752 2452 1788 2478 de
1805 2453 1867 2488 ejus
1883 2451 2005 2477 adventu
2021 2451 2156 2486 Parisiis,
2176 2450 2225 2476 uhi
2239 2450 2404 2476 admiratur

603 2500 787 2525 reverentiam
803 2500 873 2526 cleri
888 2504 915 2526 ct
931 2501 1026 2527 varias
1043 2502 1246 2537 occupationes
1259 2501 1537 2538 philosophantium,
1556 2505 1583 2528 et
1598 2501 1695 2527 studet
1709 2510 1741 2527 se
1757 2501 1871 2527 omnino
1887 2500 2071 2526 scholaribus
2087 2501 2274 2534 conformare.

1841 2582 1915 2611 1184,
1931 2581 2044 2608 Parisiis.

610 2654 818 2687 Venerabili
841 2655 988 2688 domino
1015 2663 1046 2689 et
1076 2657 1165 2701 patri
1192 2657 1382 2690 carissimo
1404 2657 1542 2690 Thoine
1564 2657 1629 2690 Dei
1655 2656 1769 2702 gratia
1791 2655 2044 2690 Cantuariensi
2066 2654 2342 2700 archiepiscopo
2368 2661 2404 2688 et

519 2720 722 2765 Anglorum
757 2721 899 2766 primati
934 2734 1023 2755 suus
1045 2724 1204 2756 Joannes
1236 2723 1528 2757 Saresberiensis
1559 2723 1712 2756 salutem
1740 2729 1776 2756 et
1797 2722 1924 2755 felices
1944 2722 1989 2755 ad
2010 2727 2092 2755 vota
2117 2732 2325 2754 successus.
2351 2722 2403 2754 Ex

520 2799 592 2831 quo
610 2793 730 2831 partes
746 2788 848 2833 attigi
865 2789 1090 2831 cismarinas,
1108 2790 1210 2823 visus
1232 2802 1312 2823 sum
1334 2790 1422 2823 mihi
1444 2790 1608 2823 sensisse
1625 2789 1778 2822 lenioris
1799 2800 1885 2822 aure
1905 2788 2132 2833 temperiem,
2149 2794 2185 2820 et
2201 2787 2245 2820 de
2266 2794 2403 2821 tumes-

521 2853 688 2886 centibus
706 2854 876 2898 procellis
899 2862 1149 2901 tempestatum
1172 2869 1252 2890 cum
1275 2857 1409 2902 gaiulio
1426 2857 1576 2890 miratus
1597 2868 1676 2889 sum
1694 2867 1815 2888 rerum
1836 2855 1972 2900 ubique
1994 2855 2147 2900 copiam,
2170 2854 2402 2899 quietemque

522 2926 557 2952 et
577 2919 725 2952 letitiam
749 2921 978 2966 populorum.
1003 2924 1260 2968 Egredientem
1282 2936 1368 2957 vero
1391 2923 1435 2956 de
1457 2923 1538 2957 navi
1559 2923 1762 2956 servientes
1788 2922 1931 2955 comitis
1953 2921 2150 2956 Gisnensis
2174 2927 2210 2954 et
2234 2921 2402 2954 mandato

522 2987 615 3030 ejus,
639 2995 854 3031 procurante
879 2989 1067 3035 Arnulpho
1092 2997 1223 3036 nepote
1250 2991 1379 3036 ipsius,
1407 2990 1608 3023 honorifice
1632 2995 1887 3035 susceperunt,
1914 2996 1950 3022 et
1970 2988 2057 3022 mihi
2083 2995 2119 3021 et
2140 2988 2232 3021 meis
2254 2988 2400 3021 domum
