2580 3528
505 384 570 416 534
1085 391 1403 415 cnanruLamuM
1437 389 1627 412 nmvaas.
1663 388 1792 410 mnis.
2274 380 2374 421 [1275

456 459 459 462 ‚
506 467 725 513 supradictis
746 467 858 500 ullum
881 478 1033 512 prorsus
1053 466 1309 498 commercium
1336 471 1395 497 aut
1420 469 1641 496 contractum
1668 461 1802 495 habere
1823 469 2020 507 presumat,
2043 469 2233 508 postquam
2255 463 2372 498 dictos

504 533 673 567 librarios
698 534 791 566 circa
818 533 994 579 premissa
1019 532 1076 566 vel
1101 532 1219 576 aliqua
1245 531 1289 564 de
1316 530 1506 575 premissis
1532 528 1738 561 constiterit
1762 528 2004 562 commisisse.
2034 529 2071 562 Si
2091 541 2178 563 vero
2198 530 2373 575 magister

503 600 635 645 aliquis
663 607 723 633 aut
747 600 898 633 scolaris
923 599 1173 632 contravenire
1199 597 1475 642 presumpserit,
1503 595 1683 628 beneficio
1708 595 1893 629 societatis
1918 596 2174 641 magistrorum
2202 603 2238 630 et
2261 596 2372 630 scola-

504 667 595 699 rium
627 667 674 699 sit
702 678 744 699 eo
780 666 859 711 ipso
890 666 1062 710 privatus⁷
1096 665 1210 696 donec
1246 675 1310 708 per
1344 663 1457 707 ipsam
1489 661 1771 695 Universitatem
1800 662 1911 695 fuerit
1938 662 2180 696 restitutus¹⁰.
2213 663 2302 697 Acta
2329 675 2372 697 ex

504 733 771 765 deliberacione
802 739 837 765 et
865 738 994 765 statuta
1020 737 1104 764 sunt
1127 730 1193 763 hec
1219 730 1256 762 in
1281 729 1566 774 congregatione
1592 728 1755 774 generali
1781 729 1943 762 Parisius
1972 729 2008 762 in
2038 729 2196 775 capitulo
2220 731 2370 764 fratrum

504 799 771 832 Predicatorum
790 805 824 831 ct
840 797 962 843 sigillo
980 796 1235 830 Universitatis
1253 796 1409 841 sigillata
1425 796 1476 840 vj⁰
1495 795 1579 828 idus
1601 794 1828 837 Decembris,
1850 807 1944 828 anno
1965 795 2109 829 Domini
2128 797 2372 831 M⁰CC⁰LXX⁰

503 866 640 910 quinto.

595 962 729 993 Originale
748 962 774 984 in
790 961 865 984 Arch.
881 964 935 985 nat.
952 961 1034 983 Paris.
1052 961 1085 983 M.
1103 961 1141 988 68,
1158 965 1187 983 n0
1203 960 1225 983 1.
1246 960 1434 991 Fragmentum
1449 959 1532 990 sigilli
1548 959 1615 982 cerei
1631 959 1683 982 filis
1699 960 1775 984 serie.
1796 960 1855 984 rub.
1876 960 1972 984 coloris
1989 960 2157 992 appenditur.
2173 961 2324 985 Pertinebat
2338 961 2373 985 ad

502 1007 576 1030 Arch.
594 1006 714 1030 Univers.
731 1019 762 1023 -
777 1006 840 1028 Cod.
855 1006 911 1028 Vat.
926 1005 988 1036 Reg.
1005 1006 1059 1032 406,
1078 1005 1120 1028 fol.
1138 1004 1192 1028 72¹².
1208 1004 1276 1027 Bibl.
1293 1003 1425 1035 Phillipps
1438 1003 1465 1027 in
1479 1003 1659 1032 Chestenham,
1676 1012 1724 1027 ms.
1742 1005 1795 1033 876,
1814 1005 1858 1028 sol.
1872 1006 1911 1033 68,
1927 1005 1976 1028 sub
1991 1004 2098 1028 rubrica
2109 1008 2139 1028 ut
2151 1013 2242 1037 supra,
2257 1006 2372 1038 demptis

503 1051 587 1074 verbis
605 1059 616 1073 α
632 1050 817 1074 Universitatis
831 1049 914 1073 Paris.
931 1057 952 1072 ».
972 1049 1099 1073 Chartul.
1114 1049 1212 1079 facult.
1228 1049 1335 1073 Decret.
1352 1048 1378 1071 in
1394 1048 1462 1071 Bihl.
1479 1049 1569 1072 Arsen.
1586 1048 1670 1072 Paris.
1687 1057 1736 1073 ms.
1754 1049 1824 1078 1121,
1841 1049 1886 1073 fol.
1902 1049 1974 1073 1601‘.
1990 1063 2022 1067 —
2036 1049 2160 1080 Bulaeus,
2176 1050 2223 1080 ΙΙΙ,
2237 1050 2293 1075 419.

594 1122 615 1145 1.
636 1130 647 1144 «
668 1122 739 1144 Infra
763 1121 828 1143 duos
851 1129 982 1144 menses...
1004 1120 1180 1143 numerandos
1202 1128 1213 1143 υ
1241 1119 1434 1151 suprascripsit
1460 1119 1486 1142 in
1515 1119 1588 1151 orig.
1609 1128 1703 1144 manus
1723 1121 1807 1144 altera
1829 1121 1875 1144 sed
1894 1129 1999 1145 coaeva.
2008 1110 2046 1139 v—
2060 1122 2082 1144 2.
2103 1121 2162 1145 Om.
2182 1121 2240 1145 Vnt.
2262 1122 2326 1154 Reg.
2339 1135 2373 1142 -

498 1167 520 1189 3.
537 1166 601 1189 lbid.
619 1173 625 1188 ι
643 1174 654 1188 «
671 1165 836 1196 stipulabunt
851 1173 872 1188 n.
888 1179 919 1182 —
932 1166 954 1188 4.
973 1173 984 1187 «
1000 1165 1032 1188 Et
1047 1173 1140 1187 nomen
1155 1164 1299 1188 venditoris
1316 1172 1328 1187 )>
1344 1165 1404 1187 add.
1420 1164 1447 1187 in
1462 1164 1537 1196 Orig.
1553 1173 1646 1188 manus
1662 1165 1745 1188 altera
1758 1173 1862 1194 coaeva,
1879 1165 1943 1189 alibi
1958 1169 2143 1197 praeterquam
2159 1165 2184 1189 in
2200 1165 2263 1190 cod.
2279 1166 2370 1190 Arsen.

500 1210 556 1233 loco
569 1209 662 1232 horum
676 1209 815 1232 verborum
832 1217 837 1231 ·.
856 1217 867 1232 (ι
883 1212 908 1232 et
923 1217 1016 1232 nomen
1030 1209 1102 1231 illius
1118 1209 1192 1240 cujus
1208 1208 1275 1231 liber
1290 1211 1330 1231 est
1345 1217 1367 1231 υ.
1383 1222 1414 1226 -
1429 1210 1452 1232 5.
1468 1208 1526 1232 Om.
1543 1209 1600 1232 Vat.
1617 1209 1680 1240 Reg.
1696 1223 1727 1227 —-
1741 1211 1765 1233 6.
1782 1210 1847 1233 Add.
1863 1218 1956 1233 manus
1972 1210 2056 1233 altera
2070 1210 2097 1233 in
2113 1209 2187 1241 Orig.
2205 1218 2216 1234 t<
2232 1209 2288 1234 sine
2303 1217 2326 1234 n.
2339 1223 2373 1229 —-

504 1255 526 1277 7.
547 1254 620 1285 Orig.
637 1257 662 1277 et
685 1262 748 1276 mss.
776 1261 915 1285 perperam
941 1261 946 1276 2
967 1262 977 1276 (ι
995 1262 1043 1284 pro
1068 1256 1209 1277 senecta».
1235 1253 1275 1277 Cf.
1293 1253 1321 1276 L.
1340 1253 1361 1276 Ι.
1377 1253 1408 1277 D.
1426 1253 1458 1276 de
1479 1253 1665 1284 proxeneticis,
1685 1255 1726 1284 50,
1743 1254 1773 1278 14
1794 1262 1799 1277 :
1821 1254 1991 1278 Proxenetica
2011 1254 2070 1286 jure
2093 1254 2166 1278 licito
2186 1257 2322 1286 petuntur.
2340 1268 2372 1276 -

499 1299 522 1321 8.
541 1298 579 1321 Cf.
597 1306 677 1329 supra
691 1302 720 1320 110
734 1299 787 1326 278,
802 1306 826 1321 n.
844 1299 866 1326 3,
883 1306 913 1320 ex
928 1298 1029 1329 Rogero
1047 1298 1156 1321 Bacone.
1172 1311 1203 1315 --
1218 1299 1240 1320 9.
1257 1298 1295 1320 Ex
1309 1297 1358 1320 hoc
1373 1300 1486 1328 apparet
1499 1298 1642 1329 magistros
1658 1298 1708 1321 isto
1725 1298 1782 1330 jam
1800 1302 1919 1330 tempore
1934 1299 2063 1330 quaedam
2078 1299 2239 1330 exemplaria
2257 1302 2362 1323 taxasse

500 1356 530 1360 —
543 1343 580 1365 10.
600 1343 637 1365 Ad
652 1342 716 1365 haec
731 1342 790 1365 vide
806 1345 903 1365 statuta
919 1342 1003 1365 studii
1019 1342 1190 1365 Bononiensis
1204 1342 1230 1365 in
1245 1341 1350 1366 Archiv
1364 1343 1384 1371 s.
1398 1341 1571 1367 Litaeratur-
1584 1344 1648 1367 und
1661 1343 1876 1374 Kirchenqesch.
1892 1344 1939 1368 des
1953 1343 2104 1372 Mittelalt„
2122 1343 2168 1372 ΙΙΙ,
2185 1343 2228 1367 291
2244 1336 2303 1375 siqq.

499 1495 611 1531 463.
638 1504 783 1538 officialis
803 1505 901 1530 curiae
922 1504 1099 1530 Parisiensis
1119 1508 1203 1530 notas
1222 1505 1297 1539 facit
1316 1504 1392 1530 duas
1412 1505 1530 1531 chartas
1551 1506 1580 1531 in
1599 1507 1726 1539 savorem
1752 1504 1870 1531 Roberti
1893 1504 1929 1530 de
1949 1504 2087 1539 Sor-bona,
2110 1513 2147 1530 ex
2171 1505 2252 1540 cujus
2279 1507 2370 1531 tenta-

589 1563 680 1585 mento
696 1559 731 1585 de
750 1561 811 1585 suis
829 1560 908 1585 bonis
922 1559 1074 1585 mobilibus
1089 1560 1232 1595 quasdam
1249 1559 1400 1586 clausulas
1415 1562 1510 1596 affert.

1589 1597 1663 1626 1275,
1678 1604 1767 1623 mense
1782 1596 1919 1626 Decembri,
1933 1595 1953 1630 [
1953 1596 2060 1622 Parisiis
2060 1595 2086 1630 J.

590 1657 778 1689 Universis
808 1663 998 1701 presentes
1025 1657 1164 1690 litteras
1189 1658 1411 1702 inspecturis
1439 1684 1460 1690 ..
1488 1657 1653 1691 officialis
1677 1658 1778 1691 curie
1804 1658 1917 1691 Paris.
1949 1657 2101 1690 salutem
2131 1657 2169 1690 in
2201 1657 2369 1691 Domino.

500 1724 630 1755 Notum
661 1723 811 1756 facimus
841 1723 939 1768 quod
968 1735 1087 1756 coram
1119 1723 1226 1757 nohis
1257 1725 1445 1757 constituti
1475 1725 1531 1758 vir
1559 1724 1782 1758 venerabilis
1816 1725 1990 1770 magister
2019 1723 2185 1757 Matheus
2215 1723 2261 1756 de
2290 1723 2372 1758 Cla-

500 1789 609 1830 riaco7
636 1790 832 1823 canonicus
858 1790 1088 1830 Parisiensis.
1117 1797 1152 1823 et
1174 1792 1305 1824 Petrus
1325 1791 1564 1824 beneficiatus
1589 1791 1627 1824 in
1653 1791 1801 1824 scoliam
1830 1791 1949 1825 Sancti
1974 1790 2150 1824 Mederici
2173 1790 2370 1824 Parisiens.

499 1862 711 1889 executores
741 1863 780 1889 ut
809 1856 975 1889 dicebant
1001 1858 1207 1890 testamenti
1232 1870 1298 1891 seu
1324 1858 1450 1891 ultime
1475 1858 1673 1892 voluntatis
1699 1858 1795 1891 bone
1820 1858 1995 1891 memorie
2021 1857 2182 1890 defuncti
2208 1857 2372 1903 magistri

500 1922 647 1955 Roberti
670 1923 714 1955 de
738 1922 893 1964 Sorbon2
918 1924 1082 1956 canonici
1106 1924 1288 1969 quondam
1318 1925 1551 1966 Parisiensis,
1576 1931 1814 1958 asseruerunt
1837 1925 1935 1970 quod
1957 1924 2013 1958 vir
2042 1923 2177 1957 nobilis
2201 1923 2372 1957 dominus

500 1990 665 2033 Rogerus
695 1989 803 2021 frater
832 1989 1029 2023 Castellani
1059 1990 1104 2023 de
1139 1990 1263 2024 Insula
1292 1991 1398 2024 miles
1429 1991 1620 2024 tenebatur
1651 1991 1746 2024 dicto
1782 1991 1954 2024 defuncto
1988 1990 2161 2036 magistro
2197 1989 2370 2032 Roberto,

500 2061 661 2099 tempore
698 2067 768 2100 quo
806 2056 977 2096 decessit,
1015 2057 1051 2089 in
1082 2057 1321 2102 quadraginta
1355 2057 1461 2091 libris
1492 2058 1685 2103 parisiens.
1718 2070 1762 2091 ex
1791 2065 1891 2103 parte
1928 2069 2012 2099 una,
2043 2064 2077 2090 et
2106 2057 2236 2102 viginti
2265 2055 2371 2090 libris

500 2121 690 2166 parisiens.
729 2134 772 2154 ex
808 2122 874 2155 alia
911 2130 1011 2168 parte
1048 2130 1157 2168 prout
1192 2124 1399 2157 continetur
1435 2125 1472 2157 in
1502 2124 1647 2158 duobus
1677 2125 1795 2170 parris
1825 2124 2024 2157 litterarum
2060 2123 2183 2169 sigillo
2215 2123 2371 2169 predicti

500 2187 623 2221 militis
654 2188 888 2233 sigillatarum
922 2196 1031 2234 prout
1059 2190 1172 2234 prima
1207 2191 1297 2223 facie
1332 2191 1538 2236 apparebat.
1570 2192 1730 2234 Quarum
1761 2191 1962 2224 litterarum
1993 2191 2029 2223 in
2061 2191 2221 2231 Romano
2256 2190 2372 2235 scrip-

501 2260 613 2286 tarum
645 2256 739 2297 [una]
770 2255 920 2288 formam
951 2256 1114 2289 continet
1143 2268 1213 2301 que
1243 2256 1325 2290 talis
1356 2263 1441 2290 est:

589 2335 604 2351 «
623 2322 663 2354 Je
681 2322 847 2366 RogierS.
865 2321 1066 2355 chevaliers
1091 2323 1208 2356 freres
1228 2336 1272 2356 au
1293 2323 1501 2357 Chastelain
1525 2324 1569 2357 de
1593 2324 1697 2366 Lille‚
1719 2325 1772 2358 fas
1798 2325 1940 2358 asavoir
1959 2336 1977 2357 a
2002 2330 2085 2357 touz
2109 2335 2197 2357 ceus
2222 2323 2283 2368 qui
2309 2334 2370 2356 ces

500 2386 629 2419 lestres
658 2394 806 2420 verront
835 2395 870 2421 et
899 2395 1025 2422 orront
1058 2401 1128 2434 que
1154 2390 1192 2434 je
1223 2390 1283 2422 doi
1313 2402 1330 2423 a
1362 2397 1496 2424 mestre
1528 2391 1665 2424 Robert
1699 2391 1742 2424 de
1780 2391 1935 2432 Sorbon,
1969 2390 2147 2423 chanoine
2177 2389 2221 2422 de
2255 2389 2369 2436 Paris⁷

500 2460 671 2497 quarente
706 2454 816 2487 livres
854 2455 897 2487 de
934 2456 1064 2500 parisis
1101 2456 1188 2500 qu’il
1217 2469 1235 2489 a
1266 2457 1365 2502 paies
1402 2469 1468 2502 por
1503 2458 1574 2490 moi
1610 2470 1627 2491 a
1665 2458 1765 2491 Paris
1801 2470 1868 2503 por
1904 2469 1980 2490 mes
2015 2468 2168 2503 propres
2198 2456 2368 2501 despans,

500 2518 663 2563 lesquiex
688 2521 725 2564 je
756 2528 916 2565 promest
945 2534 963 2554 a
994 2523 1124 2555 rendre
1155 2535 1218 2567 par
1248 2536 1303 2556 ma
1333 2524 1382 2556 foi
1412 2536 1455 2557 au
1487 2525 1619 2558 devant
1648 2525 1701 2558 dit
1730 2532 1864 2558 mestre
1895 2524 2032 2558 Robert
2056 2536 2102 2556 ou
2132 2536 2150 2556 a
2181 2535 2248 2556 son
2273 2534 2370 2556 com-

501 2585 728 2617 mandemant
757 2586 801 2617 de
831 2586 862 2618 la
893 2588 1031 2631 Pasque
1062 2589 1123 2632 qui
1154 2589 1453 2633 prucheniemant
1481 2591 1581 2623 vient
1609 2603 1653 2624 an
1683 2603 1734 2624 un
1762 2603 1820 2633 an,
1852 2598 1888 2624 et
1915 2603 1960 2624 an
1989 2590 2174 2634 tesmoing
2202 2589 2246 2622 de
2271 2594 2370 2622 ceste

500 2649 610 2682 chose
635 2652 672 2694 je
702 2651 726 2682 li
756 2652 787 2683 ai
817 2651 981 2685 bailliees
1011 2666 1072 2686 ces
1102 2654 1233 2688 lestres
1264 2656 1420 2689 seellees
1451 2657 1495 2690 de
1526 2669 1610 2690 mon
1641 2658 1729 2691 seel.
1762 2658 1812 2691 Ce
1842 2658 1879 2690 fu
1909 2657 1955 2690 fai
1985 2668 2029 2690 an
2058 2656 2129 2689 l'an
2158 2655 2202 2688 de
2232 2654 2368 2688 l’incar-

501 2715 628 2748 nacion
658 2723 781 2749 nostre
812 2718 989 2762 Seigneur
1019 2719 1080 2751 mil
1111 2721 1179 2753 dex
1208 2733 1294 2754 cenz
1324 2729 1360 2755 et
1389 2730 1552 2768 septante
1583 2724 1665 2765 dex,
1695 2724 1730 2756 le
1766 2724 1869 2757 lundi
1899 2734 2004 2768 apres
2034 2722 2066 2755 la
2100 2720 2320 2766 thiephanie.
2350 2734 2367 2751 »

590 2783 676 2814 Item
708 2789 743 2814 et
771 2782 914 2815 alteram
946 2784 1099 2818 litteram
1130 2786 1167 2819 in
1197 2788 1357 2821 Romano
1387 2789 1545 2822 vidimus
1576 2790 1644 2823 sub
1674 2790 1740 2823 hac
1770 2791 1883 2823 forma
1915 2801 1922 2823 :

590 2862 606 2878 «
626 2849 666 2880 Je
692 2849 860 2893 Rogiers,
886 2849 1086 2884 chevaliers
1113 2853 1228 2886 freres
1254 2866 1298 2886 au
1322 2854 1531 2889 Chastelain
1562 2856 1606 2889 de
1637 2857 1740 2898 Lille‚
1771 2857 1825 2890 fas
1860 2856 2003 2890 asavoir
2031 2867 2050 2888 a
2079 2861 2161 2888 touz
2190 2865 2278 2887 ceus
2307 2853 2369 2898 qui

499 2925 559 2946 ces
585 2913 715 2946 lestres
739 2921 887 2947 verront
912 2922 947 2948 et
971 2923 1097 2950 orront
1122 2930 1190 2962 que
1211 2920 1249 2963 je
1276 2920 1335 2952 doi
1361 2923 1379 2953 a
1405 2929 1538 2955 mestre
1565 2922 1702 2956 Robert
1726 2923 1770 2956 de
1797 2922 1955 2964 Sorbon,
1980 2921 2157 2954 chanoine
2183 2920 2228 2953 de
2253 2919 2366 2961 Paris,
