2580 3528
467 435 534 468 670
1052 432 1372 465 οΗΑΒτυιΑῃιυΜ
1407 441 1598 463 UN1VERS.
1635 440 1764 463 PARlS.

469 514 2349 528 m———ffi

469 564 515 586 290
605 561 671 588 1256
768 562 890 586 Octobris
906 562 935 585 19
986 562 1132 585 Alexander
1153 562 1186 584 1v
1207 561 1368 584 Ludovicum
1391 568 1481 591 regem
1501 559 1627 583 Franciae
1657 562 1742 591 rogat,
1765 559 1892 591 praebeat
1915 559 2063 583 Turoneasi
2089 563 2115 584 et
2137 559 2258 584 Rotoma-

1017 606 1092 637 gensi
1107 605 1315 636 archiepiscopis
1329 613 1359 627 ac
1372 603 1514 628 Parisieusi
1528 603 1652 635 episcopo
1668 612 1776 627 manum
1790 603 1955 633 auxiliarem,
1966 607 1996 628 ut
2009 604 2134 628 mandata
2148 607 2257 636 aposto-

1017 651 1067 673 lica
1081 650 1106 673 in
1119 650 1233 682 gratiam
1247 651 1358 673 fratrum
1374 649 1588 672 Praedicatorum
1601 651 1627 672 et
1638 648 1769 672 Minorum
1784 652 1960 681 exsequantur
1962 666 2255 674 ............
2301 649 2347 673 385

467 714 511 737 291
624 726 654 730 —-
811 727 842 731 —
905 713 930 736 21
985 713 1130 736 Alexander
1145 713 1178 735 lv
1192 711 1322 743 praecipit
1337 712 1413 734 Petro
1426 710 1574 734 Turonensi
1586 714 1612 734 et
1624 710 1709 735 Odoni
1724 711 1912 743 Rotomagensi
1924 711 2132 744 archiepiscopis
2145 715 2171 736 et
2182 712 2257 744 Regi-

1017 757 1095 780 naldo
1111 756 1254 780 Parisiensi
1269 755 1403 787 episcopo,
1420 758 1449 779 ut
1463 755 1593 784 libellum,
1609 755 1652 779 cui
1666 755 1778 779 titulus:
1794 755 1948 781 Tractatus
1967 756 2058 781 brevis
2072 757 2106 780 de
2118 756 2257 787 periculis

1015 801 1229 825 novissimorum,
1244 805 1413 831 temporum,
1425 800 1457 823 dc
1472 808 1560 823 errore
1572 800 1726 823 damnatum
1742 800 1842 824 cunctis
1858 800 2012 824 denuntient
2014 817 2255 825 ..........
2300 800 2346 824 387

467 865 513 888 292
622 877 653 880 —
811 878 840 882 -—
904 865 931 887 21
984 863 1130 886 Alexander
1145 863 1178 886 lv
1192 862 1314 886 hortatur
1329 862 1554 894 archiepiscopos,
1570 862 1709 894 episcopos
1725 865 1751 886 et
1765 862 1937 886 ecclesiarum
1950 865 2066 886 rectores
2081 871 2131 895 per
2145 871 2256 895 regnum

1014 907 1149 935 Franciae,
1171 907 1362 938 Burgundioni,
1384 906 1541 935 Picardiam,
1565 911 1625 934 eta,
1647 906 1814 936 constitutos,
1837 910 1866 931 ut
1890 909 1985 931 fratres
2009 907 2207 932 Praedicatores
2231 911 2257 932 et

1014 951 1138 984 Minores⁷
1154 951 1250 983 quibus
1266 951 1387 975 nonnulli
1402 951 1533 983 magistri,
1549 952 1669 975 doctores
1685 951 1783 983 aliique
1798 951 1854 976 sive
1868 951 1894 975 in
1910 952 2008 976 scholis
2028 952 2084 976 sive
2102 952 2129 976 in
2147 952 2256 984 praedi-

1013 996 1161 1019 cationibus
1177 996 1328 1024 detrahunt,
1342 996 1414 1019 omni
1428 996 1611 1020 benevolentia
1625 999 1652 1020 et
1665 996 1752 1028 gratia
1764 1000 1960 1029 prosequantur
1962 1014 2254 1022 ............
2299 995 2347 1019 333

464 1061 510 1083 293
620 1071 651 1075 ’-
807 1075 838 1077 -
901 1061 931 1083 23
982 1058 1085 1089 Capita,
1101 1066 1167 1090 quae
1183 1058 1305 1089 magistri
1320 1058 1376 1082 Odo
1396 1058 1428 1082 de
1448 1059 1536 1082 Duaco
1550 1061 1576 1082 et
1591 1058 1758 1083 Christianus
1778 1059 1920 1082 canonicus
1940 1059 2108 1083 Belvacensis
2128 1068 2256 1092 praesen-

1013 1103 1085 1126 tibus
1101 1103 1282 1126 cardinalibus
1303 1111 1331 1126 se
1350 1103 1539 1127 observaturos
1554 1111 1612 1127 esse
1627 1103 1762 1135 Anagniae
1774 1103 1931 1136 juraverunt
1934 1121 2254 1129 .............
2299 1101 2347 1126 m

464 1167 510 1190 294
619 1178 650 1182 ——
806 1177 837 1180 —
901 1163 931 1186 30
982 1165 1127 1188 Alexander
1141 1165 1175 1189 lv
1189 1165 1369 1189 Turonensem
1387 1169 1412 1189 et
1429 1165 1546 1189 Odonem
1566 1166 1787 1198 Rotomagensem
1806 1166 2020 1198 archiepiscopos
2035 1174 2066 1190 ac
2080 1166 2256 1198 Reginaldum

1012 1210 1168 1241 episcopum
1183 1209 1360 1234 Parisiensem
1376 1214 1464 1234 monet
1479 1213 1507 1234 ut
1522 1210 1548 1234 in
1564 1210 1692 1234 fratribus
1707 1210 1938 1234 Praedicatoribus
1958 1214 1984 1235 et
2002 1211 2148 1235 Minoribus
2163 1211 2255 1235 defen-

1011 1254 1105 1278 dendis
1120 1258 1203 1278 totam
1218 1263 1309 1278 curam
1324 1255 1462 1279 intendant
1464 1273 2254 1280 ...............................
2298 1253 2346 1277 “⁰

463 1319 508 1341 295
618 1329 649 1332 —-
793 1314 901 1337 Octobri
981 1317 1093 1340 Litterae
1101 1317 1279 1349 capitulorum
1290 1317 1461 1341 ecclesiarum
1472 1318 1664 1341 cathedralium
1674 1318 1827 1350 provinciae
1837 1318 1972 1342 Remensis
1984 1318 2017 1342 ad
2025 1318 2201 1342 Alexandrum
2211 1319 2254 1348 IV,

1011 1365 1041 1385 ut
1063 1370 1176 1393 poenam
1196 1362 1332 1394 magistris
1356 1365 1382 1386 et
1405 1362 1573 1386 scholaribus
1597 1362 1692 1391 Paris.,
1714 1362 1867 1394 specialiter
1888 1363 2029 1387 Guillelmo
2049 1363 2080 1386 de
2103 1363 2130 1387 S.
2150 1364 2253 1392 Amore,

1011 1406 1098 1430 odoni
1112 1407 1144 1430 de
1159 1407 1257 1435 Duaco,
1272 1407 1379 1431 Nicolao
1395 1407 1427 1430 de
1442 1407 1525 1430 Burro
1540 1410 1565 1430 et
1579 1407 1731 1431 Christiano
1745 1407 1910 1437 Belvacensi,
1925 1407 2052 1431 inflictam
2068 1408 2175 1432 relaxet.
2195 1425 2201 1432 .
2221 1426 2227 1432 .
2246 1425 2253 1433 .
2298 1403 2343 1428 ΒΜ

462 1470 508 1492 296
619 1481 646 1485 -
743 1466 900 1489 Novembris
916 1466 946 1488 '10
980 1469 1126 1492 Alexander
1140 1470 1174 1493 IV
1189 1469 1216 1493 in
1230 1469 1326 1493 litteris
1342 1469 1375 1493 ad
1391 1469 1534 1501 magistros
1549 1469 1711 1493 Parisienses
1727 1469 1838 1494 mirifice
1853 1470 1971 1494 studium
1985 1470 2134 1494 Parisiense
2152 1470 2252 1500 laudat,

1011 1513 1226 1537 Praedicatorum
1241 1517 1266 1537 et
1281 1514 1412 1538 Minorum
1427 1514 1606 1538 defensionem
1626 1514 1747 1546 suscipit,
1766 1514 1888 1538 libellum
1907 1514 2042 1538 Guillelmi
2061 1515 2093 1538 de
2113 1515 2139 1538 S.
2161 1515 2254 1539 Amore

1011 1559 1166 1582 damnatum
1180 1558 1318 1582 denuntiat
1332 1567 1362 1582 ae
1377 1567 1408 1582 ne
1424 1558 1540 1582 studium
1554 1558 1606 1582 alio
1621 1560 1798 1582 transferatur
1811 1562 1893 1583 cavet.
1912 1577 1919 1583 .
1938 1555 1956 1583 .’
1964 1576 2253 1584 ............
2298 1554 2344 1579 3¹¹2

462 1621 507 1644 297
617 1633 648 1636 —-
747 1617 899 1640 Decembris
915 1617 942 1640 31
980 1621 1036 1644 Odo
1052 1621 1268 1653 archiepiscopus
1282 1621 1483 1653 Rotomagensis
1496 1624 1521 1644 et
1534 1621 1695 1652 Reginaldus
1709 1621 1850 1653 episeopus
1865 1621 2023 1645 Parisieusis
2038 1624 2130 1645 notum
2145 1622 2253 1652 faciunt,

1011 1674 1039 1689 se
1058 1665 1211 1697 publicasse
1230 1665 1339 1689 Parisiis
1359 1665 1461 1689 litteras
1478 1665 1575 1689 summi
1590 1665 1723 1697 pontificis
1743 1665 1806 1691 Non
1825 1667 1888 1691 sine
1901 1666 1994 1691 multa
2008 1666 2100 1691 cordis
2114 1666 2254 1691 amaritu-

1011 1711 1077 1735 dine
1080 1727 2254 1737 ..............................................
2295 1707 2344 1731 “⁶

463 1773 507 1795 298
598 1769 662 1796 1257
769 1769 890 1792 Junuurli
906 1770 918 1792 7
980 1773 1125 1796 Alexander
1140 1773 1174 1797 lv
1189 1773 1222 1796 ad
1239 1773 1417 1797 Haimericuni
1432 1773 1619 1796 cancellarium
1635 1773 1819 1801 Parisiensem,
1834 1776 1863 1797 ut
1876 1773 1986 1804 regendi
2000 1772 2110 1796 Parisiis
2125 1773 2152 1796 in
2164 1773 2254 1806 aliqua

1012 1818 1136 1841 facultate
1150 1817 1284 1841 licentiam
1299 1818 1366 1841 nulli
1380 1817 1490 1846 tribuat,
1504 1817 1556 1841 nisi
1571 1817 1594 1841 ci
1609 1817 1654 1849 qui
1669 1817 1823 1850 promiserit
1838 1826 1866 1841 se
1878 1817 1980 1841 litteras
1994 1817 2154 1849 apostolicas
2167 1818 2256 1845 Quasi

1011 1863 1124 1893 [tynum
1140 1863 1213 1886 vitae
1231 1862 1422 1886 inviolabiliter
1441 1862 1644 1886 observaturum
1648 1878 2253 1888 ........................
2297 1857 2344 1882 ³40

906 1922 918 1944 xl

462 1924 508 1946 299
616 1936 648 1939 —
811 1935 842 1938 -
981 1925 1127 1948 Alexander
1142 1925 1175 1948 IV
1190 1925 1223 1948 ad
1238 1925 1426 1948 cancellarium
1443 1926 1468 1948 S.
1485 1925 1632 1949 Genovefae
1648 1925 1679 1948 de
1692 1924 1784 1948 eodem
1798 1928 1954 1956 argumento
1963 1942 2254 1950 ............
2297 1920 2343 1944 347

462 1987 508 2009 300
616 1999 647 2001 —
811 1998 842 2001 —
891 1985 920 2007 13
981 1987 1126 2011 Alexander
1141 1988 1174 2010 lv
1189 1987 1222 2010 ad
1238 1987 1413 2019 Reginaldum
1428 1987 1583 2019 episcopum
1598 1987 1783 2016 Parisiensem,
1799 1987 1907 2011 nomina
1919 1986 2039 2012 omnium
2053 1987 2252 2018 magistrorum,

1011 2032 1056 2063 qui
1076 2032 1147 2055 infra
1165 2031 1316 2063 quindecim
1333 2032 1390 2055 dies
1409 2035 1470 2063 post
1490 2032 1626 2064 publicata
1650 2032 1774 2055 mandata
1793 2031 1948 2064 apostoliea,
1969 2039 2000 2055 ea
2020 2040 2047 2055 se
2065 2031 2253 2056 observaturos

1011 2076 1050 2099 illi
1067 2085 1118 2099 non
1133 2076 1314 2108 promiserint,
1331 2077 1364 2100 ad
1379 2076 1467 2108 ipsum
1483 2076 1621 2105 rescribat,
1637 2079 1666 2100 ut
1685 2076 1830 2100 rebellibus
1849 2076 1938 2099 debita
1952 2082 2038 2108 poena
2057 2076 2226 2108 rependatur.
2246 2094 2252 2101 .
2271 2094 2274 2096 v
2297 2073 2343 2096 3¹¹7

463 2137 505 2159 301
617 2150 647 2153 -
762 2135 898 2158 Febrlmrii
915 2136 928 2158 2
980 2139 1126 2162 Alexander
1146 2139 1178 2162 1v
1197 2139 1343 2170 Reginaldo
1362 2139 1487 2170 episcopo
1506 2138 1650 2162 Parisiensi
1668 2139 1778 2163 mandat
1791 2141 1820 2162 ut
1835 2138 1962 2167 inhibeat,
1978 2146 2009 2162 ne
2029 2138 2088 2170 quis
2108 2138 2253 2170 quidquam

1011 2185 1129 2207 conferat
1149 2192 1199 2215 pro
1217 2184 1348 2215 expensis,
1365 2192 1430 2215 quas
1446 2184 1479 2207 ad
1494 2183 1567 2207 litem
1583 2187 1674 2208 contra
1690 2185 1786 2207 fratres
1806 2183 1869 2207 Ord.
1886 2183 1979 2207 Praed.
1995 2183 2178 2206 sustinendam
2192 2183 2254 2208 Uni-

1012 2228 1124 2252 versitas
1141 2228 1204 2252 facit
1206 2245 2252 2252 .........................................
2297 2224 2344 2247 34⁸

463 2289 507 2311 302
617 2301 648 2304 —
775 2287 919 2311 Februario
980 2291 1128 2314 Ludovicus
1149 2291 1183 2314 lx
1202 2291 1363 2314 Francorum
1378 2299 1423 2314 rex
1437 2294 1529 2315 uotum
1547 2290 1617 2319 facit,
1634 2298 1662 2314 se
1677 2290 1806 2322 magistro
1825 2290 1938 2314 Roberto
1958 2290 1990 2313 de
2010 2290 2130 2314 Sor-bona
2149 2290 2254 2314 dedisse

1013 2335 1045 2358 ad
1065 2344 1132 2367 opus
1152 2335 1314 2359 scholarium
1334 2336 1441 2359 domum
1457 2335 1537 2359 sitam
1551 2335 1676 2359 Parisisis
1694 2335 1721 2358 in
1737 2335 1793 2359 vico
1813 2335 1845 2358 de
1867 2335 2079 2366 συπρα-Θηβαῖε
2097 2337 2157 2359 ante
2175 2335 2253 2367 pala-

1010 2380 2071 2405 tiumTherumrum..............-...............;
2090 2396 2252 2406 .......
2296 2375 2344 2399 34⁹

463 2440 508 2462 303
618 2452 647 2455 —
778 2439 865 2462 Martii
881 2439 910 2462 10
980 2439 1125 2462 Alexander
1140 2439 1174 2462 lv
1188 2439 1221 2462 ad
1237 2438 1416 2462 linitum-icum
1430 2438 1618 2462 cancellarium
1630 2438 1816 2467 Parisiensem,
1833 2441 1861 2461 ut
1875 2438 1984 2470 regendi
1998 2437 2108 2461 Parisiis
2123 2437 2150 2461 in
2164 2437 2254 2470 aliqua

1011 2483 1135 2506 facultate
1149 2482 1283 2507 licentiam
1298 2483 1365 2506 nulli
1378 2482 1488 2512 tribuat,
1502 2482 1554 2506 nisi
1567 2482 1591 2507 ei
1603 2483 1648 2515 qui
1662 2482 1765 2507 litteras
1781 2482 1941 2514 apostolicas
1957 2482 2045 2509 Quasi
2056 2482 2168 2513 liynum
2180 2481 2254 2507 vitae

1011 2536 1039 2551 se
1059 2527 1170 2551 firmiter
1189 2527 1392 2551 observaturum
1411 2527 1566 2559 promiserit
1573 2544 2252 2553 ...........................
2297 2527 2344 2550 ³50

464 2588 508 2612 304
618 2603 649 2606 —
808 2603 840 2607 —-
882 2590 909 2613 11
979 2590 1126 2613 Alexander
1141 2590 1174 2613 IV
1189 2590 1222 2613 ad
1237 2590 1424 2613 cancellarium
1441 2590 1467 2614 S.
1485 2590 1632 2614 Genovefae
1647 2590 1731 2614 Paris.
1747 2590 1778 2614 de
1798 2589 1890 2614 eodem
1909 2592 2064 2621 argumento
2067 2606 2251 2614 ........
2294 2589 2342 2613 850

464 2651 509 2673 305
620 2664 647 2668 —
809 2665 840 2668 —
881 2652 910 2675 13
979 2652 1127 2676 Alexander
1146 2653 1179 2676 lv
1198 2653 1307 2676 mandat
1321 2652 1467 2684 Reginaldo
1482 2652 1608 2684 episcopo
1623 2652 1767 2676 Parisiensi
1781 2655 1811 2676 ut
1825 2652 1885 2676 illos
1901 2651 2043 2684 mag-istros
2063 2654 2089 2675 et
2107 2651 2251 2680 scholares,

1011 2696 1056 2728 qui
1069 2697 1204 2720 renuerint
1216 2697 1437 2721 contributionem
1454 2698 1538 2721 faeere
1553 2700 1578 2721 et
1593 2696 1870 2721 excommunicationis
1886 2696 2043 2720 seutentiam
2055 2703 2104 2728 per
2118 2699 2253 2720 cantorem

1011 2741 1197 2765 Belvaceusem
1217 2745 1242 2765 et
1261 2742 1404 2766 Robertum
1425 2742 1457 2766 de
1476 2742 1564 2766 Duaco
1580 2741 1606 2765 in
1621 2750 1666 2765 eos
1681 2741 1880 2774 promulgatam
1893 2740 2061 2769 incurrerint,
2077 2740 2208 2769 absolvat,
2229 2740 2252 2764 si

1010 2785 1182 2816 promiserint
1201 2787 1326 2810 mandata
1346 2786 1492 2818 apostolica
1513 2795 1540 2810 se
1560 2786 1748 2810 observaturos
1752 2801 2250 2810 ....................
2295 2785 2342 2808 350

464 2846 509 2868 306
618 2859 649 2862 -
810 2859 840 2863 -
882 2849 911 2869 30
980 2847 1124 2871 Alexander
1139 2849 1172 2871 lv
1187 2849 1220 2872 ad
1235 2849 1416 2872 Tui-anensem
1430 2852 1456 2872 et
1470 2849 1588 2873 odonem
1603 2849 1823 2880 Rotomagensem
1838 2847 2016 2879 archiepiscos
2031 2855 2061 2870 ac
2076 2847 2252 2879 Reginaldum

1011 2892 1164 2924 episcopum
1179 2893 1356 2916 Parisiensem
1371 2896 1400 2917 ut
1415 2893 1441 2916 in
1457 2895 1569 2917 fratrum
1584 2893 1799 2917 Praedicatorum
1813 2895 1839 2916 et
1851 2892 1990 2920 Minox-um,
2007 2899 2072 2923 quos
2088 2891 2159 2915 omni
2173 2891 2251 2915 laude

1011 2937 1135 2965 cumulat,
1152 2937 1331 2961 defensionem
1346 2941 1429 2962 totam
1448 2946 1539 2961 curaui
1559 2937 1695 2961 intendant
1699 2953 2250 2961 ......................
2295 2935 2338 2959 351

464 2996 508 3019 307
618 3010 649 3013 -
810 3011 840 3014 —
881 2999 911 3020 30
980 2998 1124 3021 Alexander
1139 3000 1172 3022 lv
1185 3000 1216 3022 de
1229 3000 1320 3023 eodem
1331 3003 1487 3032 argumento
1498 3000 1529 3023 ad
1544 3007 1634 3023 omnes
1646 2999 1822 3031 patriarchas,
1836 2997 2050 3030 archiepiscopos
2063 3001 2090 3022 et
2101 2998 2249 3030 episcopos.
2295 2998 2340 3022 ³52
