2580 3528
460 419 526 452 236
1040 427 1361 450 CHARTULAMUM
1396 424 1587 447 umvssns.
1623 423 1755 446 PAnts.
2231 414 2331 455 [1252

460 510 584 536 contra
604 503 856 536 concessionis
877 508 1001 535 nostre
1023 508 1185 534 tenorem
1212 512 1285 533 non
1312 500 1498 545 permittas
1525 509 1636 542 super
1656 497 1727 529 hiis
1746 496 1790 530 ab
1811 496 1995 542 aliquibus
2015 497 2178 531 indebite
2198 498 2333 532 moles—

461 570 538 611 tari,
566 569 818 602 molestatores
845 568 1068 613 hujusmodi„
1093 573 1157 601 etc.
1187 572 1226 600 ut
1251 577 1361 610 supra
1390 569 1427 598 11⁰
1448 565 1525 597 204.
1553 565 1632 597 Dat.
1658 563 1801 596 Perusii
1823 563 1847 608 ij
1870 562 1940 596 kal.
1967 564 2078 606 Junii‚
2100 564 2331 610 pontificatus

460 636 574 669 nostri
605 648 698 669 anno
729 648 837 668 nono.

552 734 741 765 Apogruphum
757 741 823 756 saec.
846 733 903 755 XIlI
919 732 945 754 in
961 731 1037 754 Arch.
1054 734 1109 754 nat.
1128 730 1211 753 Paris.
1228 730 1262 753 M.
1278 730 1333 757 66⁸,
1351 733 1379 752 n⁰
1397 730 1419 757 3,
1441 728 1491 751 sub
1509 728 1616 751 rubrica
1632 736 1637 751 :
1656 736 1668 751 «
1685 727 1887 752 Conservatorin
1903 737 1983 760 super
1997 728 2097 753 eisdem
2112 737 2134 757 »,
2150 729 2247 761 exeipit
2261 729 2330 753 enim

458 778 561 802 docum.
579 782 607 801 n⁰
622 779 666 801 205
688 777 861 809 publicatum.
878 790 907 794 —
924 776 986 799 Cod.
1004 776 1062 799 Vut.
1078 775 1140 806 ch.
1158 775 1212 802 406,
1230 774 1274 797 fol.
1292 774 1337 796 176
1352 773 1410 805 (22).
1428 773 1495 796 Bibl.
1513 772 1646 804 phillipps
1666 772 1693 796 in
1708 772 1889 801 Cheltenham,
1906 781 1955 796 ms.
1974 774 2028 802 876,
2045 774 2091 798 sol.
2106 774 2136 797 20
2151 775 2186 804 (et
2201 773 2266 806 245),
2280 774 2330 797 sub

458 822 533 846 titulo
550 830 555 845 z
573 831 584 845 (ι
604 821 772 845 Conservntio
787 820 930 852 privileg-ii,
948 828 979 843 ne
1000 819 1114 842 scolares
1131 827 1153 847 »,
1169 822 1217 842 etc.
1239 821 1268 841 ut
1286 826 1375 849 supra.
1392 817 1475 841 Liber
1492 818 1640 847 practicus
1655 818 1689 841 de
1707 821 1831 842 consuet.
1857 817 1988 842 Remensi
2006 817 2033 841 in
2047 817 2116 842 Bibl.
2132 818 2262 847 Remensi,
2279 826 2328 842 ms.

458 868 488 898 Η.
513 867 629 897 648s639,
645 866 690 889 fol.
707 865 762 893 22¹³,
781 870 809 888 n⁰
824 866 877 888 362.
903 865 1026 891 Bulaeus,
1043 864 1088 891 111,
1105 864 1159 890 242,
1178 862 1223 885 ubi
1238 870 1379 893 perperam
1401 870 1412 884 «
1429 862 1481 885 kal.
1497 861 1570 885 ,lunii
1585 870 1607 885 ».
1624 861 1713 890 Varin,
1734 862 1820 886 Arch.
1842 861 1962 893 le'yislat.
1981 863 2015 886 de
2034 862 2062 887 la
2081 862 2148 887 ville
2170 863 2204 887 de
2223 862 2328 891 Reims,

457 912 490 934 Ire
505 914 574 942 part.
587 918 592 934 z
612 911 760 936 Coutumos,
777 918 803 940 p.
820 910 874 937 278,
887 913 916 931 n⁰
931 909 985 931 362.
1001 907 1127 939 Adjungit
1137 907 1200 930 ibid<
1218 910 1247 929 n⁰
1257 907 1302 929 363
1313 915 1343 929 ex
1353 907 1437 930 Libro
1449 906 1582 936 practico,
1595 906 1639 929 fol.
1652 906 1707 934 22¹¹,
1718 910 1748 929 n⁰
1758 907 1812 935 218,
1829 906 1970 938 epistolam
1980 907 2014 930 ud
2026 906 2232 931 Universitatem
2244 907 2328 931 Paris.

457 956 583 978 directum
594 963 608 977 n
620 954 747 985 magistro
763 953 904 976 Eustachio
916 953 947 975 de
961 952 1143 979 Grandicurin,
1157 951 1227 974 vices
1243 954 1349 982 gerente
1365 950 1445 982 episc.
1463 950 1677 979 Silvanectensis‚
1693 950 1720 974 in
1731 959 1783 982 qua
1793 950 1890 974 mentio
1901 951 1931 974 fit
1944 951 2079 983 privilegii
2094 959 2176 983 supra
2189 951 2328 983 publicati,

456 1007 564 1030 eamque
586 1000 665 1022 refert
685 998 774 1021 itidem
790 998 822 1020 ad
838 1006 880 1020 an.
895 997 963 1020 1252.
981 997 1012 1020 At
1027 996 1185 1019 Eustachius
1200 996 1232 1019 de
1248 994 1423 1019 Grandicurin
1442 998 1499 1018 erat
1514 995 1608 1018 aetatis
1626 995 1791 1026 posterioria,
1808 998 1837 1018 ut
1851 995 1917 1019 hene
1935 995 2060 1027 probavit
2075 996 2197 1020 Ham-ean
2214 996 2240 1019 in
2255 996 2327 1021 Hssc.

455 1044 509 1068 litt.
525 1045 558 1067 de
573 1043 601 1067 ἶα
614 1043 730 1070 France,
746 1042 856 1070 XXVIII,
872 1042 916 1064 471
933 1049 991 1072 sqq.
1007 1040 1175 1064 Remittimus
1191 1040 1332 1071 epistolum
1348 1040 1382 1063 nd
1397 1040 1476 1063 finem
1492 1039 1570 1071 hujus
1586 1039 1738 1063 voluminis.

453 1235 563 1272 209.
587 1244 768 1270 Innocentius
791 1245 835 1270 IV
844 1243 885 1269 ad
906 1243 1059 1278 magistros
1082 1246 1109 1269 et
1130 1243 1278 1269 scholares
1293 1243 1478 1269 Parisienses
1498 1246 1529 1268 ut
1547 1242 1645 1269 nullus
1661 1243 1690 1269 in
1711 1243 1938 1278 Universitatem,
1957 1247 2093 1270 rectorem
2114 1252 2166 1270 seu
2185 1243 2328 1280 procur-a-⁴

542 1297 616 1319 tores
637 1302 688 1319 seu
713 1301 883 1328 quemquam
899 1292 988 1319 alium
1001 1301 1055 1328 pro
1076 1294 1155 1326 sacto
1177 1291 1218 1318 vel
1239 1292 1390 1318 occasione
1407 1292 1499 1328 ipsius
1520 1292 1720 1318 Universitatis
1736 1292 2050 1327 excommunicationis,
2069 1296 2132 1328 etc„
2150 1293 2326 1319 sententiam

540 1342 650 1368 audeat
661 1341 855 1378 promulgare.

1726 1396 1802 1425 1252,
1817 1395 1889 1422 duni!
1901 1396 1919 1425 1,
1934 1396 2039 1422 Perusia

539 1480 774 1513 Innocentius
812 1480 1007 1524 episcopus
1046 1491 1175 1513 servus
1214 1491 1403 1513 servorum
1444 1479 1510 1512 Dei
1549 1478 1693 1512 dilectis
1728 1479 1813 1512 filiis
1848 1479 2032 1513 universis
2071 1479 2257 1525 magistris
2291 1486 2328 1514 et

451 1546 653 1580 scolaribus
687 1546 955 1579 Parisiensibus
990 1546 1142 1579 salutem
1179 1553 1213 1579 et
1245 1546 1481 1591 apostolicam
1517 1545 1824 1579 benedictionem.
1862 1547 1941 1579 Non
1976 1546 2081 1581 decet
2114 1558 2182 1579 nos
2219 1546 2325 1580 vobis

450 1613 688 1658 apostolicum
727 1625 861 1658 negare
900 1614 1073 1654 savorem,
1114 1625 1219 1658 quem
1260 1613 1394 1646 vestris
1427 1613 1603 1647 videmini
1640 1613 1781 1646 meritis
1815 1624 2039 1661 comparare,
2077 1613 2162 1646 dum
2197 1613 2326 1647 dantes

449 1692 594 1725 operam
624 1680 814 1725 sapientie,
846 1692 915 1725 qne
945 1680 1141 1725 plurimum
1169 1692 1236 1713 nos
1267 1680 1434 1722 delectat,
1462 1686 1588 1713 nostre
1608 1691 1674 1713 vos
1695 1680 1811 1725 gratie
1832 1680 2020 1725 coaptatis,
2043 1680 2105 1725 qui
2126 1676 2322 1725 aliquando

449 1747 654 1792 disciplinis
680 1747 882 1780 scolasticis
908 1747 1123 1780 insudantes
1149 1747 1193 1780 ad
1219 1759 1400 1780 summum
1428 1758 1555 1780 sumus
1580 1747 1667 1780 licet
1690 1747 1861 1780 immeriti
1889 1747 2140 1792 magisterium
2171 1747 2323 1781 evocati.

449 1811 538 1844 Hinc
573 1818 640 1853 est,
676 1812 774 1857 quod
809 1812 921 1857 quieti
955 1819 1076 1845 vestre
1118 1819 1266 1857 paterna
1300 1812 1466 1845 volentes
1506 1811 1696 1857 diligentia
1737 1811 1931 1857 providere
1972 1812 2184 1845 auctoritate
2218 1811 2324 1846 vobis

449 1879 671 1923 presentium
706 1878 940 1924 indulgemus
971 1880 1073 1924 juxta
1112 1879 1210 1924 quod
1250 1879 1338 1912 alias
1372 1878 1479 1912 vobis
1519 1878 1746 1912 dinoscimur
1782 1878 2019 1916 indulsisse&
2058 1885 2097 1912 ut
2132 1878 2256 1912 nullus
2285 1878 2323 1912 in

449 1945 718 1978 universitatem
748 1953 903 1979 vestram
935 1946 1192 1991 magistrorum
1224 1952 1260 1979 et
1289 1946 1483 1979 scolarium
1514 1952 1575 1979 aut
1601 1952 1778 1978 rectorem
1807 1945 1865 1979 vel
1893 1951 2150 1991 procuratores
2179 1952 2323 1979 vestros

447 2012 697 2056 cujuscunque
725 2019 785 2045 aut
811 2024 1120 2058 quarumcumque
1147 2012 1353 2046 facultatum
1384 2024 1449 2045 seu
1481 2024 1698 2057 quemquam
1719 2011 1829 2044 alium
1851 2023 1916 2057 pro
1937 2012 2030 2045 facto
2051 2011 2109 2046 vel
2130 2012 2322 2045 occasione

448 2078 564 2122 ipsius
599 2079 853 2112 Universitatis
892 2079 1292 2121 excmnnmnicationis,
1333 2079 1590 2124 suspensionis
1623 2079 1682 2112 vel
1720 2078 1904 2112 interdicti
1944 2078 2159 2112 sententiam
2194 2078 2324 2112 audeat

447 2145 678 2190 promulgare
709 2145 845 2190 absque
877 2146 976 2179 sedis
1006 2146 1205 2192 apostolice
1238 2146 1383 2180 licentia
1411 2146 1575 2191 speciali,
1603 2152 1638 2179 et
1667 2146 1699 2179 si
1727 2146 1838 2179 suerit
1863 2145 2103 2191 promulgata,
2135 2146 2215 2191 ipso
2237 2146 2322 2191 jure

447 2212 494 2244 sit
527 2212 625 2244 irrita
660 2218 696 2245 et
729 2213 858 2246 inanis.
894 2213 991 2246 Nulli
1020 2225 1122 2258 ergo,
1151 2219 1230 2254 etc.,
1262 2220 1387 2246 nostre
1417 2213 1684 2255 concessionis,
1711 2218 1775 2247 etc.
1809 2213 1845 2246 Si
1873 2212 1956 2257 quis
1984 2219 2117 2254 autem,
2145 2217 2208 2246 etc.
2241 2213 2320 2246 Dat.

447 2278 587 2311 Perusii
618 2279 687 2311 kal.
720 2279 830 2320 Junii,
862 2280 1091 2325 pontificatus
1121 2280 1238 2314 nostri
1265 2292 1359 2313 anno
1390 2292 1500 2313 nono.

539 2376 600 2400 Cod.
618 2377 673 2400 vat.
693 2377 755 2407 Reg.
770 2378 824 2406 406,
846 2378 889 2401 fol.
906 2379 943 2401 16.
961 2378 1029 2401 Bibl.
1046 2378 1177 2410 Phillipps
1194 2378 1220 2401 in
1236 2378 1416 2406 Cheltenhnm,
1434 2386 1482 2401 ms,
1502 2379 1555 2406 876,
1574 2378 1617 2401 sol.
1636 2378 1673 2407 17,
1691 2378 1740 2401 suh
1755 2377 1862 2401 rubrica
1879 2386 1884 2401 :
1903 2386 1915 2401 ((
1931 2378 1966 2401 Ut
1981 2377 2070 2401 nullus
2087 2385 2110 2406 x»,
2124 2381 2173 2402 etc.
2189 2379 2218 2400 ut
2229 2384 2320 2408 supra.

447 2420 508 2444 cod.
526 2421 646 2449 namur„
663 2421 706 2444 sol.
722 2422 760 2445 17.
777 2436 809 2439 —
820 2422 943 2450 Bulaeus,
961 2423 1005 2450 ΙΙΙ,
1025 2423 1083 2451 242;
1100 2423 1173 2446 deest
1186 2423 1256 2454 apud
1269 2422 1407 2451 Jourdain,
1423 2422 1497 2454 cujus
1513 2426 1600 2446 tamen
1614 2426 1703 2446 notam
1716 2422 1819 2446 numeri
1835 2423 1864 2445 76
1878 2421 1986 2446 videsis.

540 2505 561 2527 1.
579 2505 617 2528 Cf.
635 2514 716 2536 supra
735 2509 762 2528 n⁰
778 2506 832 2529 162.

449 2630 560 2666 210,
587 2641 765 2666 conservatio
781 2641 906 2676 ejusdem
918 2643 1071 2678 privilegii.

1714 2686 1791 2716 1252,
1808 2685 1879 2711 dunis
1890 2686 1908 2715 1,
1925 2684 2030 2711 Pet-usli.

539 2766 772 2799 Innocentius
801 2767 996 2812 episcopus
1022 2780 1150 2801 servus
1180 2781 1368 2802 servorum
1400 2770 1466 2802 Dei
1491 2768 1691 2803 venerabili
1721 2768 1821 2802 fratri
1850 2768 2023 2813 episcopo
2055 2767 2319 2800 Silvanectensi

449 2832 600 2865 salutem
626 2839 661 2865 et
680 2833 913 2877 apostolicam
940 2833 1245 2868 benedictionem.
1273 2837 1352 2868 Non
1377 2836 1481 2869 decet
1506 2848 1574 2869 nos
1600 2835 1743 2869 dilectis
1766 2835 1852 2868 filiis
1873 2834 2056 2868 universis
2078 2833 2263 2879 magistris
2284 2839 2320 2866 et

449 2898 651 2931 scolaribus
687 2899 955 2932 parisiensibus
995 2901 1231 2945 apostolicum
1273 2914 1406 2947 negare
1442 2903 1615 2944 savorem,
1653 2907 1717 2936 etc.
1758 2907 1798 2936 ut
1829 2913 1939 2946 supra
1975 2905 2013 2934 n⁰
2051 2901 2128 2942 209,
2169 2899 2319 2934 mutatis

448 2965 640 2999 mutandis.
672 2966 849 3008 Quocirca
878 2967 1090 3000 fraternitati
1121 2974 1180 3000 tue
1211 2980 1275 3012 per
1304 2969 1501 3013 apostolica
1532 2970 1664 3014 scripta
1695 2969 1920 3010 mandamus,
1951 2967 2122 3013 quatinus
2158 2967 2317 3012 prefatos
