2580 3528
226 401 324 458 1277]
566 426 613 448 AB
646 425 752 448 anno
786 424 864 455 uec
898 424 1031 454 usqua
1064 425 1113 447 An
1148 423 1379 446 pnimppuu
1414 424 1454 446 1v
1488 423 1577 446 nse.
1614 423 1751 446 ransc.
2035 414 2099 448 543

222 556 337 594 473.
363 566 517 602 Opiniones
538 564 680 591 ducentae
701 563 879 598 undeviginti
899 564 993 598 Sigen*
1011 563 1047 589 cle
1069 562 1241 598 meantia,
1259 562 1353 589 Boeeii
1372 561 1409 588 de
1429 563 1524 588 Dacia
1548 561 1737 597 aliorumque,
1761 570 1780 587 a
1802 561 1945 598 Stephano
1967 563 2100 598 episcopo

311 614 475 641 Parisiemi
488 613 524 640 de
538 612 658 640 consilio
673 612 820 640 doctorum
834 621 940 639 sacrae
954 612 1118 649 scripturae
1133 611 1351 638 condemnatae.

1475 674 1547 703 1277,
1563 673 1652 700 Hae-fii
1665 674 1686 703 7,
1700 673 1814 699 Pau-inin.

314 764 506 799 Universis
535 770 727 810 presentes
756 763 895 797 litteras
930 763 1153 809 inspecturis
1187 761 1408 808 Stephanus,
1443 761 1687 807 permissione
1726 760 1847 794 divina
1882 760 2100 794 Parisiensis

225 831 381 866 ecclesie
421 831 588 865 minister
620 830 810 876 indignus,
847 829 999 864 salutem
1034 830 1072 863 in
1107 829 1182 863 filio
1211 829 1377 875 Virginis
1410 828 1586 874 gloriose.
1623 829 1836 876 Magnarum
1866 834 1903 861 et
1934 827 2099 873 gravium

225 909 463 945 personarum
490 897 618 931 crebra
646 897 798 943 zeloque
825 896 911 930 fidei
938 908 1090 931 accensa
1118 895 1318 930 insinuavit
1343 895 1486 937 relatio,
1514 895 1612 940 quod
1640 894 1808 928 nonnulli
1836 894 1998 927 Parisius
2025 900 2101 927 stu-

225 965 355 1000 dentes
374 965 412 998 in
431 964 571 998 artibus
596 964 743 1010 proprie
769 963 950 998 facultatis
977 963 1112 997 limites
1139 962 1359 997 excedentes
1385 961 1563 1007 quosdam
1588 961 1801 995 manifestos
1822 967 1858 994 et
1877 960 2101 994 execrabiles

226 1043 385 1072 errores,
413 1031 523 1065 immo
545 1031 667 1077 potius
686 1030 863 1064 vanitates
890 1037 926 1064 et
952 1030 1114 1063 insanias
1140 1029 1249 1063 falsas
1277 1029 1314 1062 in
1342 1028 1462 1062 rotulo
1490 1040 1556 1062 seu
1581 1027 1736 1069 cedulis,
1767 1026 2000 1073 presentibus
2029 1026 2102 1060 hiis

226 1110 367 1132 annexo
388 1110 454 1132 seu
474 1098 625 1132 annexis
644 1103 837 1131 contentos
857 1097 962 1143 quasi
987 1095 1208 1130 dubitabiles
1234 1096 1271 1129 in
1297 1095 1410 1130 scolis
1435 1101 1588 1129 tractare
1608 1101 1645 1128 et
1664 1094 1851 1140 disputare
1872 1083 2101 1140 presumunt,

227 1177 300 1199 non
329 1164 559 1210 attendentes
588 1163 680 1198 illud
708 1163 911 1210 Gregorii:
934 1163 1005 1207 Qui
1035 1163 1220 1209 sapienter
1249 1162 1350 1208 loqui
1380 1162 1521 1203 nititur,
1551 1173 1683 1207 magno
1714 1172 1825 1206 opere
1853 1160 2024 1202 metuat¹,
2057 1172 2101 1194 ne

226 1233 307 1278 ejus
327 1216 474 1277 eloquio
494 1231 718 1265 audientium
744 1230 864 1264 unitas
884 1230 1140 1269 confundatur,
1168 1229 1375 1275 presertim,
1401 1229 1507 1262 cum'
1535 1239 1681 1262 errores
1703 1227 1888 1274 predictos
1908 1227 2099 1273 gentilium

226 1298 419 1344 scripturis
439 1297 638 1336 muniant⁸,
666 1308 770 1343 quas,
791 1296 882 1342 proh
903 1296 1039 1342 pudor!
1067 1296 1112 1330 ad
1137 1308 1238 1330 suam
1265 1295 1482 1341 imperitiam
1508 1301 1679 1329 asserunt
1697 1295 1751 1328 sic
1771 1301 1962 1340 cogentes,
1988 1301 2028 1328 ut
2047 1294 2102 1328 eis

226 1365 391 1399 nesciant
416 1364 655 1410 respondere.
684 1365 736 1397 Ne
762 1370 896 1402 autem,
924 1363 1022 1408 quod
1050 1363 1102 1396 sic
1129 1362 1323 1404 innuunt⁸,
1351 1347 1749 1403 asserere⁷7videan2un
1771 1361 2034 1407 responsiones
2054 1361 2102 1395 ita

226 1431 387 1478 palliant,
416 1431 528 1477 quod,
555 1431 641 1464 dum
668 1430 842 1476 cupiunt¹
868 1430 983 1464 vitare
1010 1429 1168 1471 Scillam,
1195 1429 1363 1463 incidunt
1388 1429 1425 1462 in
1446 1429 1644 1474 Caripdim.
1672 1428 1806 1461 Dicunt
1831 1428 1927 1461 enim
1953 1440 1993 1460 ea
2019 1439 2102 1461 esse

225 1510 311 1533 vera
336 1498 537 1532 secundum
565 1497 847 1544 philosophiam,
876 1496 942 1531 sed
969 1508 1043 1530 non
1070 1496 1273 1530 secundum
1301 1495 1409 1529 fidem
1437 1495 1663 1536 catholicam,
1692 1495 1796 1541 quasi
1822 1495 1895 1528 sint
1920 1494 1991 1528 due
2016 1506 2103 1528 con-

226 1565 336 1600 trarie
360 1564 546 1608 veritates,
576 1571 613 1599 et
637 1564 742 1610 quasi
768 1570 895 1598 contra
921 1563 1111 1598 veritatem
1139 1575 1241 1597 sacre
1268 1562 1450 1608 scripture
1475 1562 1523 1596 sit
1548 1562 1683 1596 veritas
1710 1562 1748 1595 in
1775 1561 1883 1595 dictis
1909 1560 2101 1606 gentilium

227 1631 517 1678 dampnatorum,
546 1631 591 1665 de
625 1629 760 1677 quibus
794 1630 969 1677 scriptum
997 1637 1054 1664 est
1081 1641 1089 1664 :
1118 1644 1135 1662 α
1164 1629 1317 1664 Perdam
1347 1629 1562 1675 sapientiam
1591 1628 1810 1674 sapientium
1844 1641 1875 1670 n,
1906 1627 1990 1674 quia
2018 1639 2103 1661 vera

227 1698 404 1745 sapientia
424 1697 545 1744 perdit
562 1697 688 1732 falsam
709 1697 936 1744 sapientiam.
959 1697 1104 1731 Utinam
1126 1696 1216 1731 tales
1240 1696 1472 1730 attenderent
1494 1695 1689 1730 consilium
1717 1695 1893 1741 sapientis
1915 1695 2071 1728 dicentis
2093 1706 2100 1728 :

228 1779 247 1798 α
268 1765 307 1800 si
325 1764 393 1800 tibi
411 1771 469 1800 est
490 1764 712 1806 intellectus,
738 1764 922 1810 responde
947 1764 1112 1810 proximo
1133 1770 1195 1798 tuo
1218 1775 1226 1797 :
1249 1763 1307 1798 sin
1327 1770 1461 1805 autem,
1487 1763 1536 1796 sit
1559 1774 1688 1796 manus
1714 1769 1772 1796 tua
1793 1774 1905 1808 super
1925 1773 1967 1796 os
1988 1768 2101 1803 tuum,

228 1843 274 1866 ne
300 1831 454 1878 capiaris
480 1831 518 1865 in
544 1830 658 1865 verbo
684 1830 970 1877 indisciplinato,
1000 1837 1036 1864 et
1061 1830 1298 1864 confundaris
1318 1843 1349 1863 ».
1377 1831 1429 1863 Ne
1450 1829 1563 1876 igitur
1587 1829 1730 1863 incauta
1754 1828 1890 1862 locutio
1916 1828 2103 1874 simplices

228 1897 411 1945 pertrahat
442 1898 480 1932 in
513 1909 689 1939 errorem,
724 1909 792 1932 nos
826 1904 895 1931 tam
930 1897 1120 1932 doctorum
1155 1909 1257 1931 sacre
1290 1897 1508 1942 scripture⁸,
1539 1908 1644 1942 quam
1679 1895 1833 1930 aliorum
1868 1895 2101 1941 prudentium

227 1965 389 2000 virorum
418 1964 684 1999 communicato
712 1964 868 1999 consilio
898 1964 1063 1998 districte
1091 1964 1174 1998 talia
1204 1970 1237 1998 et
1268 1963 1400 1998 similia
1429 1963 1514 1997 fieri
1536 1962 1788 2009 prohibemus,
1817 1969 1853 1996 et
1878 1974 1918 1996 ea
1946 1961 2104 1996 totaliter

228 2031 552 2078 condempnamus,
579 2031 936 2065 excommunicantes
963 2043 1092 2065 omnes
1117 2030 1216 2073 illos,
1247 2029 1309 2076 qui
1339 2030 1457 2064 dictos
1487 2042 1633 2064 errores
1661 2029 1719 2063 vel
1747 2029 1904 2076 aliquem
1933 2041 1976 2062 ex
2006 2028 2103 2062 illis⁷

229 2098 565 2145 dogmatizaverint,
597 2105 660 2132 aut
690 2098 901 2132 deffendere
933 2109 1000 2132 seu
1034 2098 1219 2132 sustinere
1254 2097 1547 2143 presumpserint
1580 2096 1854 2142 quoquomodo,
1891 2108 2034 2130 necnon
2069 2103 2105 2130 et

230 2165 430 2208 auditores,
450 2165 522 2199 nisi
542 2165 634 2199 infra
658 2165 705 2211 vij
733 2165 812 2199 dies
838 2164 946 2199 nobis
970 2164 1029 2199 vel
1053 2164 1271 2199 cancellario
1296 2164 1494 2198 Parisiensi
1519 2164 1690 2197 duxerint
1717 2163 1964 2204 revelandum,
1988 2162 2104 2196 nichi-

229 2231 391 2266 lominus
417 2232 628 2278 processuri
654 2238 779 2266 contra
807 2243 872 2266 eos
898 2243 964 2278 pro
992 2231 1165 2278 qualitate
1191 2231 1298 2277 culpe
1325 2231 1370 2265 ad
1398 2242 1511 2277 penas
1540 2230 1642 2271 alias,
1675 2237 1783 2276 prout
1807 2230 1870 2274 jus
1900 2229 2101 2270 dictaverit,

231 2298 463 2345 infligendas.
485 2297 634 2332 Librum
653 2298 760 2332 etiam
781 2312 798 2331 «
821 2299 874 2332 De
894 2310 1016 2332 amore
1039 2312 1071 2339 »,
1097 2298 1175 2332 sive
1196 2312 1213 2330 «
1235 2299 1288 2332 De
1310 2299 1387 2331 Deo
1407 2296 1566 2331 amoris⁸
1588 2311 1618 2337 n,
1646 2297 1709 2342 qui
1735 2296 1787 2330 sic
1813 2296 1940 2341 incipit.
1962 2307 1969 2329 ε
1993 2295 2104 2342 Cogit

231 2376 284 2400 me
302 2364 464 2406 multum,
484 2370 564 2407 etc.,
586 2371 622 2399 et
647 2364 700 2398 sic
726 2364 940 2399 terminatur
961 2376 968 2398 :
992 2365 1086 2399 Cave
1110 2365 1244 2410 igitur,
1270 2363 1429 2405 Galtere,
1456 2363 1594 2398 amoris
1617 2374 1781 2397 exercere
1806 2361 1987 2405 mandata,
2015 2368 2107 2403 etc.‚·

232 2431 317 2466 item
343 2430 476 2465 librum
504 2431 719 2466 Geomantie
732 2431 757 2473 ⁹,
786 2431 848 2477 qui
876 2431 928 2465 sic
956 2430 1113 2477 incipit:
1140 2431 1413 2465 Estimaverunt
1439 2429 1575 2470 Indi¹⁰,
1602 2435 1683 2471 eta,
1714 2435 1749 2462 et
1777 2429 1830 2463 sic
1860 2429 2074 2462 terminatur
2097 2440 2104 2462 :

232 2498 466 2533 Ratiocinare
483 2508 572 2544 ergo
589 2508 697 2543 super
714 2508 804 2539 eum,
825 2502 858 2532 et
880 2497 1046 2539 invem'es,
1067 2502 1147 2538 etc„
1170 2497 1254 2531 item
1274 2496 1404 2539 libros,
1425 2495 1566 2530 rotulos
1586 2507 1651 2530 seu
1678 2502 1876 2541 quaternos
1898 2495 2107 2541 nigroman-

234 2564 326 2598 ticos
351 2565 447 2598 aut¹¹
475 2564 706 2599 continentes
731 2564 977 2610 experimenta
1004 2563 1292 2610 sortilegiorum,
1321 2563 1572 2597 invocationes
1599 2562 1810 2604 demonum,
1839 2562 1917 2597 sive
1943 2563 2107 2608 conjura-

234 2630 353 2666 tiones
376 2631 414 2665 in
439 2630 641 2677 periculum
666 2631 880 2672 animarum,
909 2642 974 2665 seu
999 2630 1037 2665 in
1062 2629 1196 2677 quibus
1223 2630 1268 2664 de
1297 2628 1430 2664 talibus
1457 2636 1493 2663 et
1519 2629 1703 2663 similibus
1731 2629 1816 2663 fidei
1843 2628 2046 2663 orthodoxe
2073 2635 2109 2663 et

234 2696 342 2732 bonis
357 2697 522 2732 moribus
542 2698 731 2733 evidenter
746 2697 1024 2732 adversantibus
1045 2703 1228 2737 tractatur,
1246 2709 1311 2743 per
1330 2696 1481 2731 eandem
1499 2696 1715 2731 sententiam
1733 2702 1892 2730 nostram
1910 2696 2109 2742 condemp-

234 2776 376 2807 nemus,
410 2764 447 2798 in
477 2777 618 2808 omnes,
646 2765 708 2811 qui
738 2764 856 2799 dictos
886 2763 1040 2806 rotulos,
1072 2763 1201 2806 libros,
1230 2770 1428 2810 quaternos
1457 2763 1794 2810 dogmatizaverint,
1823 2769 1884 2797 aut
1913 2763 2106 2802 audierint,

235 2830 308 2866 nisi
336 2831 428 2865 infra
455 2831 504 2877 vij
534 2830 614 2866 dies
643 2830 751 2865 nobis
780 2830 838 2865 vel
867 2830 1084 2865 cancellario
1118 2830 1316 2865 I’arisiensi
1348 2830 1512 2875 predicto
1542 2829 1785 2864 revelaverint
1811 2841 1855 2863 eo
1883 2829 2004 2870 modo,
2035 2840 2107 2875 quo

236 2897 407 2943 superius
427 2904 484 2932 est
503 2909 730 2944 expressum,
760 2898 796 2932 in
825 2897 896 2931 hiis
923 2897 1070 2944 scriptis
1097 2896 1522 2931 excommunicationis¹¹
1549 2900 1766 2931 sententiam
1795 2897 2037 2942 proferentes,
2063 2895 2107 2928 ad

235 2963 324 2998 alias
344 2975 471 3011 penas,
496 2971 604 3010 prout
626 2964 785 3011 gravitas
811 2964 918 3011 culpe
944 2964 1121 3010 exegerit,
1150 2963 1410 2998 nichilominus
1436 2963 1660 3009 processuri.
1688 2963 1816 2997 Datum
1842 2974 1937 2996 anno
1964 2961 2108 2995 Domini
