2580 3528
243 416 340 457 1252]
585 426 633 448 ΑΒ
665 425 772 448 anno
806 425 883 448 uec
917 403 1050 454 usam:
1084 425 1133 447 An
1168 425 1398 447 ΡιιιιιΡΡυΜ
1432 425 1473 447 1v
1507 425 1596 448 nac..
1618 416 1769 448 rasae.
2051 419 2115 452 227

242 509 460 543 unanimiter
489 507 761 542 ordinaverunt.
793 507 901 551 Quod
930 507 962 541 si
991 507 1124 553 aliquis
1152 514 1277 540 contra
1307 507 1422 540 dictas
1451 519 1577 540 eorum
1608 507 1858 541 ordinationes
1886 510 2011 542 venire
2039 522 2115 555 pre-

241 575 452 621 sumpserit,
481 575 515 608 ei
544 574 754 614 societatem
784 586 885 608 suam
916 580 987 607 tam
1017 574 1054 607 in
1083 573 1275 619 principiis
1301 585 1408 619 quain
1434 573 1516 607 aliis
1544 574 1690 619 penitus
1720 574 1966 620 denegabunt.
1999 577 2043 608 Et
2071 576 2116 610 de

241 648 363 675 cetero
390 641 599 687 quicunque
626 640 870 674 bachellarius
895 640 1103 674 licentiatus
1133 640 1255 682 suerit,
1282 640 1313 674 si
1340 640 1542 685 requisitus
1567 640 1653 673 huic
1679 640 1901 674 ordinationi
1924 653 2115 675 assensum

242 714 404 754 prestare
425 707 597 749 noluerit,
625 719 643 741 a
671 707 858 741 consortio
879 707 1137 752 magistrorum
1164 707 1311 752 penitus
1332 706 1547 740 excludetur
1567 713 1602 740 et
1622 707 1741 740 eidem
1762 713 1831 740 tam
1853 708 1890 740 iu
1911 708 2116 754 principiis,

241 787 347 821 quam
368 774 455 808 alibi
475 774 720 820 magistralem
742 774 952 808 societatem
974 773 1221 819 denegabunt.
1250 775 1323 807 Hec
1344 780 1462 807 autem
1484 774 1649 807 ordinata
1670 780 1756 808 sunt
1774 787 1793 807 a
1814 774 1999 820 magistris
2020 775 2118 808 salva

242 842 279 875 in
299 841 471 875 omnibus
491 841 695 875 reverentia
722 847 758 874 et
782 841 991 875 obedientia
1013 841 1113 875 sedis
1133 840 1333 887 apostolice
1354 847 1390 874 et
1409 841 1575 883 aliorum,
1605 840 1740 886 quibus
1760 840 1912 874 obedire
1934 848 2116 875 tenentur.

242 909 340 942 Hanc
360 915 479 942 autem
498 908 766 942 ordinationem
786 908 1015 942 Universitas
1035 907 1260 954 approbavit,
1283 914 1319 941 et
1338 907 1453 953 sigilli
1473 907 1530 942 sui
1549 908 1748 941 munimine
1769 906 1965 942 roboravit.
1988 909 2117 942 Actum

242 987 337 1009 anno
357 975 503 1009 Domini
523 975 622 1010 MCC
644 975 949 1021 quinquagesimo
971 975 1102 1021 primo,
1124 986 1250 1008 mense
1270 974 1482 1008 Februario.

336 1082 399 1106 eod.
415 1082 472 1106 Vae.
490 1082 552 1114 neg.
568 1083 624 1110 406,
641 1082 685 1106 fol.
702 1083 741 1106 54.
758 1082 827 1106 Bibl.
843 1082 975 1114 Phillipps
996 1082 1023 1106 in
1038 1082 1220 1110 Cheltenham‚
1241 1090 1290 1105 ms.
1307 1082 1361 1110 876,
1378 1082 1423 1106 fol.
1440 1081 1496 1110 57¹¹,
1513 1081 1563 1105 sub
1578 1082 1655 1105 titulo
1674 1090 1757 1113 supra
1776 1082 1868 1106 relato.
1884 1095 1915 1099 —
1932 1082 2056 1111 Bulaeus,
2073 1083 2120 1111 ΙΙΙ,

242 1128 296 1151 245.
312 1140 344 1145 —
362 1126 499 1150 Contentio
515 1126 702 1150 Universitatis
717 1135 777 1150 cum
791 1126 1001 1150 Mendicantibus
1024 1134 1084 1150 cum
1103 1126 1152 1150 hoc
1174 1129 1281 1154 statuto,
1302 1126 1372 1158 quod
1394 1126 1473 1150 etiam
1493 1126 1563 1150 intra
1575 1130 1605 1149 n⁰
1625 1126 1671 1149 230
1687 1127 1831 1158 profertur,
1853 1126 1954 1158 incipit.
1971 1126 2121 1150 Secundum

243 1171 402 1203 magistrum
416 1171 566 1203 generalem
582 1171 756 1195 Humbertum
773 1170 978 1203 congregatione
992 1170 1156 1194 clandestina
1171 1171 1336 1203 praedictum
1352 1171 1486 1194 decretum
1500 1172 1649 1194 confectum
1664 1174 1711 1194 est.
1731 1170 1796 1194 Vide
1808 1170 1877 1194 infra
1890 1174 1920 1194 n⁰
1935 1171 1989 1195 272.

338 1273 360 1297 1.
379 1273 408 1297 ln
428 1273 500 1297 bulla
521 1273 635 1298 Parcus
655 1272 843 1298 scientiarum
860 1273 982 1305 Gregorii
998 1273 1031 1297 lx
1054 1274 1145 1304 (supra
1160 1277 1189 1296 n⁰
1204 1273 1242 1303 79)
1258 1281 1419 1304 expressum.
1435 1286 1467 1290 —
1484 1274 1506 1296 2.
1527 1273 1631 1296 Fratres
1654 1272 1851 1296 Pruedicatores
1870 1276 1973 1296 tantum
1988 1273 2123 1297 habebant

244 1317 354 1342 Parisiis
368 1318 435 1342 duaa
455 1317 560 1341 scholas
575 1317 738 1349 theologicas
753 1320 779 1341 et
791 1318 857 1341 duos
871 1318 1014 1349 magistros
1025 1320 1154 1349 regentes.
1171 1331 1202 1335 -—
1217 1318 1241 1341 3.
1257 1317 1320 1341 Cod.
1338 1317 1400 1349 Reg.
1414 1325 1420 1340 2
1438 1326 1450 1340 ι(
1467 1317 1548 1341 ardue
1564 1326 1586 1341 u.
1602 1330 1633 1335 -
1646 1318 1671 1341 4.
1687 1317 1750 1340 Codi
1769 1317 1831 1349 aeg.
1849 1325 1854 1340 :
1875 1325 1887 1340 a
1906 1317 2082 1342 nominaverit
2098 1326 2119 1342 r.

245 1537 357 1575 201.
382 1547 500 1574 Statula
515 1548 685 1574 artistarum
700 1548 828 1574 nationis
843 1547 1018 1583 anglicanae
1033 1547 1069 1574 de
1085 1546 1268 1573 baccalareis
1283 1547 1312 1573 in
1327 1547 1441 1573 artibus
1456 1546 1683 1573 determinandis
1699 1547 1727 1572 in
1746 1546 1987 1582 Quadragesima.

1320 1661 1394 1691 1252.
1410 1660 1492 1696 [ante
1506 1660 1639 1687 reomatis
1652 1661 1690 1691 16,
1705 1660 1812 1687 Pae-mis
1812 1660 1838 1695 J.

337 1758 445 1792 Anno
479 1757 523 1792 ab
550 1758 805 1792 incarnacione
840 1759 1044 1793 M⁰CC⁰LI⁰
1066 1758 1231 1804 magistri
1265 1758 1450 1791 nascionis
1487 1757 1677 1803 anglicane
1714 1758 1751 1790 in
1787 1757 1926 1791 artibus
1953 1765 2125 1804 regentes

247 1825 408 1858 Parisius
441 1837 507 1871 pro
542 1824 732 1859 honestate
766 1826 878 1860 studii
913 1832 949 1859 et
982 1825 1148 1859 doctrine
1183 1824 1375 1870 multiplici
1406 1825 1608 1870 profectum
1643 1824 1858 1870 reparando,
1895 1831 1931 1858 et
1960 1837 2024 1870 per
2058 1825 2125 1858 Dei

245 1891 398 1938 gratiam
425 1891 563 1937 absque
592 1892 840 1935 diminucione
866 1893 904 1926 in
929 1899 1118 1939 posterum
1143 1891 1404 1933 continuando,
1432 1890 1746 1925 bachellaruorum
1774 1891 1810 1924 in
1838 1891 1977 1924 artibus
2005 1891 2125 1925 deter-

246 1958 500 1992 minandorum
529 1958 567 1992 in
593 1958 885 2005 quadragesima,
921 1959 1017 1993 sicut
1045 1971 1125 1993 mos
1156 1965 1223 2001 est,
1255 1959 1407 1992 formam
1435 1958 1590 1992 inferius
1623 1964 1826 1991 annotatam
1862 1958 1906 1991 de
1941 1959 2125 1992 communi

246 2036 373 2059 eorum
403 2031 439 2059 et
467 2025 666 2071 proborum
696 2026 852 2060 consilio
883 2032 1099 2060 statuerunt.
1132 2026 1173 2059 In
1203 2025 1330 2071 primis
1360 2031 1574 2071 procurator
1608 2025 1711 2058 tactis
1742 2025 1983 2058 sacrosanctis
2016 2025 2127 2071 eligat

247 2091 354 2133 duos,
376 2103 469 2137 quos
489 2092 614 2126 credat
633 2104 716 2126 esse
738 2093 905 2127 utiliores
929 2093 974 2127 ad
995 2092 1206 2138 eligendum
1227 2092 1492 2126 examinatores
1514 2091 1911 2132 determinandoru1n¹,
1939 2092 2000 2138 qni
2022 2093 2125 2126 tactis

248 2158 490 2192 sacrosanctis
510 2159 637 2204 jurent
661 2159 759 2205 quod
785 2159 925 2206 eligent
948 2166 1022 2194 tres
1048 2160 1244 2206 magistros
1270 2159 1350 2192 sine
1375 2159 1461 2192 odio
1482 2158 1540 2192 vel
1561 2170 1683 2192 amore
1708 2158 1863 2204 alicujus
1888 2170 2045 2204 persone
2066 2165 2127 2192 aut

249 2225 360 2270 partis
387 2224 542 2270 alicujus
569 2237 635 2259 sue
663 2226 860 2266 nascionis,
889 2238 982 2272 quos
1012 2226 1209 2273 rigidiores
1234 2232 1270 2260 et
1296 2225 1463 2260 utiliores
1488 2226 1531 2259 ad
1558 2225 1834 2258 examinandum
1861 2225 2018 2258 fideliter
2043 2237 2125 2259 esse

248 2291 502 2337 cognoverint,
531 2292 647 2338 magis
677 2293 950 2338 promocionem
978 2299 1014 2327 et
1041 2292 1231 2326 utilitatem
1258 2292 1370 2326 studii
1395 2292 1606 2337 diligentes,
1635 2292 1756 2325 minus
1784 2303 1891 2337 prece
1917 2304 1981 2325 seu
2009 2292 2124 2337 pretio

250 2357 443 2391 flexibiles.
474 2358 545 2401 Qui
574 2365 650 2392 tres
680 2371 761 2392 cum
791 2359 926 2393 suerint
954 2359 1061 2393 electi
1091 2358 1260 2393 similiter
1287 2358 1390 2392 tactis
1417 2358 1659 2391 sacrosanctis
1684 2359 1811 2403 jurent
1841 2358 1937 2403 quod
1970 2358 2126 2392 fideliter

249 2423 506 2458 examinabunt
537 2431 573 2458 et
599 2437 679 2459 cum
716 2425 839 2472 rigore
871 2426 1066 2460 examinis*
1097 2425 1297 2472 procedent
1330 2425 1559 2458 licentiantes
1594 2425 1728 2469 dignos
1760 2431 1795 2458 et
1824 2424 2047 2458 sufficienter
2085 2436 2125 2458 se

249 2490 426 2525 habentes
460 2491 540 2525 sine
574 2492 659 2525 odio
693 2492 848 2538 alicujus
883 2504 1040 2539 persone
1073 2492 1130 2526 vel
1165 2492 1276 2538 partis
1311 2503 1376 2525 sue
1412 2491 1609 2532 nascionis,
1645 2491 1724 2524 sine
1760 2491 1864 2524 etiam
1897 2491 2031 2524 invidia
2065 2498 2127 2525 aut.

249 2557 372 2604 aliquo
392 2558 500 2591 animi
529 2570 680 2592 rancore
707 2558 763 2593 vel
789 2559 938 2594 alterius
967 2558 1239 2605 perturbatione
1265 2558 1424 2592 sinistra.
1453 2557 1720 2591 lnsussicienter
1745 2564 1861 2591 autem
1889 2569 1928 2591 se
1949 2557 2126 2591 habentes

250 2624 451 2658 secundum
493 2625 650 2671 rigorem
690 2626 891 2660 examinis’
929 2632 965 2659 et
1002 2625 1176 2671 indignos
1214 2625 1259 2658 ad
1298 2624 1564 2658 terminandum
1607 2623 1816 2658 resutabunt
1850 2624 1939 2657 nulli
1974 2625 2123 2670 gratiam

250 2690 437 2733 facientes,
466 2703 532 2725 nec
560 2692 647 2726 moti
678 2704 785 2738 prece
814 2705 879 2726 nec
907 2692 1036 2738 pretio,
1066 2704 1133 2726 nec
1161 2692 1303 2732 timore,
1333 2703 1398 2725 nec
1427 2703 1562 2731 amore,
1594 2702 1659 2724 seu
1690 2690 1807 2736 aliqua
1837 2690 1905 2724 alia
1934 2691 2125 2725 occasione

250 2756 308 2791 vel
342 2758 552 2804 acceptione
587 2771 825 2805 personarum
861 2759 1048 2794 indirecta.
1090 2759 1255 2805 Magistri
1293 2764 1411 2792 autem
1452 2763 1704 2803 presentantes
1739 2764 1774 2791 ct
1812 2757 1881 2803 ipsi
1916 2757 2124 2791 bachcllarii

252 2823 359 2858 fidem
389 2825 628 2871 corporaliter
657 2825 806 2868 dabunt,
837 2826 935 2873 quod
965 2838 1094 2873 preces
1124 2838 1190 2872 pro
1219 2824 1450 2859 bachellariis
1481 2836 1553 2858 non
1581 2824 1780 2864 ellundent,
1811 2836 1877 2857 nec
1904 2825 2053 2870 gratiam
2082 2824 2126 2858 ab

253 2891 572 2934 examinatoribus,
600 2904 667 2927 nec
693 2905 711 2927 a
739 2893 911 2927 nascione
938 2905 1003 2927 nec
1028 2892 1073 2927 ab
1098 2892 1342 2927 Universitatc
1369 2897 1504 2937 petent,
1532 2903 1598 2925 nec
1625 2902 1689 2937 per
1713 2902 1752 2924 se
1774 2902 1839 2924 nec
1862 2902 1925 2936 per
1945 2891 2048 2931 alios,
2072 2898 2124 2924 set

253 2955 411 3003 simplici
435 2958 548 2993 verbo
576 2960 859 2994 examinatorum
885 2960 1048 2994 credent.
1079 2959 1212 2993 Eadem
1240 2959 1345 2992 etiam
1372 2958 1457 2999 fide,
1483 2958 1580 3004 qnod
1606 2956 1846 2991 contumelias
1871 2969 1937 2990 nec
1964 2958 2125 2990 convicia
