2580 3528
470 392 536 425 442
1055 402 1374 425 ann'rnLAmun
1409 401 1600 426 umvsns.
1637 401 1766 424 PAms.
2250 393 2351 435 [1264
2398 408 2403 412 ·

472 475 626 519 eisdem,
648 482 684 509 et
704 475 735 509 si
754 475 847 509 forte
867 476 1106 522 incepissent,
1128 488 1192 509 eos
1219 475 1263 509 ab
1290 482 1370 509 actu
1395 475 1550 521 regendi
1575 475 1831 521 suspenderet,
1858 475 2068 522 dictumque
2094 476 2350 511 cancellarium

473 550 623 589 propter
651 542 720 576 hoc
750 543 923 576 canonica
953 555 1045 589 pena
1075 543 1232 589 puniret.
1263 544 1400 577 Verum
1429 542 1525 575 idem
1556 542 1753 588 episcopus
1783 554 1827 576 ex
1856 555 1900 576 eo
1930 544 2123 578 occasione
2151 548 2351 590 assumpta,

474 610 572 656 quod
598 622 672 643 non
699 617 776 644 erat
800 610 862 655 qui
887 616 1174 655 prosequeretur
1197 609 1409 654 hujusmodi
1434 609 1622 654 negotium
1648 620 1769 642 coram
1794 621 1852 652 eo,
1879 610 1918 643 in
1942 609 2024 656 ipso
2048 611 2198 658 negotio
2223 623 2353 657 proce-

475 677 563 710 dere
583 689 656 710 non
678 677 828 719 curavit,
851 676 977 722 sicque
1003 688 1070 709 nos
1096 676 1229 709 dilecto
1257 675 1333 708 filio
1357 701 1378 708 ..
1402 675 1539 708 decano
1564 675 1789 710 Tornacensi
1810 687 1922 722 super
1940 676 2010 711 hoc
2031 677 2101 711 sub
2121 684 2219 712 certa
2238 678 2353 712 forma

475 750 619 777 nostras
648 743 787 777 litteras
817 743 987 776 duximus
1014 742 1238 788 dirigendas.
1266 742 1358 775 Sane
1385 741 1482 774 idem
1513 741 1673 775 decanus
1693 754 1712 775 a
1732 741 1804 775 fine
1832 742 1992 778 diocesis
2016 744 2236 779 Parisiensis
2258 744 2354 779 ultra

476 810 566 844 duas
588 810 703 843 dietas
722 816 885 843 remotus
907 809 1041 851 existit,
1062 815 1126 843 etc.
1150 814 1189 842 ut
1206 819 1318 853 supra
1338 813 1375 841 n⁰
1392 809 1471 850 399,
1488 819 1593 854 usque
1613 809 1649 842 in
1658 808 1803 854 finem‘.
1821 810 1900 843 Dat.
1918 810 2014 856 apud
2030 811 2166 845 Urbem
2181 813 2352 846 Veterem

475 878 508 922 vj
532 877 600 910 kal.
622 877 721 918 Julii,
744 888 839 909 anno
860 876 980 909 tertio.

570 975 633 1006 Reg.
650 975 708 998 Vat.
725 974 826 998 Urbani
841 974 874 997 lv
889 982 931 997 an.
948 975 961 997 3
975 973 1013 1005 (110
1028 974 1076 1004 29),
1093 981 1134 1005 ep.
1151 973 1195 996 711
1211 973 1284 1005 (891),
1301 973 1346 996 fol.
1364 972 1434 996 18912.

571 1059 593 1082 1.
617 1059 642 1082 Is
663 1062 702 1082 est
724 1059 793 1082 idem
813 1062 892 1090 atque
911 1059 956 1082 lvo
971 1058 1045 1081 Brito
1060 1058 1130 1081 infra
1145 1062 1175 1081 n⁰
1189 1058 1243 1086 414,
1260 1061 1286 1081 et
1300 1059 1413 1081 fortasse
1428 1058 1498 1081 idem
1513 1058 1584 1090 apud
1603 1057 1733 1087 (mex-ard,
1751 1058 1830 1084 Cart.
1848 1059 1882 1084 de
1900 1054 2015 1090 Fquise
2030 1061 2230 1091 Notre-Dame,
2255 1061 2276 1091 l,
2295 1061 2355 1091 175;

478 1104 510 1132 11,
527 1104 566 1132 64,
583 1104 642 1132 537;
661 1103 707 1132 ΙΙΙ,
727 1104 781 1131 257,
803 1103 836 1126 ad
854 1111 913 1126 ann.
936 1103 1006 1131 1269,
1023 1103 1092 1131 1271,
1108 1106 1166 1131 etc„
1183 1102 1343 1126 nominatus.
1356 1115 1388 1120 -—
1400 1103 1424 1126 2.
1443 1103 1516 1126 Anno
1537 1103 1595 1126 1271
1618 1102 1645 1126 in
1663 1103 1850 1128 cancellarium
1865 1103 2043 1129 Parisiensem
2062 1105 2153 1135 electo,
2169 1106 2202 1130 de
2221 1114 2272 1138 quo
2286 1105 2357 1131 inst·

478 1152 506 1171 n⁰
523 1149 577 1171 437.
593 1161 624 1165 --
640 1149 661 1171 3,
680 1147 802 1171 Guidoni.
818 1161 849 1164 —
861 1148 884 1170 [ι.
902 1147 1023 1179 Exceptis
1039 1147 1143 1170 duabus
1158 1147 1316 1170 lectionibus
1331 1147 1497 1170 variantibus
1512 1147 1611 1171 nullius
1627 1147 1761 1172 momenti.

476 1328 571 1365 401
581 1357 589 1365 .
619 1338 750 1364 Urbanus
766 1339 782 1363 Ι
786 1339 810 1364 V
818 1337 943 1364 Iohanni
957 1337 993 1364 de
1011 1338 1175 1364 Curtiniaco
1195 1337 1276 1374 apud
1289 1338 1387 1365 sedem
1402 1338 1594 1375 apostolicam
1610 1338 1772 1374 theologiae
1788 1347 1905 1376 operam
1925 1339 2009 1367 danti
2023 1344 2179 1377 proventus
2204 1340 2357 1377 beneficio-

566 1396 628 1413 rum
641 1396 757 1413 suorum
773 1386 902 1413 concedit
914 1386 1037 1423 perinde
1051 1396 1087 1413 ac
1101 1388 1129 1414 si
1142 1387 1268 1414 Parisiis
1278 1388 1356 1423 juris
1369 1387 1502 1414 canonici
1516 1388 1613 1414 studio
1629 1388 1792 1415 institisset.

1528 1460 1602 1490 1264.
1618 1460 1689 1487 duni!
1698 1461 1745 1491 28,
1760 1462 1830 1494 apud
1842 1460 1930 1488 Urbem
1946 1462 2070 1488 Veterem.

566 1537 583 1569 J
589 1535 721 1568 ohanni
743 1534 788 1567 de
809 1534 1019 1568 Curtiniaco
1040 1534 1228 1580 capellano
1249 1541 1390 1577 nostro,
1412 1534 1593 1580 capicerio
1611 1535 1881 1570 Aurelianensi.
1901 1537 2113 1582 Apostolice
2135 1537 2235 1572 sedis
2254 1537 2359 1572 beni-

478 1589 703 1647 gnitas-illos
724 1601 894 1647 specialis
919 1601 1054 1635 favoris
1079 1601 1326 1635 benivolentia
1352 1602 1527 1647 prosequi
1552 1603 1745 1637 consuevit
1764 1603 1826 1648 qui
1846 1602 1963 1636 nobili
1982 1604 2152 1650 prosapia
2173 1604 2242 1638 orti
2262 1604 2360 1639 litte-

479 1681 598 1702 rarum
621 1669 771 1702 scientia
792 1680 914 1702 mores
935 1668 1142 1714 insigniunt
1162 1675 1198 1702 et
1217 1669 1406 1702 scientiam
1430 1668 1667 1703 laudabilium
1693 1682 1836 1704 morum
1860 1670 2050 1705 honestate
2072 1671 2256 1705 decorant.
2279 1671 2359 1706 Hiis

479 1737 591 1782 igitur
614 1736 651 1769 iu
677 1742 710 1769 te
738 1742 886 1781 paterna
916 1735 1212 1769 consideratione
1242 1736 1404 1781 pensatis
1434 1748 1628 1782 personam
1654 1743 1751 1770 tuam
1781 1736 2028 1772 benivolentia
2054 1738 2204 1784 speciali
2230 1750 2361 1785 prose-

480 1803 625 1849 quimur
650 1815 800 1848 eamque
826 1803 1051 1836 intendimus
1076 1803 1272 1849 condignis
1297 1803 1425 1849 gratiis
1449 1803 1643 1837 honorare.
1667 1804 1758 1838 Hinc
1784 1811 1852 1847 est,
1875 1805 1974 1850 quod
1993 1816 2061 1839 nos
2082 1806 2155 1839 tuis
2176 1805 2360 1852 supplica-

479 1870 641 1904 tionibus
662 1870 825 1904 inclinati
845 1870 1057 1904 auctoritate
1078 1869 1144 1903 tibi
1165 1870 1390 1916 presentium
1411 1870 1661 1916 indulgemus,
1684 1877 1723 1905 ut
1742 1883 1808 1918 pro
1830 1878 2007 1918 tempore,
2029 1884 2101 1918 quo
2122 1884 2188 1918 pro
2209 1873 2359 1919 negotio

480 1938 670 1971 electionis
692 1937 736 1970 de
758 1944 791 1970 te
813 1938 850 1970 in
872 1937 1043 1970 Remensi
1064 1937 1219 1971 ecclesia
1239 1937 1439 1972 celebrate¹
1460 1938 1561 1972 fuisti
1586 1938 1682 1984 apud
1706 1939 1830 1972 sedem
1854 1939 2089 1985 apostolicam
2116 1947 2360 1974 commoratus

482 2005 663 2038 studendo
701 2004 837 2037 ibidem
872 2004 909 2037 in
943 2003 1150 2050 theologica
1188 2005 1374 2047 facultate,
1409 2005 1549 2039 fructus
1589 2005 1754 2039 redditus
1788 2012 1824 2039 et
1857 2012 2056 2052 proventus
2095 2006 2357 2041 beneficiorum

482 2079 625 2105 tuorum
647 2071 978 2104 ecclesiasticorum
999 2084 1081 2104 cum
1103 2083 1144 2105 ea
1164 2072 1373 2118 integritate
1399 2073 1590 2118 percipere
1614 2072 1748 2115 valeas,
1770 2085 1851 2106 cum
1880 2085 1950 2118 qua
1976 2073 2061 2107 illos
2081 2074 2305 2119 perciperes,
2327 2074 2360 2108 si

482 2151 546 2184 per
566 2139 662 2171 idem
684 2145 827 2184 tempus
842 2139 944 2184 juxta
963 2138 1144 2172 indultum
1170 2139 1270 2172 sedis
1295 2139 1495 2184 apostolice
1521 2139 1682 2173 Parisius
1697 2139 1794 2185 juris
1813 2140 1979 2173 canonici
2001 2140 2122 2174 studio
2143 2140 2357 2175 institisses.

483 2207 561 2239 Non
592 2205 822 2239 obstantibus
849 2205 1042 2238 contrariis
1069 2205 1400 2239 consuetudinibus
1425 2206 1483 2240 vel
1513 2206 1657 2240 statutis
1683 2206 1934 2249 ecclesiarum,
1955 2207 1994 2240 in
2020 2207 2155 2253 quibus
2182 2207 2359 2242 beneficia

484 2272 627 2306 obtines
648 2272 868 2317 supradicta,
893 2273 1102 2318 juramento
1131 2272 1407 2306 confirmatione
1437 2273 1537 2306 sedis
1566 2273 1729 2319 predicte
1760 2285 1825 2307 seu
1856 2286 2073 2320 quacunque
2100 2274 2168 2308 alia
2192 2274 2360 2309 firmitate

483 2339 623 2373 vallatis
654 2346 689 2372 et
718 2339 879 2384 qualibet
908 2339 1003 2373 dicte
1038 2339 1138 2372 sedis
1172 2339 1400 2385 indulgentia
1431 2339 1712 2386 quibuscunque
1746 2352 1933 2383 concessa,
1966 2353 2031 2387 per
2064 2354 2171 2387 quam
2210 2341 2361 2376 effectus

485 2406 694 2451 hujusmodi
719 2407 834 2452 gratie
860 2406 1029 2452 impediri
1055 2406 1172 2440 valeat
1194 2406 1253 2440 vel
1280 2407 1419 2440 differri
1444 2414 1480 2440 et
1504 2407 1549 2441 de
1569 2420 1638 2453 qua
1659 2408 1696 2441 in
1717 2408 1853 2442 nostris
1874 2408 2006 2442 litteris
2028 2405 2198 2454 specialis
2225 2409 2361 2443 mentio

487 2473 534 2506 sit
552 2473 729 2506 habenda.
752 2473 850 2506 Nulli
871 2485 974 2519 ergo,
1001 2478 1082 2515 etc.,
1104 2480 1230 2507 nostre
1255 2474 1521 2516 concessionis,
1548 2479 1612 2509 etc.
1636 2476 1713 2508 Dat.
1736 2475 1832 2520 apud
1861 2475 1998 2509 Urbem
2018 2477 2189 2510 Veterem
2216 2475 2267 2521 iiij
2290 2475 2360 2510 kal.

486 2539 585 2581 Julii,
607 2552 700 2572 anno
721 2540 840 2574 tertio.

583 2638 644 2669 ch·¹
662 2638 718 2661 vat,
737 2638 836 2661 Urbani
857 2639 890 2662 lv
904 2647 945 2662 an.
963 2640 977 2662 3
992 2638 1030 2670 (n0
1045 2639 1093 2671 29),
1114 2648 1155 2671 ep.
1173 2641 1218 2663 708
1241 2641 1315 2670 (888),
1337 2640 1382 2663 sol.
1399 2640 1452 2663 189.
1475 2640 1503 2663 In
1523 2639 1635 2671 epistola
1656 2639 1775 2672 sequenti
1797 2639 1880 2664 abbas
1897 2640 1923 2663 S.
1947 2639 2072 2665 Germani
2086 2640 2118 2663 de
2133 2639 2219 2663 Pratis
2234 2639 2361 2664 Parisien.

489 2685 658 2705 conservator
672 2682 848 2706 constituitur.

584 2766 605 2789 1.
623 2766 755 2789 Johannes
776 2767 806 2789 de
823 2767 972 2790 Curtininco
991 2768 1045 2798 jam
1066 2768 1117 2791 isto
1138 2772 1256 2800 tempore
1276 2769 1302 2792 in
1325 2769 1554 2801 archiepiscopum
1574 2770 1728 2793 Remensem
1747 2769 1855 2798 electus,
1872 2772 1959 2793 tamen
1974 2772 2084 2801 propter
2099 2772 2160 2792 vota
2175 2768 2364 2800 capitularium

490 2810 584 2838 divisa,
602 2818 660 2833 cum
686 2819 737 2833 una
761 2819 823 2841 pars
849 2811 1028 2842 Guillelmum,
1044 2812 1084 2835 tit.
1107 2813 1132 2836 S.
1154 2813 1234 2836 Marci
1256 2813 1345 2845 presb.
1367 2814 1449 2843 card.‚
1474 2814 1606 2846 elegisset,
1627 2822 1679 2837 non
1701 2817 1761 2837 ante
1781 2814 1810 2837 15
1830 2814 1895 2838 Julii
1917 2822 1959 2839 an.
1977 2814 2038 2837 1266
2062 2817 2091 2837 ut
2112 2813 2329 2845 archiepiscopus
2349 2821 2365 2836 a

491 2855 623 2878 Clemente
639 2855 671 2877 lv
684 2855 853 2878 confirmatus
870 2859 917 2879 est.
934 2856 997 2887 ch.
1013 2857 1070 2879 Yat.
1087 2857 1228 2881 Clementis
1243 2858 1277 2882 lV
1293 2860 1331 2888 (ιιο
1343 2859 1392 2889 32),
1409 2867 1450 2882 an.
1469 2860 1491 2887 2,
1507 2867 1547 2891 ep.
1564 2860 1603 2882 99.
1617 2859 1742 2887 Mostene,
1761 2859 1839 2883 Thes.
1855 2865 1919 2883 nov.
1937 2859 2046 2887 anecd.y
2062 2858 2096 2888 Il,
2112 2859 2166 2882 367.

617 3011 654 3033 56.
