2618 3640
503 427 546 461 60
1087 439 1407 461 CHARTULAMUM
1442 439 1634 461 UNivmis.
1672 439 1800 460 rmus.
2283 428 2383 469 [1200

505 512 730 557 potuerimus
757 525 822 558 per
849 512 979 546 bonam
1008 512 1296 558 inquisitionem,
1325 512 1382 546 vel
1405 513 1554 557 justicie
1580 519 1704 546 nostre
1733 512 1940 558 intelligere
1968 512 2165 558 potuerint,
2194 512 2293 558 quod
2320 511 2381 545 ille

502 579 559 612 cui
586 579 784 625 imponitur
808 580 936 613 fecerit
962 579 1053 613 illud
1078 580 1296 621 forifactum,
1323 580 1441 613 statim
1467 580 1551 613 inde
1579 580 1753 613 faciemus
1774 579 1958 624 justiciam
1984 580 2061 613 sive
2082 579 2231 624 justicie
2257 585 2381 613 nostre

501 646 569 679 hoc
590 646 722 680 facient
742 647 943 680 secundum
965 647 1172 692 qualitatem
1194 653 1229 680 et
1248 647 1394 680 modum
1416 647 1582 687 forifacti,
1606 659 1680 679 non
1701 646 1868 680 obstante
1888 658 1944 688 eo,
1972 646 2070 692 quod
2092 646 2299 680 malefactor
2320 646 2381 679 ille

500 713 631 746 sactum
666 713 826 759 negabit,
861 713 920 747 vel
954 714 1052 759 quod
1087 714 1183 747 dicet
1216 725 1255 747 se
1290 720 1451 758 paratum
1482 725 1563 747 esse
1595 713 1792 746 defendere
1823 725 1862 746 se
1893 725 1958 758 per
1987 701 2288 755 monomachiam,
2323 713 2381 747 vel

501 792 658 825 purgare
685 791 749 825 per
771 780 950 825 judicium
977 792 1080 825 aque.
1109 781 1276 813 Preterea
1303 780 1512 825 prepositus
1538 787 1663 813 noster
1691 779 1748 813 vel
1770 780 1919 824 justicie
1940 787 2064 814 nostre
2085 792 2151 825 pro
2172 780 2274 813 nullo
2295 780 2382 813 sori-

502 847 593 880 facto
627 846 664 880 in
698 847 874 880 scolarem
910 859 1054 880 manum
1089 847 1243 888 mittent,
1280 858 1346 879 nec
1382 846 1418 879 in
1448 847 1651 892 captionem
1686 853 1846 879 nostram
1881 847 2037 887 mittent,
2073 847 2144 880 nisi
2177 847 2381 880 forifactum

500 913 652 947 scolaris
681 913 751 947 tale
780 914 897 947 visum
926 913 1036 946 fuerit
1065 920 1104 946 ut
1133 912 1264 946 debeat
1292 913 1483 953 arrestari,
1516 919 1549 945 et
1578 919 1662 945 tunc
1690 912 1882 946 arrestabit
1909 925 1991 946 eum
2016 913 2164 958 justicia
2191 919 2314 946 nostra
2346 913 2382 946 in

500 980 627 1013 eodem
649 980 730 1014 loco
752 974 831 1014 sine
853 980 951 1013 omni
972 979 1223 1024 percussione,
1247 979 1317 1012 nisi
1339 991 1378 1012 se
1399 979 1617 1019 defenderit,
1640 985 1673 1012 et
1695 979 1825 1012 reddet
1845 991 1926 1012 eum
1950 979 2099 1026 justicie
2121 979 2381 1022 ecclesiastice,

500 1058 570 1091 que
605 1059 685 1079 eum
721 1046 906 1080 custodire
941 1046 1050 1079 debet
1083 1057 1148 1091 pro
1183 1046 1438 1079 satisfaciendo
1469 1045 1577 1079 nobis
1612 1052 1645 1078 et
1680 1045 1848 1090 injuriam
1884 1057 2003 1091 passo.
2042 1047 2085 1079 Et
2113 1046 2144 1079 si
2178 1046 2382 1079 forifactum

498 1114 636 1158 grande
661 1114 778 1147 visum
804 1113 925 1154 fuerit,
953 1112 1020 1145 ibit
1043 1112 1101 1146 vel
1127 1112 1244 1145 mittet
1265 1112 1412 1156 justicia
1438 1118 1563 1145 nostra
1588 1119 1627 1145 ut
1652 1112 1771 1145 videat
1793 1112 1880 1157 quid
1902 1112 1946 1146 de
1973 1112 2105 1146 scolari
2130 1112 2203 1146 fiet.
2233 1113 2270 1146 Si
2294 1125 2382 1147 vero

498 1192 536 1212 se
568 1179 719 1213 scolaris
749 1192 828 1212 non‘
851 1178 1056 1212 defenderit
1085 1179 1122 1212 in
1151 1179 1390 1212 arrestatione
1421 1179 1482 1212 illa
1511 1185 1546 1212 et
1572 1179 1741 1224 injuriam
1773 1191 1903 1224 passus
1932 1179 2054 1221 fuerit,
2084 1192 2152 1213 nos
2179 1179 2382 1213 secundum

499 1246 694 1291 predictam
716 1246 991 1291 inquisitionem
1018 1253 1053 1279 et
1078 1258 1142 1291 per
1163 1246 1410 1291 juramentum
1437 1245 1640 1291 predictum
1663 1245 1793 1279 exinde
1815 1246 1990 1279 ultionem
2012 1247 2210 1291 capiemus.
2236 1246 2294 1279 Ad
2314 1245 2381 1280 hec

498 1313 532 1345 in
554 1312 704 1359 capitale
726 1313 986 1346 Parisiensium
1008 1312 1203 1346 scolarium
1224 1325 1290 1358 pro
1311 1312 1412 1345 nullo
1433 1312 1598 1346 forifacto
1621 1312 1769 1357 justicia
1791 1319 1915 1346 nostra
1937 1325 2080 1346 manum
2102 1313 2240 1355 mittet;
2263 1313 2329 1346 sed
2350 1312 2382 1347 si
2408 1334 2410 1337 .

495 1380 614 1413 visum
643 1380 753 1413 suerit
781 1379 872 1413 illud
901 1392 983 1413 esse
1013 1379 1277 1421 arrestandum,
1310 1392 1374 1424 per
1399 1379 1585 1424 justiciam
1616 1379 1899 1412 ecclesiasticam
1931 1379 2169 1413 arrestabitur
2199 1386 2235 1413 et
2263 1391 2382 1413 arres-

497 1454 606 1480 tatum
634 1447 874 1485 custodietur,
904 1453 943 1480 ut
967 1447 1012 1480 de
1039 1446 1102 1480 illo
1127 1447 1270 1492 capitali
1296 1446 1356 1479 fiat
1381 1446 1479 1492 quod
1505 1459 1570 1492 per
1595 1446 1786 1479 ecclesiam
1815 1447 1924 1479 suerit
1951 1446 2113 1492 legitime
2136 1446 2379 1491 judicatum?

496 1514 602 1557 Quod
633 1514 663 1547 si
694 1514 755 1547 tali
782 1513 870 1547 hora
897 1514 1033 1546 suerint
1059 1513 1219 1547 scolares
1254 1514 1419 1547 arrestati
1447 1525 1465 1547 a
1494 1513 1681 1558 preposito
1710 1520 1849 1554 nostro,
1880 1513 1978 1558 quod
2006 1525 2078 1546 non
2113 1514 2231 1559 possit
2265 1512 2382 1547 eccle-

496 1581 639 1614 siastica
662 1579 809 1626 justicia
831 1581 987 1614 inveniri
1007 1580 1065 1614 vel
1086 1581 1205 1614 statim
1226 1580 1365 1617 haberi,
1392 1581 1496 1614 saciet
1523 1580 1733 1626 prepositus
1754 1586 1881 1613 noster
1901 1580 1938 1613 in
1958 1580 2077 1625 aliqua
2098 1580 2251 1614 scolaris
2273 1580 2381 1614 domo

497 1648 645 1681 eosdem
674 1648 754 1681 sine
781 1648 879 1681 omni
906 1647 1037 1692 injuria
1065 1647 1160 1680 sicut
1186 1660 1295 1693 supra
1323 1647 1457 1681 dictum
1487 1647 1565 1681 est*
1593 1647 1785 1685 custodiri,
1814 1647 1931 1680 donec
1956 1647 2105 1692 justicie
2133 1647 2381 1681 ecclesiastice

497 1714 693 1747 tradantur.
727 1715 779 1747 De
807 1714 1053 1748 servientibus
1080 1714 1182 1748 laicis
1210 1714 1404 1748 scolarium
1438 1715 1500 1759 qui
1528 1727 1601 1747 non
1629 1713 1763 1747 debent
1796 1713 2031 1759 burgensiam
2065 1713 2173 1747 nobis
2202 1714 2260 1747 vel
2290 1714 2382 1748 resi-

496 1782 668 1823 dentiam,
690 1793 757 1815 nec
777 1782 901 1815 vivunt
919 1781 963 1814 de
984 1782 1197 1815 mercaturis
1219 1789 1251 1815 et
1274 1781 1370 1814 unde
1392 1781 1552 1815 scolares
1574 1793 1647 1814 non
1668 1781 1797 1814 saciant
1819 1781 1987 1826 injuriam
2009 1781 2083 1822 alii,
2106 1781 2158 1814 sic
2179 1781 2261 1823 erit,
2283 1780 2382 1826 quod

496 1847 532 1881 in
554 1848 607 1882 eis
629 1860 772 1881 manum
794 1860 868 1881 non
889 1848 1073 1881 mittemus
1094 1861 1160 1881 nec
1181 1849 1327 1894 justicia
1350 1855 1487 1889 nostra,
1514 1848 1586 1881 nisi
1611 1848 1815 1881 forifactum
1838 1860 2017 1893 apparens
2039 1848 2205 1890 feceriut,
2233 1854 2382 1893 propter

497 1915 594 1960 quod
615 1915 652 1948 in
674 1927 737 1949 eos
758 1914 956 1948 debeamus
977 1927 1122 1948 manum
1144 1915 1286 1948 mittere
1312 1915 1369 1948 vel
1390 1915 1537 1960 justicia
1558 1922 1693 1948 nostra.
1722 1916 1792 1948 Pro
1818 1921 1945 1947 tenore
1972 1915 2153 1960 siquidem
2182 1913 2379 1960 privilegii,

497 1982 594 2027 quod
629 1981 832 2016 scolaribus
867 1982 1136 2015 parisiensibus
1171 1982 1406 2023 contulimus,
1443 1982 1615 2015 nolumus
1652 1988 1687 2014 ut
1718 1981 1885 2015 canonici
1921 1981 2148 2014 Parisienses
2183 1986 2219 2014 et
2253 1992 2381 2014 eorum

497 2049 699 2082 servientes
726 2049 763 2082 in
789 2049 858 2082 hoc
887 2049 1080 2094 privilegio
1108 2049 1373 2089 contineantur,
1403 2049 1469 2082 sed
1496 2048 1665 2082 volumus
1698 2055 1733 2081 ut
1763 2047 1966 2081 servientes
1993 2047 2252 2081 canonicorum
2284 2047 2382 2080 Pari-

497 2115 673 2149 siensium
702 2123 737 2149 et
763 2116 928 2161 ejusdem
955 2116 1041 2150 ville
1068 2116 1233 2149 canonici
1261 2116 1425 2149 eamdem
1451 2115 1655 2148 libertatem
1682 2114 1850 2156 habeant,
1880 2127 1986 2160 quam
2016 2114 2068 2147 cis
2097 2114 2381 2159 predecessores

498 2181 613 2215 nostri
639 2182 834 2216 observare
860 2182 1079 2224 debuerunt,
1106 2189 1141 2215 et
1166 2194 1233 2216 nos
1260 2182 1397 2215 eisdem
1424 2181 1619 2215 observare
1646 2181 1836 2214 debemus.
1870 2181 2072 2214 Occasione
2098 2187 2216 2214 autem
2243 2181 2382 2226 predic-

498 2256 611 2282 tarum
643 2250 925 2283 conventionum
956 2249 1014 2283 vel
1045 2250 1236 2282 occasione
1267 2249 1376 2294 hujus
1405 2256 1502 2282 carte
1533 2249 1569 2282 in
1600 2261 1744 2282 causam
1775 2248 1867 2281 trahi
1903 2260 1976 2281 non
2007 2247 2208 2294 poterimus
2243 2247 2315 2281 nisi
2345 2246 2382 2281 in

499 2317 634 2349 curiam
656 2323 828 2350 nostram.

592 2384 636 2417 Ut
658 2390 776 2416 autem
802 2383 868 2416 hec
895 2383 1035 2417 cautius
1061 2383 1313 2417 custodiantur
1344 2390 1377 2416 et
1405 2382 1526 2416 stabili
1554 2383 1821 2428 imperpetuum
1847 2383 1931 2427 jure
1960 2382 2150 2415 firmentur
2176 2378 2381 2423 statuimus,

500 2457 535 2482 ut
563 2451 772 2495 prepositus
800 2462 895 2483 nunc
923 2457 1049 2484 noster
1076 2457 1112 2483 et
1138 2450 1296 2496 populus
1323 2450 1540 2483 Parisiensis
1569 2449 1688 2483 omnia
1717 2462 1787 2495 que
1816 2449 1978 2494 predicta
2007 2455 2092 2482 sunt
2118 2449 2154 2481 in
2183 2454 2382 2494 conspectu

500 2514 692 2547 scolarium
714 2527 754 2548 se
775 2514 869 2548 bona
890 2515 961 2548 fide
983 2522 1191 2549 servaturos
1214 2516 1422 2560 juramento
1447 2514 1675 2547 confirment.
1704 2515 1747 2547 Et
1773 2514 1817 2547 de
1842 2519 1963 2547 cetero
1991 2525 2136 2558 semper
2161 2513 2382 2558 quicumque

501 2581 656 2614 officium
683 2582 913 2626 prepositure
939 2582 1156 2615 Parisiensis
1181 2581 1507 2615 administrandum
1533 2594 1551 2615 a
1577 2581 1685 2614 nobis
1711 2581 1904 2626 acceperit,
1933 2580 2027 2613 inter
2051 2579 2129 2625 ipsa
2151 2578 2382 2625 prepositure

501 2660 565 2680 sue
596 2647 708 2689 initia,
741 2648 922 2681 dominica
950 2649 1090 2682 scilicet
1117 2649 1230 2694 prima
1258 2648 1314 2682 vel
1343 2648 1514 2688 seconda,
1546 2649 1581 2681 in
1613 2660 1681 2681 una
1711 2647 1947 2681 ecclesiarum
1976 2645 2250 2687 Parisiensium,
2282 2651 2382 2691 post-

501 2727 605 2760 quam
628 2714 758 2747 exinde
779 2715 1022 2748 summonitus
1043 2715 1165 2757 fuerit,
1191 2727 1309 2748 coram
1332 2715 1536 2748 scolaribus
1556 2715 1717 2759 predicta
1744 2714 1863 2747 omnia
1885 2725 1923 2746 se
1945 2712 2039 2746 bona
2061 2712 2132 2745 fide
2154 2718 2381 2746 servaturum

501 2780 646 2826 publice
683 2781 890 2827 juramento
934 2781 1173 2814 confirmabit.
1219 2782 1297 2823 Que
1342 2788 1380 2814 ut
1424 2788 1633 2826 perpetuam
1675 2780 1863 2813 obtineant
1900 2778 2132 2813 stabilitatem
2173 2784 2382 2824 presentem

503 2847 669 2893 paginam
691 2846 804 2893 sigilli
825 2847 940 2881 nostri
966 2848 1176 2880 auctoritate
1203 2854 1237 2880 et
1265 2848 1355 2892 regii
1382 2848 1540 2879 nominis
1567 2847 1749 2880 karactere
1776 2846 1928 2879 inferius
1954 2852 2124 2878 annotato
2151 2845 2382 2890 precepimus

502 2914 720 2947 confirmari.

590 2982 719 3014 Actum
747 2981 843 3027 apud
869 2981 1122 3022 Bestisiacum,
1151 2993 1244 3014 anno
1274 2981 1447 3014 incarnati
1472 2979 1585 3014 Verbi
1615 2979 1811 3013 millesimo
1841 2979 2107 3021 ducentesimo,
2133 2976 2239 3024 regni
2265 2978 2381 3011 nostri
