2580 3528
263 411 361 454 1256]
602 422 649 444 ΑΒ
683 423 790 445 Anno
824 423 902 445 mcc
938 422 1070 451 usoua
1105 423 1154 444 AD
1188 423 1418 445 emmenum
1454 423 1494 446 iv
1529 424 1617 446 aaa.
1655 424 1792 446 rasse.
2070 416 2135 449 341

261 488 297 516 et
316 488 523 524 retractent,
550 483 751 516 asserendo
771 489 981 516 constanter
1001 482 1221 516 contrarium
1243 489 1279 516 et
1298 483 1404 516 etiam
1426 483 1662 528 predicando.
1690 484 1795 527 Quod
1822 485 1853 516 si
1876 497 1947 517 non
1969 486 2134 527 fecerint,

260 560 305 588 ex
333 554 418 582 tunc
447 555 572 582 contra
601 561 666 582 eos
695 549 739 582 ad
769 549 1039 595 suspensionis,
1072 549 1458 583 excommunicationis
1488 556 1523 582 et
1551 556 1725 595 perpetue
1753 550 1967 595 privationis
1997 550 2134 584 benefi-

259 614 397 649 ciorum
424 627 573 649 suorum
601 615 934 649 ecclesiasticorum
963 616 1164 650 sententias
1189 616 1270 650 sine
1296 616 1495 661 cujuslibet
1518 616 1773 662 appellationis
1801 616 1990 650 obstaculo
2016 618 2134 651 effica-

258 681 350 716 citer
392 682 610 728 procedatis,
655 682 768 716 laicos
811 682 857 716 de
899 682 968 716 hoc
1011 682 1214 728 culpabiles
1256 682 1314 716 vel
1357 683 1518 716 fautores
1561 683 1771 728 hujusmodi
1816 684 2132 729 presumptionum

258 748 574 783 animadversione
608 748 729 782 debita
764 749 1021 795 percellentes,
1056 749 1236 783 carissimi
1271 750 1307 782 in
1342 749 1489 784 Christo
1524 749 1589 783 filii
1628 750 1745 783 nostri
1783 777 1803 783 ..
1841 750 1995 783 illustris
2034 751 2133 796 regis

259 815 408 849 Francie
437 815 481 849 ad
510 815 579 849 hoc
609 815 639 849 si
669 828 824 850 necesse
853 816 963 850 suerit
988 816 1122 850 auxilio
1150 817 1329 850 invocato.
1358 817 1466 860 Quod
1492 817 1524 850 si
1550 829 1624 850 non
1652 829 1780 850 omnes
1809 816 1880 850 hiis
1907 818 2132 862 exequendis

258 882 450 928 potueritis
481 882 676 924 interesse,
711 883 783 916 duo
812 890 974 917 vestrum
1005 895 1045 917 ea
1076 883 1337 917 nichilominus
1368 890 1604 929 exequantur.
1637 885 1763 917 Datum
1795 884 1962 930 Anagnie
1991 884 2028 929 iij
2061 884 2129 918 kal.

257 948 487 989 Novembris,
508 948 740 995 pontificatus
761 950 878 984 nostri
898 962 992 983 anno
1014 950 1190 984 secunde.

350 1046 464 1071 Litterae
483 1046 598 1071 insertae
616 1047 724 1071 chartae
743 1047 842 1072 Odonis
867 1047 1061 1080 archiepiscopi
1085 1048 1286 1080 Rotomagensis
1309 1051 1335 1072 et
1353 1048 1492 1080 Reginaldi
1507 1047 1627 1080 episcopi
1647 1048 1804 1072 parisiensis
1826 1057 1868 1072 nn.
1885 1049 1955 1077 1256,
1972 1049 2030 1073 Dec.
2049 1049 2087 1078 31,
2104 1049 2131 1073 in

256 1090 332 1114 Arch.
349 1093 402 1114 nat.
425 1091 510 1116 Paris.
526 1091 559 1114 M.
581 1092 611 1115 87
620 1090 641 1120 ⁸,
657 1095 686 1114 n⁰
699 1092 738 1115 40.
755 1091 820 1115 Vide
839 1091 909 1116 infra
923 1096 953 1115 11⁰
967 1093 1021 1116 297.
1043 1092 1160 1116 Alterum
1178 1093 1300 1118 vidimus
1320 1092 1395 1116 electi
1410 1092 1546 1116 Cusentini
1567 1100 1608 1116 an.
1626 1092 1688 1116 1256
1702 1092 1729 1116 in
1749 1092 1825 1116 Areh.
1842 1093 1944 1124 depart.
1962 1093 1994 1116 de
2012 1093 2036 1116 la
2053 1093 2131 1117 Gete-

255 1134 327 1163 d'or,
347 1135 424 1159 tond-
448 1134 636 1164 Dominicains,
658 1135 739 1160 liasse
755 1137 812 1160 930.
825 1149 858 1154 ——
871 1136 934 1160 cod.
950 1136 1039 1168 privil.
1057 1136 1120 1161 ord.
1137 1137 1200 1161 Min.
1215 1137 1248 1160 ad
1268 1137 1332 1162 Ord.
1348 1137 1421 1161 Serv.
1438 1137 1537 1161 Mariae
1550 1137 1695 1168 pertinens,
1720 1137 1766 1160 ubi
1786 1137 1967 1169 praemittitur
1988 1145 1994 1161 t
2018 1146 2029 1161 n
2050 1137 2131 1170 Regi-

255 1179 350 1203 naldus
365 1178 534 1203 miseratione
548 1179 639 1203 divina
653 1180 737 1204 Paris.
753 1180 895 1212 episcopus
913 1180 1044 1205 universis
1059 1184 1195 1213 presentes
1211 1181 1313 1205 litteras
1328 1181 1488 1214 inspecturis
1510 1181 1623 1205 salutem
1638 1181 1664 1204 in
1682 1181 1792 1205 Domino
1808 1190 1829 1205 n.
1849 1182 1877 1205 In
1893 1182 1944 1205 fine
1957 1190 1963 1205 2
1980 1190 1992 1205 (ι
2009 1182 2035 1205 in
2052 1182 2131 1214 hujus

254 1223 338 1256 igitur
361 1223 532 1256 inspectionis
556 1224 737 1248 testimonium
761 1224 880 1257 sigillum
904 1228 1024 1249 nostrum
1046 1225 1214 1257 presentibus
1239 1226 1362 1250 duximus
1384 1226 1580 1258 apponendum.
1605 1226 1701 1250 Datum
1725 1226 1796 1258 apud
1816 1226 1842 1250 S.
1869 1226 2043 1250 Clodoaldum
2062 1234 2130 1250 anno

255 1267 359 1292 Domini
373 1267 495 1293 HCCLVI
508 1268 575 1292 feria
584 1268 610 1301 vj
625 1272 686 1300 post
699 1269 795 1293 festum
811 1269 838 1293 S.
853 1269 932 1293 Lucie
947 1269 1059 1301 virg-inis
1075 1278 1087 1293 n
1103 1269 1144 1301 (15
1157 1270 1237 1300 nem).

348 1352 370 1376 1.
385 1352 466 1376 Sedes
478 1351 714 1384 archiepiscopalis
728 1356 791 1376 tunc
805 1353 933 1385 temporis
948 1353 1067 1378 vacabat.
1080 1354 1144 1378 Vide
1159 1362 1242 1386 supra
1254 1355 1288 1378 ad
1302 1358 1332 1378 n0
1344 1355 1398 1383 290,
1414 1363 1441 1379 n.
1457 1356 1479 1379 2.
1491 1356 1561 1379 :2
1577 1354 1727 1380 Occurrunt
1738 1356 1843 1388 aliquae
1857 1356 1982 1379 lectiones
1997 1356 2130 1380 variantes

253 1396 352 1421 nullius
367 1396 501 1426 momenti,
519 1400 627 1429 excepta
641 1397 770 1421 sententia
785 1405 791 1421 2
810 1406 822 1421 α
837 1401 864 1422 ct
877 1401 968 1421 contra
982 1406 1027 1422 eos
1043 1397 1242 1422 determinando
1258 1399 1284 1422 in
1306 1399 1395 1427 scolis,
1415 1399 1642 1431 predicationibus
1662 1403 1688 1424 et
1706 1400 1770 1423 alibi
1786 1404 1934 1424 asserentes
1956 1409 2130 1432 presumpse-

252 1443 315 1465 runt
329 1448 352 1470 s,
367 1445 418 1466 etc.

252 1589 365 1628 295.
390 1598 515 1626 Litterae
543 1599 735 1636 capitulorum
763 1599 950 1627 ecclesiarum
981 1600 1195 1628 cathedralium
1221 1602 1389 1638 provinciae
1418 1602 1567 1629 Remensis
1591 1603 1632 1629 ad
1657 1602 1856 1629 Alexandrum
1879 1603 1926 1638 IV,
1952 1606 1982 1628 ut
2005 1611 2129 1639 poenam

339 1647 487 1683 magistris
508 1651 537 1675 et
558 1647 740 1675 scholaribus
763 1649 859 1676 Paris.
879 1649 1049 1686 specialiter
1075 1649 1224 1677 Guillelmo
1246 1650 1283 1677 de
1305 1653 1333 1678 S.
1350 1652 1463 1687 Amore,
1490 1651 1583 1678 Odoni
1606 1651 1641 1678 de
1664 1653 1773 1686 Duaeo,
1798 1651 1919 1678 Nicolao
1941 1651 1978 1678 de
1992 1653 2085 1678 Barro
2101 1655 2130 1678 et

342 1696 505 1724 Christiano
519 1696 686 1724 Belvacemi
700 1697 840 1734 inflictam
855 1697 977 1726 relaxet.

1535 1750 1609 1781 1256,
1625 1757 1716 1778 moneo
1731 1749 1841 1777 Octobri.

341 1829 576 1864 Sanctissimo
606 1830 698 1876 patri
726 1843 766 1864 ac
795 1831 944 1865 domino
978 1831 1185 1866 Alexandro
1220 1833 1287 1866 Dei
1320 1833 1435 1879 gratia
1465 1845 1607 1868 summo
1638 1834 1815 1880 pontifici,
1845 1840 1880 1867 et
1914 1833 2129 1868 reverendis

251 1895 415 1942 patribus
445 1903 675 1931 sacrosancte
709 1898 869 1931 Romane
898 1897 1054 1933 ecclesie
1080 1899 1328 1933 cardinalibus
1354 1899 1538 1934 universis
1565 1901 1685 1934 omnia
1705 1900 1861 1947 capitula
1889 1899 2128 1934 ecclesiarum

250 1961 509 1997 cathedralium
540 1963 727 2009 provincie
755 1965 961 2007 Remensis,
991 1977 1146 2011 quorum
1177 1965 1299 2012 sigilla
1329 1966 1565 2012 presentibus
1595 1974 1681 2001 sunt
1709 1979 1882 2013 appensa,
1913 1979 1994 2000 cum
2030 1965 2129 2000 omni

250 2029 466 2071 reverentia,
489 2028 697 2064 obedientia
717 2037 754 2064 et
771 2029 912 2065 honore
938 2031 1071 2077 pedum
1098 2032 1223 2066 oscula
1250 2032 1452 2067 beatorum.
1474 2035 1611 2067 Parens
1631 2034 1864 2068 scientiarum
1888 2033 1985 2079 paris
2006 2033 2130 2067 nescia

251 2094 413 2129 Parisius
435 2094 546 2130 velud
569 2095 681 2131 altera
709 2096 947 2132 Cariatheffer
966 2098 1040 2143 (sic)
1061 2098 1197 2145 cyvitas
1221 2099 1422 2133 litterarum
1448 2100 1543 2134 clara
1568 2100 1692 2142 claret,
1720 2113 1848 2146 magna
1873 2100 2034 2146 quidem,
2062 2099 2127 2134 sed

251 2161 296 2194 de
316 2172 356 2194 se
377 2161 511 2207 majora
530 2162 615 2196 facit
638 2163 754 2209 optari
779 2163 998 2198 docentibus
1024 2171 1060 2199 et
1084 2165 1294 2200 dicentibus
1315 2167 1390 2211 (sic)
1409 2167 1582 2213 gratiosa,
1605 2167 1642 2200 in
1663 2179 1733 2213 qua
1753 2167 1879 2212 utique
1900 2173 2068 2212 tanquam
2090 2166 2127 2200 in

250 2226 402 2273 oflicyna
421 2227 598 2274 sapientie
619 2229 769 2275 speciali
788 2229 898 2264 habet
921 2238 1112 2278 argentum
1138 2244 1312 2267 venarum
1341 2245 1487 2267 suarum
1514 2233 1690 2280 principia
1712 2240 1747 2267 et
1765 2246 1854 2267 auro
1875 2233 1978 2266 locus
1999 2239 2067 2275 est,
2090 2232 2128 2266 in

250 2305 322 2339 quo
354 2293 422 2328 rite
452 2294 644 2337 conflatur,
671 2307 714 2329 ex
743 2295 878 2342 quibus
908 2297 1107 2343 prudentes
1141 2298 1278 2344 eloquii
1309 2299 1448 2346 mistici·
1476 2299 1687 2334 murenulas
1717 2312 1844 2333 aureas
1874 2299 2128 2333 vermiculatas

249 2365 402 2405 argento
429 2360 606 2395 cudentes
634 2367 669 2395 et
695 2361 914 2397 fabricantes
944 2363 1106 2398 monillia
1126 2371 1251 2399 ornata
1272 2365 1455 2411 lapidibus
1484 2366 1736 2412 preciosisque
1758 2365 1867 2398 immo
1890 2365 1981 2398 nulli
2003 2365 2127 2411 precio

249 2426 502 2472 comparandis
521 2436 692 2474 sponsam
718 2428 855 2463 Christi
875 2428 1050 2464 decorant
1068 2437 1104 2464 et
1123 2430 1309 2465 decorant.
1332 2430 1386 2465 lbi
1407 2432 1542 2466 serrum
1566 2432 1610 2466 de
1632 2439 1726 2466 terra
1748 2431 1899 2474 tollitur,
1929 2432 2011 2478 quia
2039 2431 2125 2466 dum

247 2498 391 2526 terrena
423 2492 600 2540 fragilitas
629 2495 842 2529 fortitudine
872 2495 1062 2538 solidatur,
1093 2496 1205 2530 lorica
1234 2497 1332 2540 fidei,
1367 2497 1514 2544 gladius
1543 2498 1695 2544 spiritus
1725 2505 1761 2532 et
1796 2505 1928 2541 cetera,
1964 2498 2050 2532 inde
2084 2498 2124 2532 fit

247 2557 444 2593 christiane
473 2559 601 2594 militie
627 2567 819 2604 armatura,
841 2569 971 2608 potens
995 2563 1173 2597 adversus
1197 2575 1323 2598 aereas
1347 2570 1558 2610 potestates.
1589 2565 1631 2599 Et
1655 2564 1748 2611 lapis
1773 2563 1893 2599 calore
1919 2564 2062 2599 solutus
2087 2564 2125 2598 in

247 2636 288 2659 es
311 2625 476 2668 vertitur,
503 2626 587 2672 quia
615 2627 725 2661 corda
754 2628 896 2674 lapidea
925 2628 1044 2663 Sancti
1074 2630 1231 2676 Spiritus
1259 2630 1375 2664 afflata
1400 2631 1558 2674 fervore,
1585 2631 1669 2665 dum
1695 2631 1825 2665 ardent
1848 2631 2063 2674 incendunt,
2090 2637 2127 2666 et

247 2689 340 2726 fiunt
357 2692 605 2738 predicatione
626 2705 759 2728 sonora
780 2695 1046 2740 preconizantia
1067 2695 1195 2731 laudes
1215 2696 1366 2732 Christi.
1384 2698 1503 2742 Quare
1525 2709 1598 2732 non
1619 2704 1676 2732 est
1695 2696 1862 2740 dubium,
1882 2697 1970 2744 quin
1991 2699 2068 2732 Deo
2089 2704 2126 2732 et

246 2756 456 2793 hominibus
480 2759 640 2806 graviter
663 2760 890 2807 displiceret,
918 2762 1087 2809 quisquis
1114 2763 1150 2797 in
1175 2764 1329 2810 cyvitate
1355 2763 1518 2811 predicta
1545 2764 1697 2811 gratiam
1726 2771 1795 2799 tam
1821 2764 2004 2811 insignem
2035 2765 2124 2799 nite-

247 2830 347 2859 retur
373 2824 556 2860 ullatenus
582 2826 788 2862 disturbare
813 2828 872 2862 vel
898 2828 1190 2864 disturbantibus
1215 2842 1255 2864 se
1281 2842 1346 2877 pro
1371 2830 1513 2865 viribus
1540 2843 1613 2865 non
1638 2838 1842 2878 opponeret
1865 2838 1901 2865 et
1925 2832 2121 2878 patenter'.

246 2890 337 2926 Cum
365 2890 478 2938 igitur
503 2891 732 2928 dissentione
756 2894 853 2929 inter
878 2895 1008 2930 fratres
1036 2895 1288 2931 predicatores
1313 2904 1349 2931 et
1370 2896 1534 2944 predicte
1559 2898 1724 2945 cyvitatis
1752 2898 1949 2944 magistros
1979 2904 2014 2932 et
2042 2909 2124 2932 sco-

246 2954 342 2991 lares
375 2957 512 2993 dudum
546 2958 702 3006 dyabolo
736 2960 934 3008 instigante
967 2969 1104 3006 exorta,
1135 2975 1206 3009 que
1236 2963 1383 3010 quidem
1417 2964 1531 3011 quieti
1570 2964 1794 2999 studentium
1830 2963 1937 2999 vitam
1978 2963 2124 3010 pariens
