2618 3640
488 416 531 449 74
1073 423 1393 446 cuAnTULAmUM
1429 421 1620 443 UNlVERS.
1658 420 1787 442 PAms.
2267 411 2365 452 [1212

488 499 735 532 ecclesiastica
764 499 1016 544 compescatis.
1053 498 1159 541 Quod
1190 497 1221 530 si
1250 508 1323 529 non
1358 507 1486 528 omnes
1520 494 1591 527 hiis
1625 494 1850 539 exequendis
1881 494 2074 539 potueritis
2103 494 2298 536 interesse,
2328 501 2365 528 tu

487 567 598 599 frater
631 566 803 611 episcope
843 578 924 598 cum
964 577 1089 598 eorum
1124 564 1237 597 altero
1272 575 1312 595 ea
1348 561 1607 595 nichilominus
1642 561 1846 606 exequaris.
1883 562 1961 594 Dat.
1998 561 2163 594 Laterani
2197 561 2258 606 xiij
2294 561 2363 594 kal.

489 632 691 674 Februarii,
713 632 944 678 pontificatus
965 632 1080 664 nostri
1101 643 1196 663 anno
1217 630 1305 674 xiiij.

581 732 619 755 Ex
638 731 814 755 instrumento
829 739 918 754 mense
934 729 1075 753 Novembri
1092 729 1152 751 1213
1168 728 1201 751 nb
1216 727 1341 759 episcopo
1355 727 1473 750 Hervaeo
1485 727 1608 751 Treccnsi
1623 728 1750 756 consecto,
1762 726 1832 750 infra
1842 731 1871 750 n⁰
1882 727 1920 750 18.
1931 740 1963 744 —
1973 728 2049 759 Apud
2063 727 2192 752 Jourdain
2207 731 2237 751 n⁰
2252 728 2282 751 13
2296 730 2322 751 et
2336 727 2365 751 15

487 784 627 807 perperam
642 784 710 799 anno
726 776 787 799 1210
802 775 952 798 ascribitur.

582 861 603 884 1.
622 860 664 883 Sic
679 860 705 883 in
721 859 816 883 litteris
832 868 847 882 a
866 860 943 882 Petro
958 859 1083 890 episcopo
1100 858 1178 887 (infra
1199 861 1228 880 n⁰
1242 857 1281 887 16)
1297 857 1402 885 relatis;
1419 857 1446 880 in
1460 857 1600 889 exscriptis
1616 865 1679 881 vero
1698 857 1732 880 ab
1748 857 1866 880 Hervaeo
1886 857 1924 880 sic
1938 856 2037 888 legitur
2052 864 2058 880 t
2077 875 2082 880 .
2103 875 2108 880 .
2127 856 2274 881 venerabili
2288 856 2365 880 fratri

487 905 611 936 episcopo
626 908 651 928 et
666 904 768 927 dilectis
784 904 846 927 filiis
862 904 891 926 N.
909 904 1007 926 decano
1023 906 1049 925 et
1065 921 1069 925 .
1091 921 1095 925 .
1113 902 1300 925 archidiacono
1315 902 1422 925 Trecen.
1438 910 1450 924 ))
1461 915 1493 919 -—
1503 903 1525 925 2.
1542 902 1676 925 Johannes
1692 902 1724 925 de
1739 901 1871 930 Candelis,
1885 902 1917 925 de
1932 909 1984 933 quo
1998 901 2120 925 Albi-icus
2135 901 2227 924 Trium
2242 901 2364 925 Fontium

488 950 573 978 (Mon.
595 949 685 973 Germ.
708 949 798 976 XXIII,
816 948 871 977 891)
888 947 938 970 sub
958 955 1027 970 anno
1047 947 1108 969 1209
1124 954 1129 969 ’.
1148 955 1160 968 ι(
1176 947 1239 969 Post
1260 946 1447 969 cancellarium
1468 946 1646 969 Parisiensem
1665 946 1824 977 magistrum
1844 946 2049 977 Prepositinum,
2069 945 2157 969 virum
2176 945 2362 975 venerabilem,

486 993 591 1016 natione
606 992 792 1020 Lombnrdum,
814 991 859 1023 qui
875 991 936 1015 fecit
954 991 1068 1022 optimos
1085 999 1220 1014 sermones
1235 994 1261 1013 et
1275 991 1405 1022 quasdam
1419 990 1543 1022 postillae
1564 990 1754 1014 sententiarum
1772 990 1840 1020 (vide
1855 998 1937 1021 supra
1952 993 2028 1021 parte
2043 990 2139 1013 introd.
2156 990 2190 1013 ad
2205 994 2235 1013 n⁰
2249 990 2298 1020 10),
2315 989 2365 1014 suit

486 1037 660 1061 cancellarius
676 1037 782 1068 quidam
798 1035 926 1067 magister
941 1035 1074 1059 Johannes
1091 1035 1122 1058 dc
1137 1035 1271 1063 Candelis,
1287 1038 1312 1058 et
1326 1038 1388 1066 post
1404 1043 1464 1058 eum
1480 1035 1609 1066 magister
1623 1034 1774 1066 Stephanus
1789 1035 1905 1058 decanus
1921 1034 2065 1059 Remensis.
2082 1043 2094 1057 n

488 1239 561 1275 15.
586 1248 766 1273 Innocentius
792 1249 839 1273 III
859 1247 899 1273 ad
921 1247 1097 1274 Johannem⁴
1124 1247 1259 1274 abbatem
1285 1249 1311 1273 S.
1336 1247 1455 1274 Victoris
1476 1247 1654 1273 Parisiensis
1676 1255 1711 1273 ne
1731 1246 1879 1273 scholares
1898 1246 2091 1282 parisienses,
2110 1246 2160 1282 qui
2181 1246 2255 1273 alibi
2276 1255 2363 1282 quam

570 1297 695 1322 Parisiis
710 1305 812 1322 manus
829 1296 977 1332 injecerint
993 1296 1131 1323 violentas
1148 1297 1176 1322 in
1192 1296 1319 1332 clericos,
1338 1296 1484 1323 absolvere
1496 1300 1676 1333 praesumat.

1674 1399 1743 1429 1212,
1758 1399 1877 1425 danum-ii
1886 1399 1931 1429 23,
1946 1399 2073 1425 Laterani.

569 1488 700 1521 Abbati
729 1489 764 1521 S.
793 1488 953 1522 Victoris
980 1488 1210 1521 Parisiensis.
1239 1488 1339 1521 Sicut
1371 1500 1414 1520 ex
1440 1487 1571 1521 litteris
1599 1488 1671 1520 tuis
1700 1500 1817 1533 nuper
1849 1487 2069 1533 accepimus,
2098 1499 2178 1520 eum
2205 1487 2292 1520 olim
2317 1499 2361 1520 ex

480 1562 579 1599 parte
607 1555 823 1588 dilectorum
851 1555 1009 1588 filiorum
1038 1555 1232 1588 scolarium
1261 1555 1521 1588 Parisiensium
1549 1554 1657 1588 nobis
1684 1555 1794 1588 suerit
1819 1554 2005 1588 humiliter
2035 1554 2290 1600 supplicatum,
2322 1561 2362 1588 ut

480 1634 558 1654 cum
588 1623 768 1655 interdum
796 1634 920 1655 eorum
948 1622 1059 1667 aliqui
1087 1634 1130 1655 ex
1155 1629 1277 1655 mutua
1303 1622 1500 1667 injectione
1528 1634 1697 1655 manuum
1727 1622 1763 1654 in
1791 1633 1966 1655 canonem
1993 1622 2154 1655 incidant
2179 1622 2360 1655 sententie

479 1689 720 1734 promulgate,
749 1701 815 1734 pro
843 1701 911 1734 qua
939 1689 1018 1722 sine
1046 1689 1147 1734 gravi
1175 1689 1370 1734 dispendio
1398 1695 1432 1722 et
1459 1689 1651 1734 presertim
1680 1689 1759 1722 sine
1787 1688 1969 1722 scolastici
2000 1688 2111 1721 studii
2140 1688 2359 1722 detrimento

479 1767 551 1788 non
572 1763 724 1800 possent
743 1756 786 1789 ad
808 1756 1042 1801 apostolicam
1066 1756 1190 1788 sedem
1212 1755 1398 1797 accedere,
1427 1767 1538 1800 super
1563 1755 1631 1788 hoc
1652 1755 1887 1801 dignaremur
1908 1755 2046 1788 eisdem
2073 1755 2360 1789 misericorditer

479 1822 671 1866 providere
695 1834 701 1855 z
725 1835 793 1855 nos
820 1822 885 1855 tibi
914 1822 1082 1855 dedimus
1110 1822 1147 1855 in
1175 1822 1365 1862 mandatis,
1394 1829 1433 1855 ut
1459 1834 1541 1855 cum
1570 1834 1673 1855 esses
1700 1834 1718 1855 a
1746 1821 1880 1855 talibus
1908 1822 2121 1866 requisitus,
2147 1814 2359 1855 auctoritate

478 1895 600 1921 nostra
627 1889 798 1922 suffultus
821 1890 922 1934 juxta
948 1890 1097 1922 formam
1125 1889 1280 1922 ecclesie
1305 1888 1548 1922 absolutionis
1575 1889 1628 1922 eis
1654 1900 1787 1921 munus
1813 1888 2059 1933 impenderes,
2090 1895 2125 1921 et
2144 1888 2358 1933 injungeres

477 1955 581 2000 ipsis,
604 1956 701 2000 quod
722 1955 932 2000 hujusmodi
953 1956 1145 1989 consuevit
1165 1956 1322 2001 injungi,
1344 1956 1415 1989 nisi
1435 1956 1557 1989 forsan
1580 1962 1649 1989 tam
1671 1955 1792 2001 gravis
1814 1962 1913 1988 esset
1933 1962 1968 1988 et
1988 1955 2148 1988 enormis
2170 1966 2356 1997 excessus,

478 2022 575 2067 quod
601 2022 730 2055 merito
757 2029 905 2068 propter
933 2035 1014 2055 cum
1042 2022 1220 2055 deberent
1244 2022 1287 2055 ad
1315 2022 1439 2055 sedem
1467 2022 1702 2068 apostolicam
1729 2021 1906 2055 laborare.
1930 2023 1983 2055 Tu
2010 2033 2098 2055 vero
2119 2021 2358 2066 quorumdam

478 2089 632 2134 consilio
652 2090 892 2122 asserentium
915 2089 1091 2122 beneficia
1113 2089 1317 2134 principum
1344 2089 1519 2122 latissime
1544 2090 1621 2122 sore
1647 2088 1930 2134 interpretanda,
1953 2087 2157 2121 scolaribus
2178 2087 2359 2121 Parisien-

478 2154 594 2197 sibus,
621 2156 681 2200 qui
703 2156 904 2189 inciderant
926 2156 963 2188 in
984 2156 1195 2201 hujusmodi
1216 2167 1406 2197 canonem,
1434 2167 1665 2200 quocumque
1691 2155 1772 2188 loco
1794 2154 1993 2199 injiciendo
2014 2161 2150 2187 temere
2172 2166 2300 2188 manus
2321 2154 2359 2188 in

477 2221 631 2255 clericos
665 2222 856 2259 violentas,
887 2224 987 2267 juxta
1022 2223 1172 2256 sormam
1212 2222 1449 2267 prescriptam
1484 2221 1727 2255 absolutionis
1761 2220 1979 2254 beneficium
2019 2220 2243 2266 impendisti.
2284 2222 2358 2255 Nos

476 2288 588 2333 igitur
615 2288 686 2322 hiis
713 2289 846 2322 auditis
873 2290 916 2322 de
945 2296 1003 2323 tua
1032 2302 1104 2322 non
1131 2289 1316 2335 potuimus
1342 2289 1533 2334 prudentia
1554 2301 1628 2322 non
1653 2288 1789 2330 mirari,
1815 2288 1913 2333 quod
1938 2287 1982 2321 ad
2003 2288 2055 2321 sic
2076 2287 2358 2333 intelligendum

476 2354 614 2388 litteras
635 2363 778 2389 nostras
798 2363 898 2389 tuum
919 2357 1077 2389 animum
1099 2356 1296 2397 inclinasti,
1322 2368 1402 2389 cum
1430 2356 1467 2388 in
1493 2356 1631 2389 eisdem
1657 2355 1789 2388 litteris
1815 2367 1889 2388 non
1915 2355 2055 2388 dicatur
2075 2353 2271 2389 inciderint
2291 2354 2358 2388 sed

477 2422 637 2456 incidant
664 2423 699 2455 in
727 2435 903 2456 canonem
932 2424 1112 2457 sententie
1140 2423 1368 2468 promulgate
1398 2435 1404 2455 :
1435 2430 1475 2455 ut
1502 2423 1546 2456 de
1573 2422 1647 2455 illis
1676 2422 1766 2456 solis
1795 2422 2020 2467 intelligatur
2047 2420 2264 2463 scolaribus,
2294 2421 2356 2466 qui

476 2489 636 2522 Parisius
663 2490 860 2523 existentes
885 2490 1095 2535 hujusmodi
1121 2490 1351 2523 committunt
1375 2502 1577 2523 excessum.
1605 2490 1783 2533 Quocirca
1812 2489 2037 2534 presentium
2059 2488 2124 2521 tibi
2143 2488 2355 2522 auctoritate

477 2555 701 2596 mandamus,
733 2557 903 2600 quatinus
933 2556 1093 2589 scolares
1124 2556 1207 2589 illos
1238 2556 1429 2590 absolvere
1459 2557 1503 2589 de
1538 2563 1659 2589 cetero
1695 2568 1768 2589 non
1798 2567 2001 2601 presumas,
2035 2554 2097 2599 qui
2130 2553 2217 2587 alibi
2247 2566 2353 2599 quam

475 2621 636 2653 Parisius
662 2622 780 2654 taliter
804 2622 1049 2667 deliquerunt,
1079 2623 1200 2656 sciens
1221 2623 1318 2668 quod
1339 2623 1392 2655 illi
1418 2635 1483 2668 pro
1509 2622 1687 2656 absolutis
1711 2621 1837 2655 haberi
1865 2634 1938 2655 non
1963 2620 2111 2662 debent,
2133 2623 2244 2665 quos'
2268 2620 2355 2653 alibi

477 2686 733 2732 delinquentes
761 2700 865 2732 quam
892 2689 1053 2721 Parisius
1079 2689 1282 2730 absolvisti,
1309 2701 1389 2722 cum
1417 2689 1461 2722 de
1487 2689 1622 2722 talibus
1647 2688 1783 2722 nullam
1809 2688 1995 2733 acceperis
2016 2693 2243 2732 potestatem.
2274 2687 2352 2720 Dat.

476 2754 641 2786 Laterani
662 2766 683 2786 x
704 2753 772 2786 kal.
796 2753 997 2795 Februarii,
1019 2755 1250 2799 pontificatus
1271 2755 1387 2788 nostri
1408 2767 1502 2788 anno
1524 2754 1809 2800 quartodecimo.

569 2851 631 2882 Reg.
648 2851 704 2874 Vat.
722 2851 866 2874 Innocentii
882 2852 918 2874 III
933 2859 974 2874 an.
993 2852 1030 2880 14,
1047 2860 1088 2883 ep.
1106 2852 1159 2880 150,
1177 2853 1220 2875 fol.
1239 2852 1288 2875 79¹¹.
1305 2865 1337 2869 —
1352 2852 1475 2880 Bulaeus,
1493 2853 1538 2880 111,
1555 2853 1593 2875 63.
1611 2853 1687 2883 Apud
1702 2851 1832 2876 Jourdain
1851 2856 1880 2874 n⁰
1902 2852 1930 2875 14
1947 2852 2014 2875 salso
2034 2859 2103 2874 anno
2124 2851 2185 2874 1210
2200 2851 2351 2875 ascribitur.

569 2936 590 2958 1.
614 2935 792 2967 Cognomento
808 2935 999 2958 Theutonicum
1020 2935 1187 2965 (1203-1229),
1210 2935 1255 2966 qui
1280 2943 1331 2958 non
1354 2936 1532 2959 confundatur
1553 2945 1613 2959 cum
1635 2937 1733 2960 celebri
1754 2936 1891 2960 canonista
1913 2939 1938 2959 et
1960 2936 2108 2967 glossatore
2135 2935 2230 2959 decret.
2256 2943 2351 2958 coaevo

474 2980 594 3004 Johanne
608 2979 778 3003 Thcutonico.
793 2993 825 2997 —
839 2980 862 3003 2.
879 2980 940 3010 Reg.
958 2987 964 3002 z
984 2990 992 2999 ι
1008 2979 1077 3010 quod
1096 2989 1116 3003 ι.

601 3024 639 3048 10.
