2580 3528
461 399 527 431 300
1042 404 1360 428 anRTULAnlvM
1395 402 1586 425 amvi-:as
1623 401 1753 423 rmus.
2232 390 2332 433 [1255

462 493 567 527 quam
599 480 828 515 obstantibus
858 480 1066 513 nullatenus
1092 477 1331 524 postponatis.
1364 476 1470 519 Quod
1497 475 1527 508 si
1557 486 1630 508 non
1655 474 1761 507 ambo
1786 473 1859 508 hiis
1887 475 2112 520 exequendis
2138 475 2331 521 potueritis

460 548 653 589 interesse,
675 547 764 580 alter
783 553 944 580 vestrum
965 558 1006 579 ea
1026 544 1285 578 nichilominus
1306 548 1515 587 exequatur.
1539 542 1617 574 Dat.
1641 540 1809 574 Laterani
1828 541 1876 586 vij
1898 540 1948 574 id.
1966 541 2193 584 Decembris,
2216 541 2331 588 ponti—

461 618 588 652 ficatus
609 618 725 651 nostri
745 629 838 650 anno
860 617 989 662 primo.

555 714 690 746 originale
710 714 735 737 in
757 714 832 737 Arch.
853 716 905 737 nat,
927 712 1011 736 Paris.
1035 712 1062 735 L.
1086 712 1139 739 249,
1165 715 1194 733 n0
1214 710 1250 733 58.
1278 709 1426 740 Supersunt
1447 708 1492 731 filu
1514 708 1625 732 cannah.
1649 709 1678 732 In
1700 708 1856 732 membrana
1875 717 1991 733 aversa:
2013 717 2025 733 «
2040 709 2238 734 Predicatorum
2258 718 2282 734 ι).
2301 723 2332 729 —-

461 759 583 788 Bulaeus,
601 759 646 788 ΙΙΙ,
663 759 716 789 294,
733 758 780 781 hus
795 758 896 780 litteras
911 765 962 779 non
978 757 1011 779 ad
1028 755 1138 779 verbum
1153 757 1235 777 notat.
1247 753 1343 784 Ripoll,
1360 753 1438 777 Bull.
1453 752 1518 778 Ord.
1534 752 1650 783 Praed.,
1666 753 1687 783 1,
1702 753 1757 777 289.

555 843 577 866 1.
599 843 684 873 Supra
703 845 732 864 n⁰
751 842 805 864 248.
825 854 855 858 —
881 841 902 863 2.
919 840 957 863 Ex
978 847 1028 870 quo
1049 838 1117 862 sicut
1135 846 1165 862 ex
1185 836 1364 868 sequentibus,
1385 839 1414 860 ut
1434 836 1562 868 conjicere
1585 844 1738 868 possumus,
1763 840 1875 869 apparet
1894 846 1993 870 papam
2014 838 2117 862 litteras
2141 838 2332 871 magistrumn

461 878 581 911 octobris
598 888 610 909 2
625 888 715 917 (supra
729 889 757 908 n⁰
772 886 825 914 256)
839 884 894 916 jum
909 883 1049 914 recepisse,
1066 883 1135 914 quod
1150 890 1181 905 ex
1196 881 1308 912 epistola
1322 881 1441 912 sequenti
1454 881 1560 904 omnino
1575 881 1667 913 liquet.

460 1047 570 1083 262.
593 1054 760 1081 Alexander·
779 1055 823 1080 IV
839 1053 987 1079 Gnillelmo
1006 1052 1211 1079 Aurelianensi
1233 1056 1260 1078 et
1284 1052 1406 1079 Guidoni
1420 1052 1669 1079 Autissiodorensi
1691 1048 1966 1090 episcopisffiterum¹
1980 1053 2102 1080 mandat
2127 1057 2158 1080 ut
2181 1051 2331 1090 inquit-an}

546 1104 623 1129 circa
638 1103 733 1130 relata
748 1103 784 1129 de
801 1102 949 1128 Guillelmo
965 1102 1000 1128 de
1016 1104 1120 1128 Sancto
1134 1102 1239 1128 Amore
1253 1105 1341 1138 atque
1356 1101 1425 1128 aliis
1434 1101 1543 1138 judicii
1562 1102 1716 1137 veritatem,
1734 1102 1987 1138 inobedientesque
2006 1102 2114 1138 officiis
2134 1106 2163 1130 et
2183 1103 2330 1139 beneficiis

545 1161 699 1188 suspensos
715 1151 890 1178 denuntient.

1610 1201 1686 1231 1255,
1701 1200 1848 1228 Decembris
1863 1202 1901 1231 10,
1917 1201 2044 1228 Laterani.

544 1275 750 1308 Alexander
778 1275 973 1320 episcopus
1001 1286 1130 1308 servus
1158 1286 1346 1308 servorum
1369 1275 1436 1307 Dei
1455 1274 1729 1309 venerabilibus
1753 1275 1962 1309 fratribus..
1979 1275 2238 1310 Aurelianensi
2258 1281 2328 1310 et..

456 1341 751 1375 Autisiodorensi
780 1341 964 1386 episcopis
992 1340 1145 1373 salutem
1172 1347 1208 1374 et
1232 1340 1467 1386 apostolicam
1498 1341 1805 1375 benedictionem.
1833 1342 1890 1375 Ad
1920 1342 2139 1375 audientiam
2168 1348 2330 1375 nostram

457 1408 633 1454 pervenit,
666 1408 763 1452 quod
792 1407 966 1453 magister
989 1407 1283 1460 WiqlljerJn-(ussssle
1314 1408 1444 1453 Sancto
1463 1408 1610 1456 ,Amore
1639 1415 1675 1459 et
1704 1420 1812 1454 quam
1847 1408 1972 1459 plures
2006 1409 2067 1442 alii
2099 1409 2264 1454 magistri
2296 1415 2332 1443 et

457 1474 616 1507 scolares
636 1474 875 1515 Parisienses,
894 1480 1085 1519 postquam
1107 1473 1160 1507 eis
1181 1474 1340 1507 innotuit
1360 1474 1404 1507 de
1426 1474 1655 1508 ordinatione
1675 1462 1800 1508 nostra
1821 1487 1891 1520 que
1912 1475 2041 1521 incipit
2057 1475 2171 1525 Quasi
2190 1475 2330 1520 lignum

456 1541 527 1575 vite
547 1553 657 1586 super
683 1541 793 1573 studii
821 1540 1039 1574 Parisiensis
1064 1541 1342 1574 conservatione
1368 1541 1463 1575 edita
1488 1547 1524 1575 et
1543 1541 1587 1574 de
1608 1541 1789 1584 mandato,
1812 1554 1883 1587 quo
1905 1542 2059 1575 dilectos
2080 1542 2176 1575 filios
2200 1542 2330 1576 fratres

458 1608 606 1641 Ordinis
627 1607 895 1640 Predicatorum
918 1607 1079 1640 Parisius
1099 1607 1136 1640 in
1156 1607 1361 1653 theologica
1381 1608 1549 1641 facultate
1570 1615 1742 1654 regentes
1768 1608 1805 1641 in
1825 1609 2083 1654 magistrorum
2096 1609 2329 1655 ⁴consortium

459 1681 493 1707 et
522 1674 776 1707 Universitatis
806 1673 1002 1719 collegium
1032 1674 1145 1719 recipi
1174 1674 1448 1717 mandabamus,
1478 1674 1522 1708 ab
1557 1675 1721 1720 ejusdem
1756 1675 2013 1709 Universitatis
2043 1675 2201 1721 collegio
2229 1687 2331 1710 rece-

458 1741 585 1774 dentes
616 1741 794 1786 quandam
824 1753 952 1774 novam
982 1740 1192 1774 societatem
1222 1741 1383 1775 Parisius
1410 1742 1583 1784 inierunt,
1615 1748 1655 1775 ut
1683 1742 1888 1775 mandatum
1919 1748 1954 1775 et
1980 1742 2160 1776 ordinatio
2191 1732 2328 1786 nostra,

458 1820 527 1853 que
557 1808 626 1853 ipsi
657 1807 858 1840 debuerant
886 1807 1074 1853 suscipere
1105 1815 1327 1850 reverenter,
1364 1808 1491 1842 saltem
1522 1808 1642 1854 quoad
1675 1809 1792 1842 dictos
1826 1809 2022 1855 magistros
2054 1809 2204 1843 fratrum
2238 1810 2331 1843 reci-

458 1874 611 1919 piendos
637 1874 673 1906 in
698 1874 923 1907 consortium
949 1874 1220 1919 magistrorum,
1243 1874 1351 1908 finem
1373 1887 1481 1920 quem
1501 1875 1727 1908 intendimus
1752 1887 1817 1921 per
1836 1874 2048 1920 hujusmodi
2068 1876 2235 1909 astutiam
2255 1888 2330 1910 non

458 1939 643 1973 haberent.
677 1940 746 1973 Sed
777 1940 807 1973 si
837 1940 945 1973 corda
980 1953 1105 1973 eorum
1140 1953 1214 1974 non
1245 1948 1453 1975 excecasset
1479 1941 1626 1984 malitia,
1657 1941 1925 1975 intellexissent
1957 1942 2083 1987 utique
2115 1942 2214 1987 quod
2247 1954 2329 1976 cum

459 2007 618 2052 predicta
644 2007 847 2040 mandatum
875 2014 910 2040 et
934 2007 1199 2041 ordinationem
1222 2007 1292 2041 sibi
1314 2009 1388 2053 jam
1410 2008 1555 2054 cognita
1580 2008 1766 2053 potuerint
1788 2020 1855 2041 nec
1880 2009 2086 2042 curaverint
2114 2008 2327 2054 adimplere,

459 2072 489 2105 si
509 2073 578 2106 tale
605 2073 702 2118 quod
729 2073 959 2118 postmodum
989 2074 1201 2116 effecerunt,
1228 2081 1377 2120 propter
1404 2075 1501 2120 quod
1529 2074 1728 2108 eorundem
1755 2074 1912 2108 mandati
1933 2081 1970 2108 et
1989 2075 2230 2109 ordinationis
2255 2087 2330 2109 non

459 2147 585 2184 posset
609 2140 772 2173 executio
800 2141 1007 2185 provenire,
1035 2153 1182 2186 gravem
1211 2148 1331 2175 notam
1364 2142 1409 2174 de
1439 2141 1689 2175 inobedientie
1715 2141 1802 2175 vitio
1830 2141 2076 2175 incurrebant.
2106 2142 2197 2176 Cum
2223 2142 2329 2176 etiam

460 2206 713 2240 Universitatis
741 2207 886 2239 nomine
914 2207 950 2240 in
971 2208 1107 2252 prefata
1132 2207 1361 2241 ordinatione
1382 2215 1505 2242 nostra
1527 2209 1652 2254 sepius
1672 2209 1826 2254 repetito
1847 2208 2096 2254 intelligamus
2121 2215 2156 2242 et
2174 2208 2331 2243 velimus

459 2272 613 2318 intelligi
648 2285 774 2306 omncs
814 2274 1008 2318 magistros
1043 2281 1078 2307 et
1111 2274 1272 2308 scolares
1308 2281 1490 2308 morantes
1529 2275 1703 2317 Parisius,
1743 2276 2007 2320 cujuscumque
2046 2275 2231 2309 societatis
2264 2286 2330 2309 seu

459 2340 754 2385 congregationis
790 2340 955 2381 existant,
991 2347 1132 2374 constat
1166 2348 1235 2374 tam
1271 2341 1501 2387 supradictos
1540 2342 1754 2375 recedentes
1788 2341 1832 2375 ab
1867 2341 2123 2375 Universitatis
2157 2341 2356 2388 collegio,-

460 2417 563 2450 quam
591 2406 627 2438 in
652 2406 732 2451 ipso
759 2407 863 2439 etiam
890 2414 1119 2440 remanentes
1145 2408 1189 2440 ad
1210 2408 1329 2441 omnia
1351 2420 1421 2453 que
1447 2408 1627 2441 ordinatio
1649 2415 1773 2442 nostra
1793 2409 1968 2451 continet,
1989 2408 2138 2454 pariter¹
2160 2408 2327 2454 obligari.

460 2472 507 2505 Ut
534 2478 651 2504 autem
686 2473 813 2517 prefati
847 2473 1011 2518 magistri
1039 2480 1073 2507 et
1098 2474 1272 2516 scolares,
1295 2487 1447 2520 quorum
1475 2475 1699 2508 intellectum
1730 2475 1838 2508 nimis
1868 2474 1905 2508 in
1934 2474 2000 2508 hac
2029 2482 2129 2520 parte
2159 2474 2331 2521 superbia

461 2536 670 2570 obfuscasse
691 2538 847 2580 videtur,
868 2551 959 2584 pena
975 2539 1073 2584 justa
1094 2540 1248 2574 docente
1269 2548 1505 2586 cognoscant,
1529 2553 1634 2586 quam
1656 2548 1867 2575 reverenter
1883 2547 1919 2574 et
1935 2540 2122 2574 humiliter
2137 2552 2177 2574 ac
2194 2539 2330 2586 simpli-

460 2602 549 2635 citer
577 2603 774 2647 apostolice
802 2605 900 2637 sedis
928 2606 1133 2639 mandatum
1164 2613 1199 2639 et
1226 2607 1492 2640 ordinationem
1523 2607 1718 2640 debuerint
1747 2607 1935 2652 suscipere
1956 2619 1995 2640 ac
2017 2618 2176 2649 servare,
2202 2607 2330 2640 frater-

461 2667 561 2701 nitati
587 2676 707 2702 vestre
732 2682 796 2714 per
822 2671 1019 2715 apostolica
1049 2672 1182 2718 scripta
1209 2673 1361 2707 firmiter
1388 2673 1625 2719 precipiendo
1652 2673 1877 2715 mandamus,
1904 2673 2074 2718 quatinus
2100 2673 2330 2718 inquirentes

462 2745 572 2779 super
607 2734 677 2767 hiis
718 2735 761 2768 dc
799 2736 905 2781 plano
942 2744 977 2770 et
1011 2738 1090 2771 sine
1120 2739 1273 2785 strepitu
1306 2740 1437 2785 judicii
1475 2740 1675 2782 veritatem,
1708 2738 1739 2773 si
1772 2739 2000 2781 inveneritis,
2036 2739 2134 2784 quod
2167 2739 2328 2784 prefatus

462 2801 633 2845 magister
653 2802 696 2834 G.
716 2802 774 2834 vel
794 2802 903 2847 aliqui
924 2804 1087 2848 magistri
1108 2806 1334 2839 Parisienses
1356 2807 1392 2839 in
1414 2805 1618 2852 theologica
1638 2805 1805 2839 facultate
1826 2805 1944 2839 dictos
1964 2806 2160 2851 magistros
2179 2805 2330 2839 fratrum

461 2865 505 2898 ad
535 2867 787 2911 magistrorum
822 2869 1044 2902 consortium
1076 2870 1168 2904 infra
1198 2872 1408 2917 quindecim
1435 2871 1514 2906 dies
1543 2878 1626 2918 post
1659 2872 1905 2917 receptionem
1940 2871 2138 2917 supradicti
2172 2870 2330 2905 mandati

462 2932 589 2974 nostri,
618 2933 675 2966 vel
705 2933 801 2978 quod
831 2933 901 2979 ipsi
932 2941 966 2967 et
992 2935 1051 2968 alii
1081 2938 1245 2983 magistri
1275 2945 1310 2972 et
1339 2938 1499 2972 scolares
1529 2938 1755 2972 Parisienses
1782 2937 1931 2971 eosdem
1955 2938 2085 2971 fratres
2106 2943 2142 2971 et
2165 2937 2329 2983 ipsorum
