2580 3528
251 411 349 452 1257]
590 420 637 442 AB
670 419 776 442 ANNo
810 419 887 442 uec
922 419 1055 447 usqua
1091 419 1139 441 im
1174 419 1407 441 ΡΒιιιΡΡυΜ
1444 419 1482 441 ιν
1518 419 1609 442 nec.
1647 420 1785 441 rnmc.
2060 411 2126 444 353

253 495 402 529 tionem.
446 492 527 527 Non
570 493 650 527 sine
693 492 804 526 multa
838 492 962 526 cordis
995 492 1250 534 amaritudine,
1284 498 1348 526 etc.
1382 493 1477 527 sicut
1512 504 1624 537 supra
1659 500 1697 525 n⁰
1734 493 1812 533 306,
1846 499 1880 527 et
1918 494 2048 527 mentio
2075 495 2126 539 fil

251 558 552 596 Praedicator-um
574 565 610 594 et
636 559 824 594 Minorum
853 560 890 594 in
913 559 1075 594 omnibus
1097 559 1307 593 civitatibus
1330 564 1365 593 et
1387 558 1596 593 diocesibus.
1623 559 1714 593 Post
1738 559 1905 593 Concilio
1935 560 2098 604 generali
2119 571 2126 592 ε

255 627 402 662 Litteris
426 625 700 661 venerabilibus
725 625 898 660 fratribus
924 626 1061 659 nostris
1085 652 1106 659 ..
1128 626 1314 659 Turonen.
1341 631 1378 659 et
1400 652 1421 659 ..
1445 625 1707 671 Rothomagen.
1735 625 2021 671 archiepiscopis
2049 632 2084 659 et
2107 653 2127 658 ..

254 688 429 741 episcopo
448 693 646 726 Parisiensi
667 704 780 738 super
798 692 867 726 hoc
889 692 1059 726 directis⁴
1082 704 1101 726 a
1122 691 1229 727 nobis
1250 691 1512 726 nichilominus
1531 692 1568 725 in
1589 704 1657 726 suo
1678 691 1812 725 robore
1833 692 2029 725 duraturis.
2055 694 2131 726 Vos

254 767 387 802 autem,
408 765 479 794 etc..
495 770 600 806 usque
619 759 750 793 fortius
771 759 990 805 obligemur.
1014 760 1092 792 Dat.
1120 758 1285 792 Laterani
1310 758 1348 804 iij
1375 758 1444 792 kal.
1466 758 1616 804 Aprilis,
1645 758 1876 804 pontificatus
1900 759 2014 792 nostri
2037 770 2131 792 anno

256 827 398 862 tertio¹.

349 925 486 958 originale
499 925 528 949 in
542 925 619 949 Arcb.
636 928 691 949 nat.
705 925 790 949 Pau-is.
808 925 835 949 1..
851 925 906 952 251,
921 929 950 948 n⁰
965 925 1019 948 13³.
1036 924 1112 948 Bulla
1126 925 1231 956 plumb.
1247 924 1299 948 filis
1314 924 1425 948 cannah.
1442 923 1611 956 appenditur.
1628 924 1744 948 Alterum
1760 924 1828 955 orig.
1843 924 1869 947 in
1879 924 1956 947 Arch.
1968 924 2070 955 de'pnrt.
2087 924 2133 947 dos

257 969 535 995 nauehu-dn-Rhone
550 969 710 1000 (Mar-eine).
726 969 806 993 divis.
821 969 967 993 Preeheurs
981 969 1093 993 d'Arles.
1116 969 1195 993 Deest
1213 969 1343 1001 sigillum.
1356 982 1388 986 —
1407 968 1536 993 Vidimus
1550 977 1594 993 an.
1609 968 1680 995 1257,
1700 968 1833 1000 Septemb.
1851 969 1874 996 8,
1894 968 1921 992 in
1937 968 2013 992 Arcb.
2030 968 2134 1000 ἀείρει-ι.

257 1014 290 1039 de
307 1015 334 1039 ln
355 1014 499 1039 GMe-(1¹01
521 1013 625 1046 (Dijon),
649 1014 724 1038 fonds
748 1013 935 1041 Dominicains.
961 1013 1042 1037 liusse
1063 1014 1118 1036 930.
1142 1013 1210 1037 ibid.
1235 1013 1346 1038 Cartal-
1371 1013 1417 1036 des
1442 1012 1638 1041 Dominicains,'
1651 1013 1682 1036 Η.
1703 1013 1757 1041 221,
1779 1013 1823 1036 fol.
1845 1015 1883 1036 55.
1905 1013 1968 1036 Cod.
1994 1013 2135 1036 Rutenens.

258 1059 400 1084 Constitut-
415 1059 479 1083 Ord.
495 1058 600 1087 praed„
615 1067 643 1091 p.
658 1059 712 1082 249.
729 1058 810 1082 Codd,
827 1059 884 1082 Vnt.
897 1057 986 1082 ottob.
1003 1058 1042 1085 15,
1054 1058 1098 1081 sol.
1115 1059 1178 1082 206:
1197 1067 1208 1081 ι(
1225 1058 1277 1082 knl.
1296 1057 1378 1089 April.
1391 1066 1403 1080 u
1417 1066 1422 1086 ;
1440 1058 1478 1085 57.
1496 1058 1541 1081 fol.
1558 1058 1602 1081 1⁸24
1619 1065 1624 1080 :
1638 1066 1650 1080 ι(
1667 1057 1704 1089 iiij
1720 1057 1755 1081 id.
1771 1058 1832 1080 Jun.
1845 1066 1866 1080 υ.
1883 1057 2007 1085 Bulaeus,
2021 1057 2066 1085 HI,
2080 1058 2134 1081 3311.

258 1117 289 1122 —
303 1103 368 1128 Vide
383 1111 466 1135 supi-n
479 1103 514 1127 ad
528 1107 558 1127 ¹1⁰
572 1104 626 1131 2⁹4.
644 1111 668 1126 n.
685 1104 709 1127 2.

354 1188 377 1212 1.
396 1187 482 1220 Supra
498 1191 528 1211 ιιο
540 1189 596 1212 ³06.
611 1201 642 1205 ——
656 1188 678 1211 2.
695 1187 735 1211 Cf.
752 1191 781 1210 n⁰
796 1188 850 1215 292,
867 1190 936 1210 notu.

260 1349 374 1388 308.
395 1357 564 1386 Alexander
577 1359 623 1385 IV
637 1358 679 1384 ad
699 1358 844 1384 univer-sos
861 1357 1059 1395 patriarchas,
1082 1357 1315 1394 archiepiscopos
1331 1362 1358 1384 et
1373 1358 1530 1394 episcopffij
1549 1360 1580 1383 ut
1599 1357 1727 1383 libellum
1749 1357 1893 1383 Guiuelmi
1907 1357 1943 1384 de
1964 1358 1991 1383 S.
2010 1358 2112 1384 Amore
2130 1367 2137 1384 .-

348 1416 365 1434 t
384 1408 536 1434 Tmctaeus
552 1406 642 1434 brevis
656 1406 693 1433 de
704 1406 844 1443 periculis
858 1407 1073 1433 novissimorum
1089 1410 1245 1444 temporum
1262 1416 1286 1441 »‚
1304 1406 1340 1432 de
1355 1415 1451 1433 errore
1466 1406 1635 1432 damnatum
1651 1406 1761 1432 cunctis
1775 1405 1952 1432 denuntient.

1475 1496 1552 1525 1267,
1567 1495 1657 1522 nae-tii
1667 1496 1712 1525 30.
1729 1496 1855 1522 Laterani.

351 1570 558 1605 Alexander
582 1571 779 1617 episcopus
803 1582 932 1604 servus
958 1582 1147 1605 servorum
1177 1570 1242 1603 Dei
1270 1569 1544 1604 venerabilibus
1570 1569 1744 1604 fratribus
1770 1569 1997 1615 patriarchis,
2025 1570 2142 1603 archi-

262 1637 447 1684 episcopis
467 1643 504 1671 et
522 1637 708 1684 episcopis
728 1637 882 1671 salutem
903 1643 940 1671 et
957 1636 1194 1683 apostolicam
1221 1636 1528 1670 benedictionem.
1556 1637 1709 1680 Quidam
1733 1636 1914 1682 scripturo
1940 1648 2055 1678 sacre,
2076 1642 2139 1671 etc.

260 1705 356 1740 sicut
373 1715 484 1750 supra
504 1709 543 1738 n⁰
563 1705 640 1747 291,
667 1715 774 1750 usque
796 1703 1038 1738 frenabuntur
1060 1704 1158 1738 circa
1173 1703 1299 1749 finem.
1326 1703 1462 1738 Deinde
1482 1717 1493 1737 .·
1515 1703 1676 1749 Ideoque
1703 1703 1916 1737 fraternitati
1937 1709 2058 1737 vestre
2079 1716 2143 1749 per

263 1770 463 1818 apostolica
487 1771 622 1817 scripta
647 1771 684 1804 in
709 1770 842 1804 virtute
867 1770 1077 1804 obedientie
1103 1769 1268 1804 districte
1293 1770 1530 1816 precipiendo
1556 1770 1782 1812 mandamus,
1808 1770 1979 1815 quatinus
2005 1770 2143 1816 singuli

263 1843 425 1872 vestrum
453 1836 499 1871 ad
527 1837 805 1883 requisitionem
833 1837 1034 1871 eorundem
1062 1837 1213 1871 fratrum
1240 1837 1278 1870 in
1304 1836 1512 1871 civitatibus
1537 1843 1573 1870 et
1597 1836 1809 1870 diocesibus
1834 1837 1968 1870 vestris
1996 1848 2144 1870 manen-

262 1905 352 1939 tium
377 1903 588 1950 hujusmodi
619 1910 779 1938 nostram
807 1903 1117 1950 reprobationem,
1146 1904 1527 1950 condempnationem,
1556 1910 1767 1950 preceptum
1796 1910 1832 1937 et
1858 1903 2143 1949 prohibitionem

264 1983 304 2006 ac
338 1971 517 2018 premissa
550 1971 671 2005 omnia
704 1971 741 2004 in
775 1971 868 2005 locis
901 1971 1098 2005 earundem
1133 1971 1317 2005 civitatum
1352 1977 1388 2004 et
1420 1971 1623 2012 diocesum,
1662 1970 1725 2004 ubi
1760 1970 1932 2016 expedire
1970 1970 2142 2012 viderint,

265 2037 505 2084 solempniter
524 2036 711 2084 publicare
732 2037 902 2072 studeant
921 2044 958 2071 et
975 2037 1106 2072 saciant
1126 2037 1317 2083 publicari,
1339 2037 1627 2071 contradictores
1649 2049 1714 2083 per
1733 2049 1924 2071 censuram
1951 2037 2144 2070 ecclesias-

266 2104 372 2138 ticam
410 2103 654 2150 appellatione
692 2104 895 2151 postposita
933 2103 1217 2151 compescendo,
1256 2104 1388 2138 litteris
1425 2103 1700 2138 venerabilibus
1733 2103 1906 2137 fratribus
1947 2104 2084 2137 nostris
2121 2130 2142 2136 ..

267 2171 453 2204 Turonen.
481 2177 560 2204 et..
589 2170 872 2216 Rothomagens.
900 2170 1188 2217 archiepiscopis
1218 2177 1297 2204 et..
1325 2171 1499 2217 episcopo
1527 2170 1724 2204 Parisiensi
1751 2182 1770 2204 a
1800 2169 1907 2204 nobis
1935 2182 2047 2216 super
2075 2169 2143 2203 hoc

268 2236 439 2270 directis·
462 2235 723 2271 nichilominus
742 2237 779 2271 in
799 2249 868 2271 suo
890 2237 1022 2271 robore
1049 2237 1245 2271 duraturis.
1275 2238 1352 2271 Dat.
1381 2238 1545 2271 Laterani
1571 2237 1608 2283 iij
1636 2237 1704 2270 kal.
1733 2237 1882 2282 Aprilis,
1912 2236 2144 2282 pontificatus

269 2312 387 2347 nostri
406 2323 502 2346 anno
524 2313 643 2346 tertio.

363 2410 500 2444 Originale
521 2410 548 2434 in
568 2410 645 2435 Arch.
665 2413 718 2435 nne.
740 2410 824 2435 Parin.
846 2411 872 2436 1..
894 2411 948 2440 251,
969 2415 998 2435 n⁰
1013 2410 1066 2436 135.
1083 2411 1112 2435 tn
1127 2419 1222 2435 aversa
1242 2411 1396 2435 membrana
1412 2419 1417 2434 :
1435 2419 1447 2435 α
1464 2410 1661 2434 Predicntorum
1678 2418 1700 2434 n.
1723 2410 1800 2434 Bulla
1819 2411 1945 2443 plumbea
1959 2410 2011 2434 filis
2031 2410 2143 2434 cannah.

270 2455 440 2488 appenditur,
472 2455 541 2480 elcut
565 2458 592 2479 et
619 2454 646 2479 in
668 2455 751 2479 altero
773 2454 897 2488 originali
918 2454 946 2479 in
965 2455 1042 2479 Arcb.
1063 2455 1165 2487 ἀόρατα.
1188 2455 1235 2479 des
1258 2454 1530 2479 Bouches-du—Rhone
1550 2454 1711 2485 (Mai-seille),
1733 2455 1808 2478 {onds
1830 2454 2008 2479 Dominicnins
2033 2455 2142 2479 d'Ai-les.

270 2499 389 2524 Tertium
411 2499 479 2532 orig.
502 2499 528 2523 in
552 2499 629 2524 Arch.
649 2499 752 2532 dep-rt..
773 2499 805 2523 de
824 2499 850 2523 la
870 2499 1007 2524 GMe-d'Or
1026 2499 1131 2532 (Dijon).
1153 2499 1230 2524 fonds
1254 2499 1412 2528 Cordefien,
1435 2498 1516 2523 tinne
1533 2499 1579 2523 907
1598 2498 1640 2531 (11.
1667 2503 1697 2523 n⁹
1720 2499 1770 2531 119).
1797 2499 1826 2523 In
1849 2498 2002 2523 membrana
2017 2507 2111 2523 avena
2136 2507 2142 2522 ε

271 2552 285 2568 ι
304 2543 436 2568 “inomni
459 2552 482 2568 n.
512 2543 639 2570 V'ndimus
661 2545 676 2567 8
699 2544 772 2576 Sept.
795 2543 855 2568 1257
876 2543 983 2573 ibidem,
1000 2544 1076 2568 fonds
1096 2543 1285 2572 Dominicains,
1301 2543 1381 2568 linono
1400 2545 1447 2567 9³0
1469 2543 1510 2574 (u.
1533 2547 1563 2567 n⁰
1581 2543 1630 2576 58).
1650 2557 1681 2562 —
1699 2543 1764 2568 Cod.
1788 2544 1927 2568 Rutonens.
1948 2544 2058 2568 Constit.
2079 2543 2143 2569 ord.

270 2588 375 2618 Pned.‚
390 2597 417 2621 p.
433 2589 488 2613 2¹18.
504 2588 567 2612 Cod.
586 2588 645 2612 Vnt.
661 2587 750 2612 ottob.
768 2588 806 2616 15,
823 2588 867 2612 l'ol.
884 2588 938 2612 2119.
955 2587 1052 2620 mpon,
1068 2588 1146 2613 Buu.
1162 2588 1226 2613 Ord.
1244 2587 1359 2617 Praed.,
1376 2588 1395 2615 Ι,
1413 2588 1466 2617 133,
1483 2591 1512 2612 η’·
1527 2587 1580 2612 151.

363 2673 387 2698 1.
405 2673 492 2706 Supra
507 2677 536 2696 n⁰
549 2674 604 2698 291.

399 3021 495 3048 chare.
517 3022 598 3048 Unde.
616 3022 711 3049 Paris.
730 3023 749 3047 Ι.
1992 3024 2023 3046 ¹15
