2580 3528
260 424 358 466 1255]
600 435 648 458 ΑΒ
681 436 788 458 anuo
821 436 899 459 mcc
933 436 1066 466 usqua
1100 437 1149 460 an
1184 438 1414 462 PHILIPPUM
1448 440 1488 463 iv
1522 442 1611 464 asc.
1640 437 1784 466 ‘ramo
2064 440 2127 473 291

258 507 402 554 plenam
435 508 711 554 possessionem
741 516 777 543 et
805 509 989 555 pacificam
1019 511 1180 544 omnium
1211 512 1457 556 predictorum
1486 514 1523 546 in
1550 514 1668 549 dictos
1694 516 1859 550 abbatem
1889 526 1924 552 et
1952 520 2125 555 Ordinem

257 575 631 609 Premonstratensem
665 587 731 621 per
763 576 994 610 traditionem
1029 577 1281 612 transtulimus
1310 590 1318 612 ι
1349 580 1603 624 promittentes
1633 581 1727 616 bona
1757 583 1842 625 fide,
1873 585 1972 630 quod
2004 594 2127 621 contra

255 641 504 676 venditionem
529 642 727 688 predictam
756 649 792 676 et
819 643 940 676 omnia
965 643 1172 690 supradicta
1197 657 1264 678 nec
1284 657 1350 691 per
1369 658 1437 679 nos
1458 658 1524 680 nec
1545 659 1610 692 per
1634 648 1743 682 alium
1770 649 1998 695 aliquatenus
2026 653 2127 687 dece-

256 714 334 742 tero
362 708 565 751 veniemus,
599 715 635 742 et
659 709 758 755 quod
785 709 946 755 predicta
977 711 1097 744 omnia
1125 710 1245 744 abbati
1273 718 1309 745 et
1334 712 1454 745 ordini
1482 715 1690 748 memoratis
1720 716 1921 750 secundum
1955 730 2059 751 usum
2093 727 2129 753 et

255 775 542 809 consuetudines
576 776 800 821 parisienses
834 776 1138 822 garantizabimus
1172 785 1296 812 contra
1331 791 1470 813 omnes.
1507 781 1548 813 In
1581 782 1686 826 cujus
1720 782 1772 815 rei
1807 783 2054 818 testimonium
2092 793 2126 819 et

255 842 465 876 memoriam
497 849 689 888 presentes
718 843 858 877 litteras
889 843 996 877 dictis
1022 843 1142 880 abbati
1172 851 1208 878 et
1236 845 1367 878 Ordini
1400 847 1729 896 Premonstratensi
1763 849 1978 884 tradidimus
2012 852 2125 898 sigilli

254 909 371 942 nostri
391 909 591 942 munimine
612 909 812 943 roboratas.
835 911 964 943 Datum
985 910 1146 944 Parisius
1165 923 1260 945 anno
1281 912 1427 945 Domini
1448 913 1554 948 MCC
1567 915 1648 956 LV,
1672 927 1797 948 mense
1815 917 1936 950 sunio.

347 993 382 1017 Le
401 993 492 1025 Paige,
510 994 680 1019 Bibliotheca
697 994 997 1023 Praemonstratensis,
1013 1003 1040 1027 p.
1063 995 1117 1019 583,
1138 995 1177 1018 Ex
1197 995 1244 1019 illo
1263 995 1389 1025 Felibien,
1404 997 1528 1022 Histoire
1542 998 1617 1023 dela
1632 998 1697 1023 ville
1710 1000 1743 1023 de
1754 1000 1849 1028 Paris,
1866 1001 1912 1029 ΙΙΙ,
1929 1002 1982 1025 209.
1999 1002 2123 1031 Bulaeus,

254 1037 302 1067 111,
317 1037 413 1062 ³01.-
423 1038 454 1062 ln
467 1038 546 1062 Arch.
561 1041 616 1062 nat.
631 1038 716 1062 Paris.
732 1039 758 1062 S.
767 1039 839 1067 4342,
855 1043 884 1062 n⁰
898 1040 922 1067 4,
934 1039 1038 1063 nonnisi
1053 1039 1239 1071 apographum
1254 1041 1353 1064 factum
1370 1042 1513 1065 secundum
1528 1042 1657 1068 Annales
1672 1043 1895 1070 Praemomtrae.
1911 1045 2026 1078 (Nancei,
2043 1047 2123 1079 1734),

253 1082 274 1110 Ι,
289 1090 316 1114 p.
332 1082 461 1111 ccccxxix,
477 1082 523 1106 ubi
537 1083 618 1106 etiam
631 1083 720 1106 omnia
734 1083 798 1107 haec
813 1084 969 1107 documenta
984 1083 1161 1108 inveniuntur.

347 1153 370 1177 1.
389 1153 453 1177 Vide
467 1161 550 1186 supra
568 1158 598 1177 n⁰
612 1154 666 1178 214.
678 1167 708 1172 —
723 1155 744 1178 2.
762 1154 909 1186 Collegium
924 1155 1224 1179 Praemonstratensium
1239 1155 1348 1188 proprie
1362 1156 1388 1179 in
1404 1156 1454 1180 isto
1473 1157 1530 1180 loco
1545 1161 1660 1181 erectum
1675 1162 1724 1187 est,
1741 1158 1786 1182 ubi
1805 1159 1883 1183 etiam
1900 1161 2026 1185 remansit
2041 1170 2124 1194 usque

253 1197 287 1221 ad
306 1197 487 1222 abolitionem.
506 1198 594 1222 Mense
613 1198 721 1222 Octobri
747 1207 789 1222 an.
806 1199 868 1222 1256
887 1199 1067 1231 acquisierunt
1086 1200 1195 1232 insuper
1217 1200 1323 1224 domum
1343 1201 1486 1232 quamdam
1505 1202 1666 1233 contiguam,
1682 1211 1748 1234 quae
1767 1203 1881 1227 Johanni
1900 1205 1932 1228 de
1951 1205 2123 1234 Bellomonte,

253 1241 306 1266 civi
324 1242 419 1270 Parin..
434 1242 584 1274 pertinebat
605 1243 649 1273 (Lo
667 1242 756 1275 paige,
778 1243 850 1268 Bibl.
869 1243 1103 1272 Praemonstrat..
1124 1253 1151 1276 p.
1167 1245 1231 1276 584),
1253 1253 1322 1268 anno
1343 1253 1405 1268 vero
1426 1245 1487 1269 1285
1507 1246 1586 1276 (1286)
1603 1246 1727 1270 horreum
1741 1256 1801 1271 cum
1817 1248 1902 1277 horto,
1913 1250 1983 1281 quod
2003 1258 2046 1274 an.
2063 1251 2123 1274 1294

254 1289 416 1310 memoratur
434 1286 462 1310 in
479 1287 593 1319 quadam
616 1287 717 1314 charta,
733 1287 760 1310 in
779 1296 831 1319 qua
853 1287 1000 1311 invenimus
1017 1296 1022 1311 :
1039 1297 1051 1311 «
1067 1288 1101 1311 ad
1120 1297 1187 1320 opus
1207 1289 1340 1312 scolarum
1356 1289 1506 1319 (scolarium
1515 1290 1533 1321 ?)
1552 1290 1631 1314 totius
1651 1291 1752 1314 ordinis
1767 1292 2019 1317 Premonstratensis
2041 1303 2062 1318 n.
2080 1295 2120 1319 Ct'.

252 1329 322 1355 intra
336 1335 366 1354 n⁰
379 1331 434 1359 388,
450 1333 476 1354 et
491 1329 681 1362 Topoqraphie
695 1331 851 1363 his-torique
863 1333 903 1356 du
915 1332 998 1357 view
1008 1332 1094 1357 Paris
1108 1339 1158 1364 par
1173 1332 1316 1373 Tisserand
1328 1341 1334 1356 ι
1351 1333 1458 1364 Re'yion
1473 1334 1640 1359 occidentale
1651 1336 1683 1359 ds
1698 1334 1882 1365 l'Universiee‘,
1895 1345 1921 1368 p.
1935 1339 1989 1366 383,
2003 1339 2048 1362 458
2060 1347 2119 1371 sqq.

250 1494 364 1533 255.
386 1502 555 1530 Alexander
569 1504 614 1530 JV
622 1502 770 1538 magistris
787 1502 999 1529 Salamanlinis
1016 1503 1146 1530 concedit
1165 1507 1196 1530 ut
1215 1503 1237 1529 ii
1256 1512 1327 1539 quos
1344 1504 1372 1530 in
1390 1505 1523 1531 examine
1539 1505 1636 1531 idonei
1655 1506 1759 1532 inventi
1777 1507 1886 1541 suerint
1904 1508 1945 1534 ad
1959 1507 2121 1545 regendum,

340 1551 370 1579 in
384 1551 512 1588 quolibet
524 1551 655 1587 generali
668 1551 774 1587 studio,
792 1551 955 1578 Parisiensi
970 1555 998 1578 et
1011 1552 1187 1578 Bononiensi
1201 1553 1337 1588 exceptis,
1355 1553 1418 1579 sine
1433 1553 1537 1580 iterato
1553 1555 1685 1581 eoeamine
1700 1564 1797 1590 regere
1813 1556 1935 1584 valeant.

1378 1644 1454 1674 7255,
1470 1644 1630 1677 Septembris
1641 1645 1686 1675 22,
1702 1645 1837 1679 knwniae.

338 1715 546 1750 Alexander
574 1715 771 1762 episcopus
803 1727 932 1750 servus
964 1728 1154 1750 servorum
1180 1717 1246 1750 Dei
1272 1717 1415 1751 dilectis
1440 1718 1526 1752 filiis
1551 1719 1779 1754 universitati
1806 1721 2062 1766 magistrorum
2090 1729 2125 1756 et

250 1782 446 1817 scolarium
467 1782 699 1817 Salamantin.
722 1782 874 1816 salutem
897 1789 933 1816 et
955 1783 1191 1829 apostolicam
1217 1783 1523 1818 benedictionem.
1551 1786 1710 1832 Dignum
1737 1786 1954 1821 arbitramur
1979 1795 2014 1822 et
2038 1801 2124 1823 con-

250 1860 382 1896 gruum
412 1848 512 1895 quod
537 1848 602 1891 hii,
628 1849 691 1895 qui
721 1861 848 1895 agrum
881 1849 993 1883 studii
1020 1850 1213 1884 cotidianis
1242 1850 1462 1885 lectionibus
1490 1852 1673 1893 excolunt,
1702 1860 1741 1886 ut
1766 1853 1908 1887 valeant
1935 1855 2123 1900 percipere

249 1915 403 1950 scientie
422 1915 667 1962 margaritam,
688 1915 726 1948 in
747 1916 841 1949 suis¹
863 1915 1102 1962 petitionibus
1122 1916 1310 1950 invenisse
1335 1929 1403 1951 nos
1423 1918 1606 1963 gaudeant
1628 1919 1846 1953 favorabiles
1868 1927 1902 1954 et
1927 1920 2122 1967 benignos,

250 1988 291 2016 ut
307 1988 407 2016 tanto
427 1993 554 2016 eorum
575 1982 735 2016 studium
757 1989 968 2016 exerceatur
992 1982 1146 2016 liberius
1173 1989 1307 2028 quanto
1333 1984 1456 2018 favore
1476 1985 1677 2030 apostolico
1698 1997 1738 2019 se
1758 1987 1943 2020 senserint
1962 2000 2123 2022 commu-

250 2048 360 2083 nitos.
388 2049 480 2084 Cum
501 2049 628 2095 igitur,
655 2049 751 2083 sicut
779 2061 822 2082 ex
849 2055 976 2083 tenore
999 2055 1121 2083 vestre
1147 2050 1334 2095 petitionis
1363 2051 1582 2096 accepimus,
1605 2052 1793 2098 contingat
1821 2053 2003 2087 interdum
2025 2055 2123 2100 quod

249 2114 302 2148 hii
321 2115 384 2161 qui
405 2114 519 2149 semel
539 2115 731 2149 examinati
752 2122 788 2149 et
807 2115 996 2162 approbati
1016 2115 1053 2149 in
1074 2115 1317 2150 Salamantino
1343 2117 1480 2158 studio,
1502 2117 1539 2150 in
1558 2129 1786 2164 quacumque
1811 2119 1978 2154 facultate
1998 2133 2123 2166 quam-

251 2193 357 2227 quam
377 2181 516 2215 inventi
536 2182 611 2215 sint
629 2181 754 2215 idonei
780 2181 825 2215 ad
850 2182 1065 2227 regendum,
1093 2182 1164 2216 nisi
1189 2182 1355 2216 iteratum
1386 2195 1536 2216 examen
1561 2183 1598 2216 in
1624 2184 1749 2217 eadem
1775 2185 1942 2219 facultate
1967 2186 2122 2221 subeant

249 2247 337 2282 alibi
364 2258 494 2293 regere
523 2247 673 2281 minime
699 2248 965 2294 permittantur,
996 2255 1036 2282 ut
1068 2260 1114 2282 ne
1143 2249 1278 2282 totiens
1307 2261 1458 2282 examen
1487 2249 1612 2283 subire
1646 2257 1810 2295 oporteat
1844 2263 1922 2293 eos,
1950 2253 2119 2297 quotiens

249 2313 336 2348 alibi
362 2325 491 2360 regere
520 2314 623 2359 ipsos
649 2314 842 2360 contingit,
867 2314 1052 2360 provideri
1079 2315 1192 2360 quieti
1219 2321 1340 2348 vestre
1370 2327 1482 2361 super
1505 2315 1574 2349 hoc
1600 2316 1644 2349 de
1669 2315 1893 2362 benignitate
1922 2319 2119 2363 apostolica

249 2380 419 2427 petiistis.
449 2381 523 2414 Nos
548 2380 662 2426 igitur
686 2380 865 2414 carissimi
886 2381 923 2414 in
943 2380 1090 2415 Christo
1111 2381 1176 2414 filii
1202 2381 1318 2414 nostri
1344 2382 1444 2427 regis
1464 2382 1623 2416 Castelle
1643 2394 1683 2415 ac
1709 2383 1882 2428 Legionis
1904 2384 2058 2418 illustris
2078 2398 2118 2420 ac

247 2446 381 2481 vestris
405 2446 735 2492 supplicationibus
759 2446 935 2488 inclinati,
957 2453 996 2480 ut
1020 2453 1209 2493 postquam
1236 2447 1368 2492 aliquis
1393 2447 1649 2493 magistrorum
1670 2448 1727 2482 vel
1748 2449 1940 2483 scolarium
1963 2451 1999 2484 in
2021 2452 2118 2486 Sala-

247 2513 409 2547 mantino
444 2512 566 2547 studio
600 2513 638 2546 in
672 2525 900 2559 quacumque
934 2513 1100 2547 facultate
1134 2513 1298 2546 examine
1332 2513 1497 2559 legitimo
1536 2514 1772 2559 precedente’
1805 2516 1975 2550 inventus
2008 2518 2118 2553 fuerit

247 2579 404 2614 idoneus
433 2579 477 2613 ad
511 2579 727 2625 regendum,
756 2580 793 2613 in
822 2579 987 2625 quolibet
1015 2579 1178 2625 generali
1210 2579 1346 2622 studio,
1377 2580 1574 2614 Parisiensi
1607 2587 1644 2614 et
1676 2582 1901 2616 Bononiensi
1936 2583 2118 2620 dumtaxat

247 2652 411 2692 excepto,
433 2645 471 2679 in
490 2645 658 2680 facultate
679 2646 756 2692 ipsa
778 2658 843 2692 pro
864 2658 932 2692 qua
954 2645 1003 2679 ibi
1025 2645 1139 2679 semel
1159 2658 1309 2679 examen
1330 2645 1443 2680 subiit
1462 2646 1542 2680 sine
1562 2646 1690 2680 iterato
1710 2649 1874 2682 examine
1897 2661 1937 2683 ac
1961 2650 2115 2697 alicujus

245 2712 534 2747 contradictione
559 2724 690 2758 regere
714 2712 831 2747 valeat
854 2711 960 2746 vobis
985 2718 1021 2746 et
1044 2712 1176 2746 vestris
1202 2712 1482 2747 successoribus
1506 2713 1718 2747 auctoritate
1744 2716 1967 2760 presentium
1995 2717 2115 2752 indul-

245 2790 387 2825 gemus.
410 2779 507 2813 Nulli
529 2790 631 2826 ergo,
651 2785 715 2814 etc.
738 2780 817 2813 Dat.
839 2779 1006 2825 Anagnie
1025 2791 1047 2812 x
1067 2779 1136 2812 kal.
1159 2778 1342 2821 Octobris,
1364 2791 1459 2813 anno
1480 2779 1609 2825 primo.

337 2862 475 2896 Originae
500 2863 526 2887 in
551 2863 628 2888 Area.
649 2863 771 2888 Univern.
793 2863 966 2888 Salamantin.
988 2863 1065 2887 Bulla
1084 2863 1209 2896 plumbea
1225 2863 1281 2887 *fili-
1301 2863 1413 2888 cannab.
1433 2863 1601 2896 appenditur.
1618 2877 1649 2883 —-
1663 2865 1726 2897 neg.
1747 2865 1803 2890 Vat.
1825 2866 1964 2891 Alexandri
1980 2868 2013 2892 lv
2031 2877 2073 2893 an.
2091 2870 2112 2898 1,

243 2914 286 2940 ῳ.
300 2908 356 2938 m,
373 2908 418 2933 toi.
433 2908 490 2938 ⁹7⁸,
506 2907 553 2933 ubi
570 2918 580 2930 ι
595 2908 648 2934 kd.
664 2908 786 2934 Octobri·
801 2917 825 2933 n.

339 2979 364 3004 1.
381 2979 444 3012 fleg.
459 2980 518 3005 Vnt.
528 2988 564 3004 :a
578 2988 626 3005 sao
641 2989 664 3006 ο.
678 2993 711 3000 -
724 2981 748 3005 2.
765 2981 827 3013 Reg.
844 2981 901 3005 Vat.
914 2988 920 3004 z
937 2989 950 3005 ι
966 2980 1123 3013 procedente
1138 2988 1160 3004 n.
