2580 3528
259 441 357 482 1284]
600 451 648 474 Aa
682 451 789 474 Anno
823 451 900 474 uec
935 451 1069 480 usqua
1103 451 1152 474 An
1187 452 1418 475 Pnitirrnu
1453 453 1493 475 1v
1528 454 1616 476 nso.
1654 455 1790 477 tuaac.
2071 447 2135 479 611

257 525 368 559 credo
388 524 488 570 quod
506 531 560 559 tot
579 536 662 559 esse
682 525 720 558 in
741 525 854 559 scolis
873 525 918 559 ad
938 525 1254 559 determinandum
1280 538 1354 559 non
1375 533 1431 559 est
1450 526 1604 567 bonum;
1628 533 1663 560 et
1683 528 1714 561 si
1735 529 1899 574 magistri
1926 531 2040 563 nostri
2063 542 2135 563 non

256 591 508 625 ordinaverint
532 591 671 637 aliquid
691 591 787 625 circa
806 591 888 633 hoc,
910 591 1009 626 aliud
1029 591 1264 626 ordinabunt.
1286 593 1342 626 Ad
1370 592 1461 626 illud
1489 593 1586 638 quod
1615 593 1705 627 dixit
1731 601 1856 639 postea
1883 596 2134 638 cancellarius,

257 657 356 704 quod
383 672 401 690 «
422 657 569 704 quidam
590 657 834 692 determinant
853 658 941 692 hora
968 659 1096 705 prima,
1119 659 1264 705 quidam
1286 659 1323 692 in
1344 659 1510 702 meridie,
1531 665 1595 694 etc.
1620 673 1652 702 »,
1674 660 1756 694 dico
1784 661 1881 706 quod
1908 674 2033 695 verum
2062 670 2133 704 est;

256 731 314 759 set
332 723 401 758 hoc
416 725 553 758 faciunt
572 724 876 759 determinatores
897 725 934 758 in
954 725 1228 771 inceptionibus
1249 738 1395 760 suarum
1417 726 1778 769 determinationum;
1798 728 1896 773 quod
1917 729 2136 773 permittitur

256 791 325 833 eis,
342 791 426 837 quia
446 791 484 824 in
504 791 652 838 antiqua
671 792 786 825 forma
806 804 912 838 quam
929 793 1055 838 jurant
1075 792 1379 826 determinatores
1399 793 1608 827 continetur
1627 793 1726 839 quod
1742 793 1898 839 quilibet
1917 794 2026 828 debet
2046 795 2136 828 inci-

256 869 344 904 pere
361 857 605 891 determinare
625 858 718 891 infra
738 858 835 892 diem
856 859 981 892 martis
1002 865 1086 905 post
1104 858 1373 900 brandones'⁰;
1391 866 1427 892 et
1445 860 1529 905 quia
1545 871 1673 893 omnes
1693 872 1767 894 non
1788 867 1955 906 poterant
1974 861 2135 907 incipere

257 923 350 958 infra
382 923 476 958 illud
508 931 652 970 tempus
682 924 720 958 in
747 924 956 958 honorabili
989 925 1176 966 societate,
1205 937 1276 971 que
1306 932 1362 959 est
1390 926 1444 959 eis
1471 926 1678 960 necessaria
1705 926 1742 959 in
1768 927 2040 972 inceptionibus
2070 940 2135 961 sue

256 990 586 1032 determinationis,
614 990 706 1025 illud
727 992 975 1037 juramentum
996 992 1186 1025 commode
1208 1004 1355 1026 servare
1376 1005 1450 1026 non
1477 999 1661 1038 poterant;
1690 1000 1726 1027 et
1752 993 1836 1027 ideo
1861 1006 1907 1027 ne
1933 994 2134 1040 periculum

256 1057 376 1091 anime
402 1057 635 1092 incurrerent
659 1058 755 1092 circa
775 1057 868 1092 illud
887 1059 1147 1104 juramentum,
1171 1059 1390 1104 permissum
1412 1066 1467 1093 est
1488 1060 1542 1093 eis
1563 1071 1607 1093 ex
1633 1059 1907 1106 dispensatione
1941 1061 2133 1103 facultatis,

257 1123 357 1170 quod
376 1124 447 1170 ipsi
468 1124 507 1158 in
526 1124 799 1170 inceptionibus
819 1136 885 1158 sue
907 1124 1222 1159 determinationis
1243 1132 1389 1159 teneant
1408 1125 1517 1160 horas
1536 1127 1610 1171 jam
1632 1126 1765 1168 dictas3
1788 1127 1825 1160 in
1846 1127 1995 1160 residuo
2016 1134 2133 1161 autem

257 1190 559 1237 Quadragesime,
582 1191 846 1225 determinatur
871 1198 954 1238 post
979 1192 1184 1238 prandium.
1207 1192 1262 1226 Ad
1291 1192 1359 1226 alia
1385 1199 1555 1226 contenta
1582 1193 1619 1226 in
1645 1193 1708 1226 illo
1734 1193 1887 1227 articulo
1917 1206 2134 1240 responsum

257 1263 314 1291 est
333 1269 399 1303 per
418 1257 590 1303 superius
609 1257 742 1291 habita.

346 1325 450 1357 Nunc
470 1324 769 1370 respondendum
792 1331 849 1358 est
867 1325 912 1358 ad
932 1326 1140 1371 gravamina
1157 1338 1227 1371 que
1247 1326 1335 1359 dicit
1354 1326 1594 1360 cancellarius
1614 1327 1831 1361 Parisiensis
1853 1327 1923 1361 sibi
1945 1328 2070 1361 inferri
2091 1328 2135 1362 ab

256 1390 406 1424 artistis.
423 1390 527 1425 ‘Cum
555 1390 643 1424 dicit
670 1390 910 1426 cancellarius
936 1391 1156 1426 Parisiensis
1183 1393 1281 1438 quod
1308 1393 1433 1426 artiste
1461 1393 1578 1438 primo
1606 1400 1757 1439 gravant
1782 1406 1864 1427 eum
1885 1395 1921 1427 in
1942 1394 2010 1428 hoc
2038 1395 2135 1441 quod

257 1463 462 1491 statuerunt
490 1457 588 1503 quod
618 1456 743 1491 nullus
771 1458 889 1503 possit
915 1458 1079 1504 incipere
1106 1459 1143 1492 in
1171 1458 1324 1497 artibus,
1347 1459 1419 1492 nisi
1440 1459 1754 1502 determinaverit3
1780 1460 1861 1493 dico
1883 1461 1980 1506 quod
2006 1461 2043 1494 in
2067 1461 2136 1505 hoc

256 1535 331 1558 non
358 1523 467 1557 debet
493 1523 734 1558 cancellarius
764 1531 934 1570 reputare
964 1536 1004 1558 se
1034 1537 1117 1560 esse
1144 1532 1346 1571 gravatum,
1374 1525 1544 1571 quoniam
1580 1526 1832 1568 cancellarius,
1862 1527 1924 1572 qui
1955 1528 2135 1573 quondam

255 1590 368 1624 exivit
393 1590 439 1624 de
467 1589 648 1624 facultatis
677 1591 833 1637 gremi0,
863 1591 1019 1638 diligere
1053 1591 1162 1626 debet
1188 1592 1362 1626 utilitates
1390 1592 1585 1626 scolarium
1616 1592 1809 1626 facultatis.
1839 1593 1984 1628 Utilitas
2019 1601 2136 1628 autem

256 1668 383 1691 eorum
404 1663 462 1691 est
485 1657 584 1703 quod
604 1657 675 1703 ipsi
696 1657 954 1700 determinent,
975 1665 1125 1704 propter
1146 1658 1256 1692 multa
1280 1671 1287 1692 :
1310 1659 1479 1705 quoniam
1507 1659 1591 1705 ipsi,
1614 1659 1716 1693 artati
1737 1660 1780 1693 ad
1802 1660 1962 1693 studium
1989 1668 2138 1706 propter

257 1722 581 1758 determinationes
615 1735 715 1766 suas,
750 1724 886 1758 evitant
917 1725 1002 1767 otia,
1031 1732 1163 1759 acuunt
1198 1725 1362 1772 ingenia;
1395 1733 1430 1759 et
1463 1738 1544 1759 cum
1574 1726 1619 1759 ad
1653 1738 1780 1759 eorum
1815 1726 2137 1762 determinationes

260 1789 409 1824 veniant
427 1790 496 1824 viri
515 1790 680 1825 valentes
700 1797 736 1825 et
756 1791 907 1825 discreti
927 1791 972 1825 de
997 1792 1156 1838 singulis
1183 1791 1429 1835 facultatibus,
1451 1799 1651 1839 magnates,
1679 1800 1775 1839 puta,
1804 1793 1999 1839 aliquando
2020 1794 2137 1828 archi-

257 1856 416 1899 diaconi,
435 1863 604 1891 cantores
624 1864 661 1891 et
680 1858 858 1904 prepositi
883 1857 1120 1892 ecclesiarum
1142 1858 1418 1901 cathedralium,
1439 1866 1475 1892 et
1494 1859 1554 1892 alii
1576 1859 1692 1901 multi,
1715 1871 1834 1893 eoram
1857 1859 1931 1893 illis
1951 1859 2136 1906 loquendo

256 1923 450 1969 acquirunt
478 1923 654 1970 loquendi
681 1924 901 1959 audaciam¹¹
930 1937 1002 1971 que
1028 1925 1235 1959 necessaria
1262 1932 1319 1959 est
1344 1926 1482 1967 artiste,
1514 1932 1719 1971 magnatum
1749 1926 1911 1959 notitiam
1940 1939 2004 1972 per
2030 1939 2136 1973 quam

257 1988 425 2024 solebant
444 1990 489 2024 ad
509 1989 687 2024 beneficia
712 1990 959 2026 ecclesiastica
985 1992 1206 2038 promoveri.
1234 1993 1367 2026 lterum
1388 1992 1541 2026 veniunt
1560 1992 1603 2026 ad
1624 1991 1693 2026 hoc
1719 1992 1817 2038 quod
1843 1993 1964 2027 sciunt
1984 2005 2049 2039 per
2068 1993 2136 2028 hoc

257 2055 480 2102 sophismata
501 2057 646 2091 diversa
666 2057 834 2104 probare,
856 2065 893 2092 et
911 2058 948 2092 in
970 2058 1184 2104 probatione
1210 2059 1435 2105 respondere
1456 2059 1639 2092 communi
1661 2059 1904 2105 responsione
1928 2060 1972 2093 ad
1997 2060 2136 2102 eadem,

257 2121 303 2156 ad
336 2122 508 2158 veritates
544 2124 756 2158 eorumdem
786 2131 822 2158 et
859 2125 1116 2159 distinctiones
1145 2137 1313 2172 arguere.
1345 2126 1386 2159 In
1418 2124 1552 2171 quibus
1589 2125 1842 2167 cancellarius,
1873 2138 1938 2172 pro
1974 2133 2136 2172 tempore

258 2188 432 2223 editionis
451 2189 553 2224 illius
577 2191 714 2233 statuti,
736 2191 880 2225 dicebat
899 2198 1048 2226 nostros
1069 2192 1230 2226 scolares
1255 2191 1427 2234 deficere,
1449 2192 1553 2226 etiam
1583 2191 1667 2225 illos
1688 2204 1780 2238 quos
1807 2193 1925 2238 ipsum
1947 2192 2138 2238 oportebat

258 2255 296 2289 in
321 2255 485 2290 examine
510 2256 675 2292 inferiori
702 2258 888 2305 expedire,
911 2259 1007 2293 sicut
1033 2258 1177 2293 dicebat
1202 2258 1455 2300 cancellarius,
1477 2258 1535 2292 vel
1559 2270 1688 2292 omnes
1715 2259 1885 2300 refutare,
1907 2271 1986 2292 cum
2009 2259 2046 2292 in
2061 2260 2135 2305 jam

258 2321 366 2356 dictis
387 2334 516 2357 omnes
535 2323 789 2359 invenirentur
812 2325 1046 2367 deficientes3
1068 2325 1167 2372 quod
1187 2325 1292 2359 valde
1317 2325 1564 2359 verecundum
1594 2331 1681 2358 erat.
1704 2326 1856 2371 Propter
1876 2325 1974 2371 quod
1994 2326 2137 2360 cancel-

257 2387 384 2430 larius,
416 2400 482 2435 pro
509 2388 574 2423 illo
603 2396 780 2437 tempore,
801 2392 939 2426 nostris
964 2392 1150 2438 magistris
1176 2391 1407 2437 supplicavit,
1433 2397 1469 2425 et
1498 2391 1650 2437 pluries,
1674 2391 1786 2437 quod,
1820 2391 1963 2437 pietatis
1989 2392 2135 2436 intuitu,

259 2466 371 2501 super
394 2454 464 2489 hoc
483 2463 730 2502 apponeretur
749 2457 957 2492 consilium.
980 2458 1146 2504 Magistri
1174 2465 1347 2504 regentes
1372 2458 1409 2491 in
1433 2457 1600 2491 facultate
1621 2458 1899 2491 considerantes
1919 2458 2017 2504 quod
2038 2465 2135 2493 tanto

258 2520 417 2555 defectui
442 2521 719 2557 bacellariornm
746 2535 819 2558 non
846 2531 987 2571 poterat
1013 2524 1179 2558 adhiberi
1206 2524 1346 2558 medela
1375 2524 1445 2557 nisi
1473 2535 1537 2570 per
1557 2523 1910 2567 determinationem,
1932 2531 2137 2560 statuerunt

258 2587 358 2633 quod
378 2587 503 2623 nullus
521 2589 748 2636 reciperetur
766 2590 811 2624 ad
832 2591 1081 2637 incipiendum
1102 2591 1173 2625 nisi
1195 2591 1476 2624 determinasset
1496 2590 1658 2624 Parisius
1677 2590 1734 2624 vel
1755 2590 1841 2624 alibi
1858 2591 1895 2625 in
1916 2592 2052 2635 studio,
2074 2592 2135 2626 ubi

258 2660 384 2689 essent
411 2654 604 2690 duodecim
635 2663 807 2703 regentes
837 2657 874 2691 in
899 2658 1034 2697 actu¹’;
1066 2669 1132 2692 nec
1159 2657 1323 2704 magistri
1351 2669 1416 2703 per
1445 2663 1616 2691 statutum
1645 2656 1894 2700 intendebant,
1926 2670 1993 2692 nec
2019 2659 2135 2693 adhuc

259 2718 454 2755 intendunt
487 2721 531 2756 ad
568 2721 636 2757 hoc
671 2729 789 2758 artare
817 2724 1014 2758 canonicos
1044 2724 1263 2758 cathedralis
1297 2723 1452 2758 ecclesie
1482 2723 1718 2765 Parisiensis3
1753 2730 1788 2758 et
1823 2724 1906 2758 ideo
1937 2725 2047 2759 nichil
2081 2733 2134 2760 est

258 2786 390 2821 factum
424 2794 548 2822 contra
583 2789 786 2824 libertatem
824 2791 1042 2825 Parisiensis
1077 2790 1247 2832 ecclesie,
1276 2790 1359 2825 licet
1390 2790 1459 2824 hoc
1489 2790 1584 2824 dicat
1617 2790 1868 2833 cancellarius,
1901 2803 1966 2825 nec
1997 2792 2032 2825 in
2067 2792 2135 2826 hor

258 2852 390 2888 sactum
411 2861 469 2889 est
486 2862 611 2890 contra
632 2855 836 2891 libertatem
858 2857 1078 2892 cancellarii.
1102 2857 1173 2892 Sed
1194 2858 1225 2891 si
1246 2863 1418 2891 statutum
1439 2863 1539 2891 esset
1563 2857 1662 2903 quod
1690 2857 1769 2903 ipse
1794 2857 2033 2891 cancellarius
2062 2870 2134 2892 non

260 2926 387 2966 posset
403 2920 548 2967 aliquos
568 2922 770 2967 licentiare,
792 2924 862 2958 nisi
885 2924 1204 2967 determinassem,
1227 2925 1319 2958 forte
1340 2924 1377 2958 in
1398 2923 1466 2958 hoc
1487 2923 1638 2958 facultas
1659 2930 1784 2958 contra
1805 2936 1886 2957 eum
1909 2924 2132 2964 ordinasset;

259 2985 358 3032 quod
385 2993 504 3022 tamen
529 3000 602 3023 non
622 2990 812 3033 confiteor,
839 3003 905 3025 nec
926 2991 1094 3025 diffiteor.
1117 2992 1179 3025 Set
1199 3002 1279 3025 cum
1301 2990 1485 3037 expeditio
1507 2990 1796 3032 bacellariorum,
1819 2990 1936 3035 quoad
1958 2991 2135 3037 inceptio-
