2580 3528
465 393 528 426 180
1047 404 1367 426 οΗΑιιΤυιΑιιῑυΜ
1402 405 1594 427 vulva-ns.
1630 405 1759 427 PARls.
2242 395 2341 435 [1245

461 478 566 501 nalatus
582 478 709 501 annulum
724 478 824 510 recepit
844 478 907 508 (Nic.
924 479 956 502 de
971 478 1078 507 Cui-bio,
1099 478 1162 503 Vita
1181 479 1348 504 Innocentii
1364 479 1413 508 IV,
1430 487 1452 503 c.
1469 479 1507 508 12,
1524 479 1573 510 15),
1591 479 1641 503 fuit
1659 479 1834 503 cancellarius
1854 487 1924 511 mag.
1946 479 2040 503 Petrus
2060 479 2172 506 Parvus,
2192 482 2222 502 ut
2240 478 2341 502 eruitur

461 530 492 546 ex
510 522 580 546 libro
601 523 731 546 Johannis
753 523 785 546 de
807 523 960 552 Garlandia,
977 524 1017 548 De
1030 523 1163 548 misteriis
1182 523 1312 548 ecclesiae
1326 523 1404 555 (Bibl.
1422 524 1448 547 S.
1466 524 1615 548 Genovet'ae
1634 524 1718 547 Paris.
1739 524 1767 547 Y.
1784 524 1803 548 1.
1819 526 1833 548 5
1853 524 1931 548 in-40.
1948 524 2017 548 Bibl.
2036 523 2192 555 Brugensis,
2209 531 2258 547 ms.
2275 524 2340 554 546),

461 575 538 599 quem
558 567 667 599 scripsit
686 567 712 591 in
733 568 784 591 fine
803 568 901 591 mensis
922 568 1034 600 Augusti
1050 569 1120 597 1245,
1136 567 1182 591 ubi
1202 568 1273 591 circa
1292 568 1397 592 initium
1417 568 1535 600 loquitur
1554 569 1587 592 de
1605 568 1734 600 magistro
1754 569 1831 592 Petro
1854 568 2012 592 cancellario
2033 577 2045 592 «
2061 568 2136 592 urbis
2150 568 2279 596 Pan-isius,
2295 568 2340 600 qui

461 611 542 635 studii
561 612 675 635 directas
695 612 768 636 ducit
787 612 904 636 habenas
920 621 943 636 n.
959 613 989 636 In
1008 612 1129 644 margine
1148 612 1246 644 legitur
1267 620 1273 635 ·.
1297 623 1306 634 ι
1324 612 1372 636 Hic
1393 613 1456 636 fecit
1475 616 1553 636 autor
1571 613 1769 644 degressionem
1789 613 1822 636 nd
1842 613 2001 645 magistrum
2020 613 2127 636 Petrum
2151 613 2275 641 Parvum,
2295 612 2341 644 qui

460 656 511 680 tuit
525 656 698 680 cancellarius
713 657 828 680 civitatis
844 657 972 686 Parisius,
988 657 1030 680 cui
1045 657 1171 681 recitatus
1188 657 1237 680 ruit
1252 657 1302 680 iste
1316 657 1384 681 liber
1399 660 1425 681 et
1439 657 1489 680 sub
1504 657 1579 689 cujus
1594 657 1759 689 correptione
1774 657 1889 681 traditur
1904 657 1954 681 iste
1972 657 2041 681 liber
2060 665 2082 686 »,
2100 662 2150 683 etc.
2167 657 2206 681 Cf.
2222 658 2340 689 ejusdem

460 701 576 725 auctoris
596 701 695 725 librum
714 702 755 726 De
770 701 926 733 triumphis
941 702 1078 730 ecclesiae,
1099 702 1139 725 ed.
1153 701 1266 733 Wright‚
1287 710 1313 733 p.
1339 702 1392 725 127.
1408 702 1515 725 Petrum
1538 705 1671 726 mortuum
1686 710 1744 725 csse
1767 702 1796 725 22
1816 701 1936 734 Augusti,
1953 702 2051 726 scimus
2067 710 2098 726 ex
2115 702 2260 727 Obituario
2274 701 2340 726 eccl-

458 745 555 771 Paris.
572 746 711 775 (Guerard,
730 747 806 771 Cart.
823 747 856 770 de
870 746 1063 771 Notre-Dame
1075 747 1108 770 de
1118 746 1213 774 Paris,
1230 746 1272 774 tv,
1284 746 1347 778 134).
1364 746 1411 769 Die
1425 754 1487 770 vero
1503 747 1531 769 21
1548 746 1682 778 Septemb.
1700 746 1762 770 1245
1776 746 1863 770 adhuc
1877 746 1946 770 inter
1960 746 2035 770 vivos
2050 749 2076 770 et
2090 746 2264 770 cancellarius
2280 746 2337 770 tuit.

459 790 610 822 Alphonsus
631 792 667 814 111
691 791 860 822 Portugaliae
884 791 954 814 enim
968 794 1030 814 tunc
1051 799 1138 814 eomes
1158 790 1333 819 Boloniensis,
1350 790 1460 814 Parisiis
1481 791 1508 814 in
1531 791 1609 814 domo
1629 794 1655 814 et
1674 791 1701 814 iu
1715 791 1868 822 praesentia
1887 791 1958 815 Petri
1976 791 2128 815 cancellarii
2145 791 2340 823 juramento,se

456 834 589 866 'obligavit
603 834 675 866 (Reg.
693 835 749 858 Vat.
767 835 888 866 Gregorii
904 835 925 858 X
940 843 982 858 an.
994 836 1017 863 4,
1039 843 1079 866 cp.
1096 836 1135 863 49,
1149 835 1193 857 sol.
1205 834 1275 857 23lib.
1286 835 1493 858 lustramentum
1506 835 1650 866 juramenti
1661 835 1732 866 apud
1744 835 1838 863 Sousu,
1847 835 1957 860 Probas
1966 836 2003 860 da
2018 835 2136 860 historia
2148 835 2269 866 qeneal„
2280 839 2338 864 etc..

459 879 479 908 1,
503 879 550 910 51).
575 880 648 902 Anno
675 879 794 910 sequenti
813 879 869 911 jam
894 879 992 902 mentio
1011 879 1041 902 fit
1060 878 1212 902 cancellarii
1232 879 1346 907 Galteri;
1367 887 1429 902 nam
1447 879 1582 902 ,lohannes
1602 879 1634 903 de
1654 879 1799 904 Garlundia
1821 879 1914 903 scribit
1933 879 1960 902 in
1979 879 2030 903 fine
2051 880 2253 904 commentarii
2275 879 2341 905 libra·

458 923 618 948 curialium
634 930 829 954 personarum
848 928 872 948 et
890 930 999 952 rerum,
1018 928 1066 948 etc.
1085 931 1094 947 .-
1116 932 1127 946 «
1148 924 1201 946 lieo
1220 923 1290 947 edita
1311 926 1373 947 sunt
1395 923 1515 947 Parisius
1535 924 1586 947 sub
1604 923 1750 948 venerabili
1770 923 1928 947 cancellario
1946 923 2030 947 Paris.
2047 924 2154 948 Galtero
2173 924 2205 948 de
2224 924 2339 948 entello

458 967 614 991 'theodorici
636 976 705 991 anno
730 968 804 991 Dom.
826 968 908 991 Mccxl
931 971 1003 991 sexto
1026 968 1172 999 gloriosum
1194 971 1220 991 et
1240 967 1417 991 venerabilem
1439 971 1548 1000 partum
1574 968 1599 992 b.
1616 968 1698 992 Mai-ic
1720 968 1832 1000 virginis
1857 968 2082 992 demonstrante»
2104 968 2182 1001 (Bibl.
2198 968 2338 1000 Brugens„

457 1020 506 1036 ms.
525 1013 630 1041 546,sol.
645 1012 710 1044 831³).
727 1013 822 1036 Petrus
841 1012 925 1044 igitur
943 1013 985 1036 vel
1000 1013 1030 1036 22
1044 1013 1110 1044 Aug.
1128 1012 1190 1036 1246
1209 1013 1348 1036 defunctus
1364 1016 1412 1041 est,
1428 1013 1470 1036 vel
1490 1012 1559 1036 inter
1573 1013 1601 1036 21
1623 1013 1695 1045 Sept.
1712 1013 1773 1036 1245
1788 1016 1814 1036 et
1833 1020 1875 1036 an.
1892 1013 1954 1036 1246
1972 1012 2089 1037 officium
2104 1012 2256 1036 cancellarii
2269 1021 2342 1037 recu-

457 1056 535 1080 savit.
550 1071 581 1074 —
601 1058 623 1080 2.
641 1057 767 1080 Ludovici
788 1058 830 1080 lx.
848 1057 887 1080 Cf.
904 1065 985 1088 supra
1005 1061 1035 1080 n⁰
1047 1058 1085 1080 82.
1101 1071 1132 1074 -
1147 1058 1169 1080 3.
1190 1057 1255 1080 Nota
1275 1060 1371 1085 tamen,
1393 1058 1668 1081 Praemoustratenses
1688 1057 1731 1081 vix
1751 1061 1811 1081 ante
1835 1066 1876 1081 nn.
1899 1058 1959 1081 1252
1979 1057 2089 1081 Parisiis
2108 1057 2253 1081 habitasse.
2276 1057 2340 1081 vido

458 1101 527 1124 infra
540 1105 570 1124 n⁰
585 1101 639 1124 214.

460 1237 568 1274 139.
593 1247 776 1273 Innocentius
791 1247 836 1273 IV
844 1248 930 1273 Petro
945 1246 1121 1273 cancellario
1135 1248 1299 1273 Par-islensi
1314 1247 1444 1283 mandat,
1461 1256 1497 1274 ne
1512 1247 1588 1274 alter
1601 1247 1723 1274 alterius
1739 1248 1895 1284 hospitium
1909 1248 1968 1274 sive
1982 1248 2098 1274 scholas
2113 1248 2262 1275 conducat.

1705 1344 1780 1374 1245,
1796 1345 1885 1371 nat-tii
1896 1345 1921 1375 6,
1937 1345 2052 1378 Lugduni.

546 1418 784 1450 Innocentius
823 1418 1021 1463 episcopus
1061 1430 1190 1452 servus
1229 1430 1417 1452 servorum
1459 1419 1525 1451 Dei
1564 1418 1697 1452 dilecto
1737 1418 1813 1452 filio
1837 1446 1857 1451 ..
1885 1419 2102 1453 cancellario
2141 1420 2339 1454 Parisiensi

456 1484 609 1517 salutem
640 1491 676 1517 et
695 1484 931 1530 apostolicam
953 1484 1260 1518 benedictionem.
1281 1485 1373 1528 Quia
1389 1497 1463 1518 non
1484 1497 1627 1527 omnes,
1649 1491 1714 1519 etc.
1736 1486 1831 1519 sicut
1849 1497 1960 1531 supra
1981 1490 2020 1519 n⁰
2038 1487 2102 1520 123
2121 1498 2227 1532 usque
2253 1487 2340 1520 reti—

456 1563 543 1584 nere
570 1551 728 1584 voluerit
755 1551 989 1596 inquilinus¹,
1012 1563 1131 1596 neque
1152 1551 1310 1597 hospitia
1335 1552 1393 1585 vel
1419 1552 1553 1594 scolas,
1575 1552 1606 1585 si
1627 1553 1751 1586 forsan
1777 1552 1880 1597 plura
1905 1553 2134 1595 conduxerit,
2156 1553 2252 1587 locet
2277 1553 2338 1601 alii

456 1629 522 1663 pro
543 1618 660 1663 pretio
681 1618 826 1659 cariori⁷
848 1618 1135 1651 contradictores
1157 1630 1222 1663 per
1242 1630 1432 1651 censuram
1454 1618 1737 1652 ecclesiasticam
1758 1618 2001 1664 appellatione
2022 1619 2225 1666 postposita
2246 1632 2339 1654 com—

456 1684 653 1730 pescendo.
678 1686 756 1718 Dat.
780 1685 950 1730 Lugduni
972 1685 995 1730 ij
1018 1697 1103 1718 non.
1127 1685 1259 1726 Mar-tii,
1283 1685 1515 1731 pontificatus
1536 1686 1653 1719 nostri
1674 1698 1769 1718 anno
1791 1686 1967 1719 secundo.

549 1783 685 1815 Originnle
705 1784 731 1806 in
751 1783 827 1807 Arch.
850 1784 971 1807 Univers.
994 1784 1077 1807 Paris.
1107 1784 1183 1807 theca
1203 1785 1246 1808 1v.
1268 1785 1296 1808 A.
1318 1785 1355 1807 19.
1378 1793 1399 1808 c.
1421 1785 1500 1808 Deest
1518 1784 1593 1808 bulla
1612 1784 1747 1816 plumbea.
1767 1798 1799 1802 —·
1819 1785 1881 1808 Cod.
1904 1785 1960 1808 Vat.
1982 1785 2045 1817 Reg.
2066 1786 2122 1814 ¹106,
2142 1786 2187 1809 sol.
2209 1786 2246 1809 13.
2269 1785 2339 1810 Bihl.

455 1827 587 1859 phillipps
607 1828 633 1851 in
653 1828 835 1856 Choltenhnm,
856 1836 905 1851 ms.
927 1829 982 1856 876,
1004 1829 1048 1852 fol.
1070 1828 1125 1857 13b,
1146 1837 1176 1851 ex
1196 1837 1248 1860 quo
1266 1828 1358 1852 titulus
1376 1837 1381 1852 ·.
1404 1837 1415 1852 «
1431 1829 1522 1852 Privil.
1545 1829 1614 1852 dom.
1635 1837 1714 1860 pape,
1737 1837 1767 1852 ne
1784 1838 1806 1859 n,
1828 1833 1877 1853 etc.
1903 1829 2027 1858 Bulaeus,
2051 1830 2098 1859 111,
2123 1830 2177 1853 196.
2202 1829 2339 1862 Pasquier,

455 1873 626 1897 Recherches
639 1873 713 1897 dela
725 1873 845 1901 France,
861 1881 887 1904 p.
904 1873 959 1901 821,
975 1881 1116 1904 perperam
1129 1873 1268 1904 epistolam
1285 1874 1318 1896 ad
1333 1873 1351 1904 ij
1367 1873 1402 1896 id.
1420 1873 1508 1897 Martii
1522 1875 1611 1897 refert.

550 1957 573 1980 1.
588 1957 668 1980 Codd.
686 1957 787 1980 nddunt
799 1960 900 1980 tantum
918 1965 930 1979 α
946 1961 991 1980 unt.
1007 1958 1091 1980 scolas
1109 1966 1120 1979 ›)
1136 1961 1198 1989 post
1213 1967 1224 1980 «
1241 1958 1385 1989 hospitium
1403 1966 1424 1982 ›).

462 2132 571 2169 140.
595 2142 728 2178 Epistola
745 2142 903 2168 Innocentii
918 2144 961 2169 IV
971 2143 1012 2168 ad
1025 2142 1168 2169 Adamum
1185 2143 1348 2179 episcopum
1365 2143 1614 2178 Silvanectensem‚
1633 2147 1696 2178 etc„
1715 2144 1744 2169 in
1764 2153 1822 2179 qua
1838 2143 1999 2170 continetur
2013 2143 2160 2170 roboratio
2175 2152 2210 2169 ac
2225 2152 2340 2170 conser-

548 2191 622 2217 vatio
639 2191 853 2227 compositionis
874 2193 974 2226 factae
995 2191 1069 2218 inter
1089 2192 1306 2218 Universitaeem
1322 2196 1457 2228 exparte
1473 2201 1540 2227 una,
1559 2196 1586 2219 et
1605 2192 1812 2219 cancellarium
1838 2196 1866 2218 et
1887 2192 2047 2229 capitulum
2061 2192 2158 2219 Paris.
2177 2201 2214 2219 ex
2232 2192 2337 2227 altera,
2384 2212 2386 2214 v

547 2248 635 2276 super
649 2239 782 2266 articulis
799 2240 878 2274 infra
893 2240 1018 2276 scriptis.

1687 2278 1762 2307 1245,
1779 2278 1868 2303 Martii
1882 2278 1919 2307 10,
1935 2277 2052 2310 Lugduni.

550 2351 785 2384 Innocentius
813 2351 1009 2396 episcopus
1038 2363 1167 2385 servus
1195 2363 1384 2385 servorum
1411 2352 1477 2385 Dei
1505 2351 1705 2386 venerabili
1733 2352 1833 2385 fratri
1860 2352 2035 2397 episcopo
2061 2351 2337 2394 Silvanectensi,

459 2424 491 2450 et
514 2417 658 2450 dilectis
688 2417 773 2451 filiis
804 2418 941 2451 decano
969 2425 1005 2451 ct
1033 2418 1226 2452 scolastico
1251 2418 1490 2453 Ambianensi
1521 2419 1673 2452 salutem
1702 2426 1737 2452 et
1766 2418 2001 2464 apostolicam
2030 2418 2336 2452 benedictionem.

459 2484 589 2517 Dilecti
607 2484 671 2517 filii
688 2485 866 2530 magistri,
884 2490 947 2519 etc.
965 2486 1059 2519 sicut
1077 2497 1188 2531 supra
1209 2492 1248 2518 n⁰
1269 2487 1322 2519 58.
1346 2486 1524 2529 Quocirca
1541 2485 1756 2519 discretioni
1772 2492 1892 2519 vestre
1910 2497 1974 2531 per
1990 2484 2188 2531 apostolica
2206 2485 2338 2530 scripta

460 2550 685 2592 mandamus,
717 2551 888 2595 quatinus
918 2552 1220 2597 compositionem
1253 2552 1403 2585 eandem
1427 2552 1522 2586 sicut
1547 2552 1627 2586 sine
1653 2552 1826 2598 pravitate
1853 2551 2006 2597 provide
2031 2551 2122 2584 sacta
2146 2557 2214 2592 est,
2235 2557 2272 2584 et
2294 2550 2339 2584 ab

460 2623 612 2661 utraque
634 2624 733 2662 parte
764 2624 894 2662 sponte
926 2625 1068 2663 recepta
1099 2625 1134 2651 et
1160 2619 1335 2652 hactenus
1357 2619 1505 2664 pacifice
1527 2619 1731 2660 observata,
1760 2618 1898 2651 faciatis
1919 2629 1984 2663 per
2004 2628 2195 2650 censuram
2223 2617 2340 2651 eccle-

461 2683 642 2716 siasticam
670 2684 914 2729 appellatione
940 2685 1142 2730 postposita
1172 2685 1324 2718 firmiter
1351 2685 1552 2720 observari.
1583 2685 1688 2729 Quod
1715 2686 1745 2718 si
1772 2697 1845 2717 non
1866 2695 1994 2717 omnes
2014 2683 2086 2717 hiis
2113 2684 2339 2729 exequendis

461 2750 653 2795 potueritis
681 2750 873 2792 interesse,
901 2758 938 2783 tu
965 2752 1075 2784 frater
1102 2751 1274 2797 episcope
1296 2764 1375 2785 cum
1398 2764 1523 2785 eorum
1545 2751 1659 2785 altero
1681 2763 1719 2784 ea
1746 2750 2006 2784 nichilominus
2027 2751 2230 2796 exequaris.
2259 2752 2336 2784 Dat.

462 2817 632 2862 Lugduni
654 2818 687 2862 vj
710 2817 759 2850 id.
783 2817 916 2859 Martii,
938 2818 1169 2863 pontificatus
1190 2819 1306 2851 nostri
1327 2830 1422 2851 anno
1439 2818 1616 2852 secundo.

556 2917 619 2940 Cod.
637 2917 694 2940 vat.
710 2917 773 2948 Reg.
790 2918 845 2945 406,
862 2917 907 2940 sol.
929 2916 983 2940 13¹².
1006 2916 1073 2940 Bihl.
1096 2916 1228 2948 Phillipps
1249 2917 1274 2939 iu
1293 2916 1474 2946 Cheltenham,
1490 2925 1539 2941 ms.
1561 2917 1615 2945 876,
1634 2917 1678 2940 sol.
1696 2917 1750 2945 14¹²,
1772 2925 1803 2939 ex
1823 2924 1874 2948 quo
1895 2916 1987 2940 titulus
2010 2925 2021 2939 «
2043 2916 2184 2939 Roboratio
2205 2923 2227 2944 1),
2244 2920 2291 2940 etc.
2309 2929 2340 2933 ——-

462 2961 585 2989 Bulaeus,
604 2961 648 2990 111,
666 2961 719 2984 194.
737 2961 775 2984 Cf.
793 2969 875 2992 supra
890 2965 919 2983 n⁰
934 2961 988 2985 135.
