2580 3528
261 378 358 420 1283]
606 388 654 411 AB
686 388 793 411 Auno
827 388 906 411 nce
937 388 1071 417 usque
1106 388 1155 411 An
1189 389 1420 412 munerun
1456 390 1495 412 ιν
1532 390 1620 413 nnc.
1658 391 1796 414 rimae.
2069 383 2134 416 599

347 463 502 496 Domum
523 474 594 508 que
618 462 687 495 suit
708 461 844 496 Mathei
865 462 944 495 Rufi
966 462 1142 504 defuncti,
1164 462 1201 496 in
1221 474 1354 509 magno
1375 463 1470 505 vico,
1491 475 1572 497 cum
1599 464 1760 509 quinque
1781 466 1935 498 cameris
1958 478 1965 498 :
1987 473 2130 500 centum

257 535 294 563 et
312 528 506 563 duodecim
527 528 682 563 solidos.

346 596 500 629 Domum
521 595 723 630 Theobaldi
743 596 909 638 cissoris,
932 596 969 629 in
990 608 1122 642 magno
1142 596 1223 630 vico
1246 608 1254 630 z
1277 603 1433 642 quatuor
1451 596 1564 630 libras
1585 597 1779 643 parisiens.

344 663 499 696 Domum
534 662 699 709 magistri
729 662 914 697 Guidonis
943 663 988 696 de
1023 663 1169 706 Gravia,
1200 670 1283 697 ante
1318 664 1465 697 domum
1501 663 1639 697 domini
1670 663 1819 697 Roberti
1849 664 1895 697 de
1922 666 2067 706 Torota,
2096 666 2131 699 in

255 741 349 763 cono
371 741 380 762 ε
398 741 528 763 novem
549 729 662 763 libras
682 741 762 764 cum
785 730 947 764 dimidia.

345 797 498 830 Domum
525 795 727 830 Theohaldi
753 797 927 839 Britonis,
950 797 987 830 in
1007 797 1087 831 vico
1108 797 1398 843 Amigdalorum,
1420 809 1502 831 cum
1524 804 1679 843 quatuor
1699 798 1852 832 cameris
1878 805 1914 832 et
1937 798 2071 832 celario
2097 806 2129 832 et

254 863 410 909 coquina
431 875 561 909 magna
581 875 590 896 z
612 870 751 910 septem
773 863 900 898 libras.

344 931 499 963 Domum
527 930 691 976 magistri
719 931 902 964 Guidonis
928 931 973 964 de
1001 931 1148 973 Gravia,
1175 943 1284 978 supra
1311 933 1480 965 Sanctum
1508 931 1697 974 Hilarium,
1723 931 1768 965 ab
1795 932 1964 978 opposito
1990 933 2060 966 vici
2085 933 2128 966 ad

254 996 433 1039 Cacabos,
460 1009 541 1030 cum
576 997 739 1043 quinque
769 998 937 1040 cameris,
969 1010 1048 1031 eum
1085 998 1241 1044 coquina
1276 1010 1341 1044 per
1370 1005 1515 1040 terram,
1545 998 1693 1041 celario,
1723 998 1878 1032 stabulis
1903 1011 1910 1032 :
1935 999 2127 1033 duodecim

254 1062 378 1098 libras.

344 1132 499 1165 Domum
520 1130 653 1165 Mathei
675 1131 869 1165 Lombardi
890 1132 1082 1173 minorem,
1104 1132 1140 1164 in
1161 1131 1242 1166 vico
1263 1133 1388 1174 Furni,
1409 1143 1490 1166 cum
1512 1132 1673 1178 quinque
1693 1132 1847 1166 cameris
1868 1139 1902 1166 et
1923 1145 1991 1166 una
2017 1145 2130 1179 snper

252 1197 460 1243 coquinam,
482 1198 563 1232 sine
583 1209 741 1244 expensa
765 1209 772 1231 :
794 1205 940 1232 eentum
962 1205 998 1232 et
1017 1198 1142 1232 decem
1164 1198 1318 1232 solidos.

341 1265 496 1298 Domum
530 1276 602 1310 que
635 1265 769 1298 dicitur
801 1264 1020 1298 Guilleberti
1050 1265 1095 1298 de
1115 1265 1247 1306 Vouta,
1277 1265 1315 1298 in
1344 1265 1425 1299 vico
1455 1265 1726 1311 Quadrigarie:
1759 1272 1913 1311 quatuor
1946 1266 2059 1300 libras
2093 1273 2127 1300 et

252 1331 377 1365 decem
399 1331 552 1365 solidos.
1506 1352 1541 1357 k
1562 1356 1565 1357 ν

341 1399 496 1431 Domum
516 1398 672 1444 Agnetis
692 1398 738 1431 de
758 1398 904 1439 Gravia,
922 1399 957 1431 in
979 1398 1211 1440 Guellandia,
1228 1410 1298 1444 que
1319 1399 1453 1432 (licitur
1472 1399 1516 1432 ad
1539 1399 1586 1433 Li
1597 1399 1699 1444 plate
1714 1400 1851 1445 pierre,
1869 1412 1950 1433 cum
1973 1407 2128 1445 quatuor

250 1465 418 1506 cameris,
440 1477 521 1498 cum
542 1464 710 1511 pratello,
731 1463 886 1499 stabulis
906 1472 942 1499 et
960 1477 1119 1511 expensa
1139 1477 1268 1511 magna
1292 1477 1299 1498 :
1322 1477 1387 1499 sex
1406 1465 1519 1499 libras
1540 1472 1576 1499 et
1595 1466 1868 1511 quatuordecim
1891 1466 2044 1500 solidos.

342 1532 496 1566 Domum
527 1532 674 1566 Henrici
704 1531 912 1574 Lombardi,
946 1532 984 1566 in
1012 1532 1092 1566 vico
1123 1532 1219 1566 Petri
1250 1532 1450 1572 Sarraceni,
1483 1544 1553 1578 que
1583 1539 1638 1566 est
1666 1533 1838 1578 contigua
1868 1533 1991 1566 domui
2021 1546 2126 1579 quam

250 1598 428 1633 inhabitat
446 1598 567 1633 dictus
588 1599 769 1633 Henricus
789 1598 1031 1642 Lombardus,
1052 1611 1124 1645 que
1144 1599 1253 1633 habet
1272 1610 1326 1632 nn
1347 1611 1507 1633 cameras
1529 1611 1536 1632 :
1561 1610 1614 1632 1111
1635 1599 1748 1633 libras
1767 1610 1826 1632 xvi
1848 1599 2001 1633 solidos.

341 1667 495 1700 Domum
523 1666 664 1700 Yvonis
696 1666 872 1708 Britonis,
900 1666 1053 1700 condam
1081 1666 1248 1700 canonici
1278 1666 1484 1708 Remensis,
1511 1667 1548 1699 in
1577 1666 1658 1700 vico
1687 1666 1783 1700 Petri
1815 1667 2016 1708 Sarraceni‚
2045 1679 2125 1701 cum

249 1733 412 1779 quinque
432 1733 587 1767 cameris
607 1739 642 1767 et
662 1732 811 1767 cellario
835 1745 843 1766 :
867 1744 918 1766 vn
939 1732 1064 1767 libras.

339 1800 493 1833 Domum
520 1799 685 1846 magistri
709 1799 860 1834 Joannis
886 1799 920 1834 le
947 1801 1121 1842 Savoner,
1142 1800 1179 1833 in
1199 1800 1279 1834 vico
1300 1800 1396 1834 Petri
1418 1799 1619 1842 Sarraceni⁷
1642 1812 1712 1845 que
1733 1799 1842 1834 habet
1867 1806 1940 1834 tres
1965 1812 2127 1834 cameras

248 1866 482 1914 principales,
505 1873 542 1901 et
559 1866 732 1900 celarium
754 1878 880 1909 unum,
896 1867 998 1912 juxta
1019 1867 1166 1900 (lonium
1187 1879 1232 1901 au
1251 1866 1459 1913 degoteres'
1483 1878 1490 1900 :
1514 1878 1532 1900 c
1553 1866 1692 1900 solidos
1714 1867 1908 1913 parisiens.

338 1935 492 1968 Domum
518 1933 597 1967 Ado
623 1934 668 1967 de
695 1934 832 1979 Stupis,
854 1934 891 1967 in
915 1934 996 1968 vieo
1022 1934 1208 1976 Potatorii‚
1237 1934 1381 1968 comitis
1406 1934 1689 1967 Masticonensis
1713 1945 1720 1967 ε
1744 1944 1807 1966 vm
1829 1933 1892 1967 lib.
1916 1940 1953 1967 et
1973 1945 1994 1967 x
2014 1934 2123 1968 solid.

337 2002 492 2035 Domum
509 2000 677 2036 Gausridi
693 2001 846 2043 Latomi,
863 2001 900 2034 in
916 2001 997 2035 vico
1013 2001 1200 2043 Potatorii,
1217 2001 1361 2035 comitis
1378 2000 1672 2042 Masticonensss,
1691 2012 1761 2046 que
1778 2007 1834 2034 est
1850 2012 1959 2046 supra
1976 2000 2122 2034 domum

248 2069 286 2102 in
306 2079 376 2114 qua
395 2068 492 2102 idem
513 2067 713 2102 Gaufridus
733 2074 906 2109 moratur,
929 2079 999 2114 que
1019 2067 1128 2101 habet
1148 2067 1310 2114 quinque
1330 2079 1491 2101 cameras
1514 2079 1521 2100 :
1545 2078 1612 2100 va
1632 2067 1773 2101 solidos
1794 2067 1987 2113 parisiens.

338 2135 494 2169 Domum
513 2135 611 2169 Petri
632 2135 677 2169 de
698 2134 881 2177 claustro,
903 2134 948 2169 ad
968 2147 1097 2176 cornu,
1118 2135 1155 2168 in
1175 2134 1256 2169 vico
1277 2134 1321 2168 de
1343 2135 1471 2169 Bievra
1494 2146 1501 2167 z
1524 2145 1559 2167 w
1580 2133 1693 2168 libras
1713 2145 1735 2167 v
1755 2133 1823 2168 sol.

339 2203 493 2235 Domum
514 2201 708 2236 Guillermi
729 2202 775 2235 de
796 2202 901 2236 Bacia
924 2213 932 2235 :
955 2213 973 2235 c
994 2201 1136 2235 solidos
1156 2202 1266 2248 paris.
1289 2202 1326 2235 in
1345 2202 1426 2236 vieo
1447 2203 1587 2235 Poreta.

339 2269 492 2302 Domum
513 2268 678 2314 magistri
699 2268 893 2303 Guillermi
914 2268 959 2302 de
981 2268 1168 2311 Gandavo,
1191 2269 1228 2302 in
1247 2268 1329 2303 vico
1350 2269 1395 2302 de
1417 2268 1564 2302 Bievra'
1585 2281 1591 2301 :
1617 2279 1668 2300 ιιιι
1692 2267 1773 2301 libr.
1796 2275 1828 2301 et
1851 2280 1871 2301 x
1892 2267 1985 2301 solid
2013 2268 2122 2314 paris.

339 2336 492 2369 Domum
518 2335 682 2381 magistri
708 2335 878 2381 Remigii,
905 2335 941 2368 in
967 2335 1047 2369 vico
1074 2336 1202 2369 Sancte
1228 2336 1429 2377 Genovese,
1455 2347 1535 2368 cum
1563 2334 1706 2368 duabus
1733 2334 1886 2367 cameris
1914 2341 1949 2368 ct
1975 2334 2124 2368 cellario

248 2402 359 2444 belm,
381 2408 417 2436 et
435 2402 590 2447 coquina
611 2413 719 2448 parva
742 2413 749 2435 ε
772 2402 897 2435 decem
920 2401 1002 2435 libr.
1026 2402 1218 2448 parisiens.

338 2470 492 2503 Domum
520 2468 638 2502 Noelli
664 2468 816 2509 Latomi,
845 2469 880 2502 in
911 2468 992 2502 vico
1019 2469 1138 2502 Sancti
1168 2468 1316 2514 Hylax-ii,
1347 2480 1428 2502 cum
1461 2479 1514 2501 nn
1544 2468 1699 2502 cameris
1723 2474 1758 2501 et
1783 2468 1939 2513 coquina
1971 2479 1978 2501 ε
2011 2467 2123 2502 libras

248 2543 337 2579 tres,
357 2535 499 2570 solidos
519 2535 645 2569 decem
667 2535 777 2582 paris.

337 2603 491 2637 Domum
522 2602 669 2636 domine
700 2601 864 2636 Johanne
893 2602 962 2637 Pie
990 2601 1143 2645 άό[ἔ]““,
1173 2602 1210 2636 in
1240 2602 1320 2636 vico
1351 2601 1506 2636 ecclesie
1532 2602 1652 2636 Sancti
1679 2601 1826 2648 llylarii,
1857 2614 1938 2635 eum
1969 2609 2123 2648 quatuor

247 2670 402 2705 cameris
427 2676 464 2704 et
489 2669 646 2715 coquina
670 2681 678 2703 :
701 2680 806 2703 Lxxvi
828 2668 969 2703 solidos
990 2669 1185 2716 parisiens.

336 2736 527 2772 Domum¹¹
564 2735 754 2771 chanonici
789 2736 909 2770 Sancti
949 2735 1135 2782 Stephani,
1169 2742 1252 2770 ante
1291 2737 1437 2770 domum
1471 2736 1635 2783 magistri
1667 2735 1844 2770 johannis
1880 2736 2044 2778 Romani,
2078 2736 2120 2769 ad

246 2803 396 2851 longum
422 2803 623 2846 introitum,
651 2803 687 2837 in
711 2803 792 2837 vico
817 2815 949 2849 magno
975 2803 1094 2837 Sancti
1114 2803 1252 2845 lambi,
1274 2815 1356 2838 cum
1382 2815 1446 2837 sex
1470 2803 1637 2845 cameris,
1659 2815 1739 2836 rum
1761 2802 1909 2837 cellario
1931 2809 1963 2837 et
1987 2809 2087 2849 prato
2112 2814 2119 2836 :

247 2882 377 2908 novem
398 2869 511 2905 libras
532 2870 725 2917 parisiens,

337 2938 490 2972 Domum
512 2936 650 2972 Nicolai
665 2937 853 2983 juvennis,
877 2937 912 2971 in
933 2937 1013 2972 vico
1035 2936 1214 2972 Bucherie
1237 2949 1245 2971 z
1268 2944 1349 2972 octo
1371 2936 1482 2971 libras
1503 2943 1539 2971 et
1559 2937 1766 2983 quindecim
1789 2936 1896 2970 solid.
1921 2935 2029 2982 paris.
