2580 3528
490 394 557 426 424
1075 402 1397 425 cnin’rULAan
1431 402 1624 424 umvnns.
1661 401 1791 424 Pinus.
2272 392 2372 433 [1262

491 478 529 511 in
550 490 661 511 unum
691 477 905 523 congregati
935 476 1160 510 consortium
1187 476 1231 509 de
1257 476 1419 509 fidelium
1451 475 1628 509 subsidiis
1657 475 1873 509 alerentuffl.
1906 476 2101 521 Sperantes
2130 475 2244 522 igitur
2273 475 2372 522 quod

492 545 632 578 eisdem
653 543 876 590 pauperibus
902 543 1099 577 subvenire
1128 543 1223 576 inter
1242 542 1309 576 alia
1336 542 1479 587 pietatis
1505 553 1615 587 opera
1636 541 1759 575 divine
1787 541 1980 576 clementie
2001 542 2049 576 sit
2068 549 2269 588 acceptum,
2291 542 2374 576 uni-

493 612 700 645 versitatem
730 617 886 645 vestram
916 622 1088 656 rogamus
1116 616 1152 642 et
1180 609 1367 642 hortamur
1392 609 1429 641 in
1451 608 1620 647 Domino,
1643 607 1749 642 vobis
1775 608 1812 641 in
1838 609 2095 642 remissionem
2122 609 2372 655 peccaminum

492 679 729 724 injungentes
758 677 928 723 quatinus
958 677 1003 710 de
1033 676 1141 710 bonis
1171 675 1277 710 vobis
1303 675 1445 708 collatis
1476 687 1494 708 a
1522 674 1678 708 Domino
1714 675 1892 709 studeatis
1922 675 1976 710 eis
2005 688 2150 710 manum
2181 677 2373 723 porrigere

491 746 664 787 caritatis,
701 745 748 778 ita
782 744 880 789 quod
914 744 984 789 ipsi
1018 743 1215 776 sustentari
1249 742 1439 775 commode
1474 741 1635 775 valeant⁸
1667 747 1703 775 et
1730 752 1796 775 vos
1826 754 1892 787 per
1920 741 1987 776 hec
2017 749 2053 776 et
2081 742 2149 777 alia
2177 742 2273 777 bona
2302 755 2375 789 que

492 812 640 847 Christo
669 812 870 857 inspirante
898 810 1071 851 feceritis,
1094 809 1244 855 possitis
1270 808 1314 841 ad
1339 808 1522 841 felicitatis
1548 808 1680 853 gaudia
1710 814 1835 841 eterne
1865 809 2070 854 pervenire.
2102 810 2177 843 Nos
2205 810 2301 843 enim
2329 809 2375 843 de

493 879 755 924 omnipotentis
783 877 850 910 Dei
880 876 1131 910 misericordia
1162 882 1197 908 et
1226 875 1415 908 beatorum
1444 875 1541 908 Petri
1571 881 1606 908 et
1636 874 1737 908 Pauli
1771 875 2022 920 apostolorum
2052 877 2132 921 ejus
2161 877 2375 910 auctoritate

492 945 635 985 confisi,
665 944 836 977 omnibus
861 956 946 977 vere
972 942 1222 988 penitentibus
1250 948 1286 975 et
1310 941 1504 983 confessis,
1528 941 1590 986 qui
1616 941 1670 974 eis
1694 941 1738 974 ad
1764 941 1833 975 hoc
1861 954 2005 975 manum
2034 943 2266 988 porrexerint
2283 943 2376 977 cari-

492 1012 589 1053 tatis,
611 1018 755 1044 centum
777 1011 857 1044 dies
879 1011 923 1043 de
944 1010 1118 1055 injunctis
1140 1009 1211 1042 sibi
1232 1008 1444 1054 penitentiis
1470 1008 1760 1042 misericorditer
1787 1008 2002 1042 relaxamus.
2030 1009 2269 1043 Presentibus
2292 1016 2378 1056 post

492 1079 687 1112 triennium
711 1078 858 1110 minime
879 1077 1057 1110 valituris.
1080 1077 1178 1120 Quas
1199 1076 1291 1109 mitti
1312 1087 1377 1121 per
1397 1075 1629 1121 questuarios
1650 1075 1854 1109 districtius
1874 1075 2096 1115 inhibemus,
2119 1088 2193 1118 eas,
2215 1077 2248 1110 si
2268 1089 2377 1112 secus

491 1152 609 1178 actum
644 1145 766 1186 fuerit,
797 1155 921 1177 carere
946 1143 1094 1188 juribus
1124 1143 1379 1176 decernentes.
1412 1143 1490 1176 Dat.
1521 1141 1678 1176 viterbii
1705 1154 1727 1175 x
1764 1142 1832 1176 kal.
1864 1142 1963 1185 Julii,
1995 1142 2229 1188 pontificatus
2258 1143 2377 1179 nostri

492 1224 587 1245 anno
609 1212 739 1257 primo.

586 1301 694 1326 Cartul.
712 1302 745 1325 de
759 1300 787 1325 Ia
802 1300 948 1325 Sorborme
962 1299 989 1322 in
1001 1299 1070 1323 Bibl.
1082 1302 1136 1322 nat.
1153 1299 1250 1328 Paris.,
1265 1307 1314 1322 ms.
1330 1299 1377 1322 lat.
1395 1299 1483 1328 16069,
1500 1299 1545 1322 fol.
1559 1299 1613 1322 110.
1631 1298 1779 1322 Coi-rectior
1793 1298 1821 1322 in
1833 1299 1996 1324 collectione
2007 1298 2103 1323 Marini
2116 1299 2148 1323 de
2163 1299 2248 1323 Ebolo
2260 1299 2288 1324 in
2297 1299 2376 1324 Areh.

490 1346 547 1369 Vat.
560 1354 627 1369 arm.
639 1346 677 1373 31,
689 1350 718 1368 n⁰
729 1346 767 1373 72,
785 1345 828 1368 fol.
841 1344 889 1368 18¹⁷
903 1344 969 1376 (sine
984 1347 1071 1367 tamen
1087 1343 1191 1367 nomine
1205 1352 1292 1375 papae
1307 1347 1332 1367 et
1346 1343 1475 1375 temporis
1491 1345 1572 1373 nota).
1582 1343 1609 1367 in
1619 1351 1671 1375 qua
1683 1343 1757 1367 deest
1772 1351 1784 1366 «
1799 1343 1968 1375 presentibus
1981 1351 1992 1367 »
2005 1343 2126 1376 usquein
2141 1344 2230 1368 finem.
2243 1357 2271 1363 —
2282 1344 2378 1369 fleme-

490 1400 577 1419 raeus,
595 1391 738 1415 Sei-bonae
749 1390 871 1420 oriyt'nes
886 1389 912 1412 in
930 1389 999 1412 Bibl.
1015 1392 1069 1412 nat.
1086 1388 1181 1417 Paris„
1200 1397 1249 1412 ms.
1266 1389 1312 1412 lat.
1336 1389 1406 1417 5493,
1425 1388 1468 1412 sol.
1490 1389 1519 1412 41
1540 1391 1565 1411 et
1584 1388 1655 1412 232b.
1678 1388 1817 1417 Jourdain,
1834 1392 1863 1411 n⁰
1883 1388 1937 1412 189.
1960 1388 1998 1412 Cf.
2022 1388 2164 1420 epistolam
2183 1389 2324 1414 Alexandri
2342 1389 2378 1414 lv

491 1436 587 1460 similis
600 1435 700 1459 tenoris
718 1443 800 1466 supra
815 1438 844 1457 n⁰
858 1435 912 1457 348.

585 1512 607 1535 1.
627 1511 715 1535 Primo
734 1511 761 1534 in
780 1510 900 1542 epistolis
922 1509 1065 1542 papalibus
1087 1509 1130 1532 hic
1154 1509 1270 1532 occurrit
1295 1509 1409 1541 simplex
1428 1509 1527 1533 locutio
1560 1517 1572 1532 (t
1595 1508 1762 1532 Universitas
1782 1508 1943 1532 Purisiensis
1971 1517 1994 1537 i),
2012 1508 2040 1532 in
2057 1508 2118 1532 aliis
2139 1509 2304 1534 documentis
2320 1509 2378 1542 im

490 1556 593 1588 pridem
609 1556 737 1579 adhibita.
753 1569 785 1573 —
799 1556 821 1578 2.
840 1564 851 1578 (t
872 1556 901 1578 In
918 1563 1005 1586 quo...
1022 1554 1184 1586 colliguntur
1200 1562 1211 1577 n
1228 1562 1279 1577 om.
1298 1555 1373 1578 Cart.
1394 1567 1424 1572 ·—
1445 1555 1466 1577 3.
1486 1555 1580 1579 Cara:
1593 1562 1603 1576 α
1616 1553 1754 1577 liberalem
1772 1561 1783 1576 »
1797 1561 1802 1582 ;
1828 1553 1910 1576 Ebolo
1931 1561 1937 1576 z
1956 1561 1968 1576 α
1982 1553 2139 1577 litteralium
2155 1562 2176 1578 ».
2198 1554 2332 1582 Con-ectio
2346 1562 2379 1579 ex

491 1601 620 1624 sententia
635 1600 716 1623 simili
731 1600 880 1623 documenti
896 1599 965 1623 infra
980 1604 1009 1622 n⁰
1024 1600 1077 1622 389.
1094 1612 1126 1616 —
1139 1600 1162 1622 4.
1180 1599 1217 1622 Ex
1231 1598 1280 1622 hoc
1296 1599 1353 1622 loco
1374 1598 1431 1622 luce
1452 1598 1550 1621 clarius
1571 1598 1655 1629 liquet
1673 1597 1761 1629 ipsam
1780 1597 1987 1622 Universitatem
2009 1598 2094 1622 Paris.
2117 1598 2260 1630 colleg-ium
2277 1598 2378 1623 Sorbo—

491 1646 579 1669 nicum
606 1645 639 1668 ab
652 1645 726 1668 initio
742 1644 817 1668 miris
833 1644 917 1667 modis
934 1644 1041 1672 fovisse,
1057 1643 1127 1675 quod
1142 1646 1168 1667 et
1182 1651 1214 1666 ex
1228 1643 1392 1666 documentis
1405 1642 1475 1666 infra
1490 1642 1524 1665 n¹⁵
1544 1643 1590 1666 408
1605 1646 1631 1666 et
1649 1642 1695 1666 413
1716 1645 1836 1674 apparet.
1854 1642 1938 1666 Immo
1956 1642 2086 1674 conjicere
2100 1651 2244 1674 possumus
2264 1643 2378 1676 collegio

492 1690 636 1714 Serbonico
658 1698 673 1713 a
689 1690 779 1713 multis
794 1689 892 1721 partim
912 1689 961 1712 hac
980 1697 1012 1712 ex
1030 1696 1111 1711 causa
1130 1696 1178 1720 per
1197 1691 1355 1711 testamenta
1375 1690 1399 1711 et
1420 1687 1574 1711 donationes
1589 1686 1728 1719 provisum
1744 1686 1835 1715 fuisse,
1851 1686 1914 1719 quia
1930 1686 2105 1711 Universitati
2120 1687 2204 1711 Paris.
2220 1687 2295 1712 cordi
2308 1691 2376 1718 erat,

491 1744 503 1758 <t
515 1738 544 1758 ut
556 1734 678 1766 magistri
693 1742 823 1766 pauperes
839 1734 870 1757 de
886 1733 1004 1757 fidelium
1019 1733 1146 1756 subsidiis
1163 1733 1296 1756 alerentur
1312 1741 1333 1755 1).
1351 1732 1378 1755 Si
1393 1732 1579 1755 documentum
1592 1734 1726 1755 servatum
1741 1731 1768 1755 in
1783 1731 1860 1755 Arch.
1877 1734 1930 1755 nat.
1947 1731 2032 1755 Paris.
2049 1732 2072 1755 J.
2085 1733 2139 1761 9116,
2150 1736 2181 1755 n⁰
2191 1732 2214 1761 1,
2225 1740 2294 1756 saec.
2306 1731 2377 1762 xm,

491 1780 624 1803 ascribere
646 1788 795 1811 possemus,
816 1782 970 1810 sequeretur
991 1778 1081 1810 utique
1103 1778 1137 1801 nd
1156 1778 1256 1801 dictum
1276 1777 1419 1809 collegium
1439 1777 1519 1800 etiam
1541 1777 1697 1808 erigendum
1720 1776 1927 1800 Universitatem
1951 1784 2045 1800 ansam
2066 1776 2232 1808 praebuisse,
2254 1785 2315 1801 cnm
2337 1776 2377 1802 ibi

492 1825 657 1849 universitas
678 1827 811 1856 proponat
834 1827 862 1847 ut
882 1832 1002 1847 summus
1023 1823 1170 1855 pontifex«
1187 1823 1250 1846 velit
1271 1830 1351 1846 unam
1371 1822 1480 1845 domum
1501 1822 1612 1845 fundare
1632 1825 1658 1845 et
1676 1821 1761 1845 eidem
1784 1824 1870 1845 certos
1890 1821 2009 1845 redditus
2030 1822 2170 1853 assignare
2185 1830 2266 1854 super
2280 1821 2377 1846 divites

491 1869 612 1892 abbatias
627 1872 653 1892 et
672 1869 816 1900 prioratus,
834 1868 859 1891 in
875 1876 927 1900 qua
947 1868 1053 1900 quidem
1073 1867 1151 1890 domo
1167 1867 1288 1898 magistri
1304 1875 1437 1898 pauperes
1454 1866 1480 1890 in
1495 1866 1598 1890 artibus
1619 1869 1679 1889 actu
1699 1869 1820 1897 regentes
1836 1874 1920 1897 usque
1935 1866 1969 1889 ad
1983 1866 2100 1898 aliquem
2114 1874 2254 1890 numerum
2269 1866 2378 1891 valeant

491 1914 634 1938 sustentari
655 1923 676 1937 n.
699 1915 745 1937 Ast
773 1913 872 1941 charta,
890 1921 957 1944 quae
971 1912 1099 1944 temporis
1115 1915 1177 1935 nota
1192 1915 1271 1940 curet,
1288 1914 1345 1935 tum
1360 1920 1412 1935 non
1427 1914 1467 1935 est
1482 1914 1541 1934 ante
1557 1914 1670 1935 aetatem
1684 1910 1813 1934 Johunnis
1830 1910 1898 1934 XXII
1917 1910 2025 1942 scripta,
2042 1913 2071 1934 ut
2086 1913 2111 1934 et
2125 1918 2157 1934 ex
2169 1910 2271 1943 reliquo
2286 1914 2377 1935 tenore

490 1959 571 1982 totius
587 1958 735 1982 documenti
751 1961 870 1989 apparet,
890 1961 946 1981 tum
962 1958 1117 1981 documento
1134 1961 1162 1980 n0
1178 1958 1222 1980 347
1238 1957 1405 1980 adversatur.
1422 1970 1451 1974 —-
1466 1958 1487 1979 5.
1505 1956 1544 1979 Ita
1602 1955 1717 1987 valeant]
1734 1958 1762 1979 ut
1779 1955 1832 1987 ipsi
1848 1958 1935 1978 vestro
1956 1955 2074 1987 presidio
2090 1958 2279 1985 sustententur,
2297 1957 2375 1981 Cart.

493 2109 764 2145 379.U1·ha11us
778 2117 918 2154 IVpriori
933 2117 968 2143 de
986 2116 1139 2142 Cardineto
1153 2119 1326 2152 potestatem
1342 2115 1509 2142 absolvendi
1528 2114 1676 2141 scholares
1692 2114 1859 2141 clericorum
1873 2123 2060 2150 percussores
2077 2114 2215 2142 concedit.

1506 2212 1583 2242 7263,
1600 2211 1718 2238 danuvii
1730 2212 1754 2241 9,
1772 2211 1840 2244 apud
1853 2210 1942 2237 vrbem
1958 2211 2086 2237 Veterem.

584 2287 753 2322 Urbanus
775 2288 971 2333 episcopus
993 2299 1122 2320 servus
1144 2298 1333 2319 servorum
1356 2286 1422 2319 Dei
1451 2285 1584 2319 dilecto
1611 2285 1685 2319 filio
1711 2312 1731 2318 ..
1755 2286 1868 2331 priori
1890 2285 1934 2318 de
1956 2285 2172 2319 Cardineto¹
2197 2284 2372 2318 Parisien.

494 2355 645 2388 salutem
673 2361 705 2388 et
733 2354 967 2400 apostolicam
989 2353 1296 2386 benedictionem.
1321 2352 1559 2386 Scientiarum
1581 2353 1717 2386 sontem
1739 2353 1918 2398 irriguum
1941 2352 2165 2397 fluviumque
2185 2351 2374 2391 virtutum,

496 2422 737 2454 l'arisienscm
766 2421 906 2454 scilicet
928 2420 1223 2461 Universitatem,
1245 2419 1447 2465 apostolico
1475 2419 1597 2453 favore
1623 2419 1733 2465 digne
1761 2419 2031 2464 prosequimur,
2062 2425 2098 2452 et
2125 2419 2223 2452 tanto
2251 2417 2375 2464 potius

495 2495 624 2521 statum
654 2489 732 2532 ejus
759 2500 974 2533 prosperum
1000 2488 1222 2528 affectamus,
1250 2493 1384 2531 quanto
1406 2486 1568 2532 potiores
1588 2486 1728 2519 fructus
1755 2486 1792 2518 in
1817 2485 2052 2531 provectione
2080 2484 2277 2518 multorum
2304 2483 2374 2518 sub

496 2555 723 2587 diversorum
761 2554 969 2599 dogmatum
1009 2554 1229 2587 fecunditate
1269 2553 1449 2599 producit.
1486 2554 1577 2587 Cum
1613 2553 1733 2598 itaque
1773 2553 1868 2586 sicut
1906 2564 1949 2585 ex
1987 2558 2087 2597 parte
2115 2550 2374 2585 Universitatis

490 2621 657 2665 ‘predicte
679 2621 746 2653 suit
766 2621 991 2665 propositum
1014 2633 1133 2653 coram
1156 2620 1275 2662 nobis,
1299 2620 1444 2665 quidam
1467 2627 1536 2653 tam
1558 2620 1723 2665 magistri
1744 2631 1851 2665 quam
1872 2618 2033 2652 scolares
2053 2618 2282 2652 Parisienses
2307 2629 2374 2663 pro

496 2687 652 2719 violenta
680 2687 874 2731 injectione
901 2699 1069 2719 manuum
1092 2687 1129 2719 in
1154 2687 1309 2720 clericos
1331 2693 1363 2719 et
1386 2699 1562 2732 personas
1589 2686 1856 2719 ecclesiasticas
1881 2685 2098 2720 sententiam
2125 2684 2375 2718 excommuni-

496 2753 649 2786 cationis
671 2753 903 2794 incurrerint,
922 2765 989 2786 nos
1010 2753 1174 2797 ejusdem
1194 2754 1450 2786 Universitatis
1471 2753 1801 2799 supplicationibus
1822 2752 1997 2794 inclinati,
2015 2751 2230 2785 absolvendi
2254 2763 2320 2796 per
2340 2757 2375 2784 te

497 2819 554 2852 vel
585 2831 649 2864 per
676 2819 784 2851 alium
813 2826 873 2851 aut
901 2819 992 2851 alios
1023 2819 1139 2852 dictos
1168 2832 1337 2852 manuum
1369 2820 1566 2865 injectores
1591 2821 1693 2865 juxta
1722 2820 1874 2853 formam
1903 2818 2058 2852 ecclesie
2088 2817 2132 2851 ab
2161 2816 2374 2863 hujusmodi

497 2885 880 2919 excommunicationis
922 2886 1114 2926 sententia,
1155 2885 1351 2919 dummodo
1390 2887 1508 2931 passis
1547 2887 1715 2931 injuriam
1755 2886 1999 2920 satisfecerint
2035 2891 2300 2930 competenter,
2339 2890 2376 2917 et

497 2952 641 2985 illorum
672 2964 743 2984 non
771 2951 880 2984 fuerit
904 2951 994 2984 adeo
1020 2952 1141 2996 gravis
1168 2958 1202 2984 et
1228 2953 1388 2985 enormis
1409 2965 1596 2995 excessus,
1620 2953 1718 2998 quod
1738 2959 1887 2998 propter
1911 2952 1980 2986 hoc
2005 2952 2049 2985 ad
2073 2951 2198 2985 sedem
2227 2957 2374 2996 aposto-
