2580 3528
472 383 538 419 430
922 391 1241 414 ann’ruman
1276 391 1467 413 tNivnns.
1505 390 1634 413 riuis.
2253 378 2355 419 [1263

474 466 608 507 manni,
623 473 678 506 'ut
703 466 857 507 dicebat,
880 478 984 511 quam
1013 465 1193 510 siquidem
1221 464 1366 497 domum
1389 464 1466 497 sive
1492 464 1611 497 scolas
1632 470 1741 509 prout
1764 463 1801 496 in
1826 463 1977 508 longum
2004 469 2039 495 et
2063 461 2174 495 latum
2195 473 2235 495 se
2256 473 2355 495 com-

475 540 618 578 portant
640 539 675 566 et
695 532 873 578 quidquid
895 532 991 577 juris
1016 531 1171 564 habebat
1196 531 1254 564 vel
1278 530 1413 564 hahere
1439 537 1580 576 poterat
1604 531 1640 563 in
1668 530 1763 564 dicta
1788 530 1897 563 domo
1923 530 1999 563 sive
2027 527 2139 562 scolis
2165 527 2355 574 predictus

474 600 702 634 Guillermus
728 612 847 633 coram
876 598 983 632 nobis
1012 598 1227 643 recognovit
1253 609 1292 630 se
1322 597 1535 631 vendidisse
1570 603 1605 630 et
1637 596 1868 630 vendicionis
1903 596 2050 630 nomine
2084 595 2353 643 imperpetuum

475 667 690 712 quittavisse
710 666 911 700 venerabili
930 666 1008 699 viro
1030 665 1205 710 magistro
1227 664 1386 697 Roberto
1408 664 1453 697 de
1475 663 1639 697 Sorbona
1664 663 1839 696 canonico
1865 663 2064 696 Parisiensi
2089 669 2125 696 et
2148 663 2228 707 ejus
2249 661 2356 695 here-

476 733 585 766 dibus
621 745 685 766 seu
713 745 855 765 causam
887 732 1065 765 habituris
1095 731 1138 763 ab
1167 731 1295 764 eodem
1324 742 1389 775 pro
1420 730 1551 775 viginti
1582 741 1645 763 sex
1674 729 1780 763 libris
1810 730 1920 775 paris.
1947 730 2022 774 jam
2051 729 2122 763 sibi
2153 728 2286 763 solutis
2317 728 2356 772 in

477 800 629 845 pecunia
651 806 835 832 numerata
857 805 895 831 ut
914 799 1107 831 confessus
1129 804 1182 830 est
1203 809 1323 829 coram
1346 796 1467 838 nohis,
1486 796 1706 831 renuncians
1727 796 1940 841 excepcioni
1956 796 2111 841 pecunie
2133 807 2206 829 non
2228 807 2358 829 nume-

478 874 564 907 rate,
597 879 670 899 non
700 866 819 899 solute
849 872 884 898 et
912 877 985 897 non
1011 870 1170 909 recepte,
1192 863 1408 908 promittens
1429 862 1500 895 fide
1521 863 1558 895 in
1583 874 1691 895 manu
1717 868 1841 896 nostra
1866 862 2016 908 prestita
2043 862 2224 907 corporali
2257 861 2357 907 quod

476 940 601 966 contra
621 933 874 966 vendicionem
898 938 933 964 et
953 930 1209 976 quittacionem
1231 929 1442 974 hujusmodi
1458 930 1542 974 jure
1562 929 1783 962 hereditario
1805 929 1944 962 ratione
1965 934 2190 974 conquestus
2206 935 2267 962 aut
2286 928 2358 963 alio

477 1011 624 1044 quoquo
641 1000 724 1043 jure
746 1010 812 1031 seu
833 998 940 1031 modo
961 1009 1026 1042 per
1046 1009 1085 1030 se
1106 996 1164 1030 vel
1190 1008 1254 1041 per
1274 996 1382 1029 alium
1410 1008 1483 1029 non
1507 996 1630 1029 veniet
1654 996 1691 1028 in
1716 996 1890 1029 futurum.
1913 996 2027 1028 Immo
2053 995 2183 1029 dictam
2209 995 2356 1030 domum

477 1066 553 1099 sive
575 1065 693 1099 scolas
714 1065 895 1110 predictas
915 1063 1079 1109 predicto
1101 1063 1275 1108 magistro
1298 1062 1458 1096 Roberto
1482 1062 1541 1096 vel
1567 1063 1646 1107 ejus
1672 1061 1872 1095 heredibus
1899 1062 1976 1096 sive
2002 1061 2283 1096 successoribus
2312 1061 2359 1096 ad

476 1133 594 1165 dictos
616 1138 690 1164 tres
711 1131 851 1164 solidos
872 1137 908 1163 et
927 1130 1117 1163 dimidium
1138 1129 1331 1162 censuales
1353 1129 1601 1162 tantummodo
1622 1128 1873 1174 garentizabit‚
1891 1128 2062 1162 liberabit
2077 1135 2113 1162 et
2127 1128 2301 1162 defendet
2318 1128 2358 1162 in

472 1199 613 1243 jndicio
635 1205 668 1231 et
695 1204 793 1231 extra
813 1197 858 1230 ad
878 1208 968 1230 usus
995 1203 1031 1230 et
1050 1196 1338 1230 consuetudines
1362 1196 1554 1241 parisiens.
1582 1203 1707 1229 contra
1729 1207 1871 1238 omnes,
1895 1207 2039 1229 necnon
2055 1202 2091 1229 et
2113 1195 2211 1241 quod
2227 1194 2359 1229 reddet

479 1266 575 1298 dicto
593 1265 746 1310 emptori
766 1264 824 1297 vel
845 1265 924 1309 ejus
945 1262 1146 1296 heredibus
1162 1275 1227 1296 seu
1244 1275 1387 1296 causam
1409 1262 1588 1296 habituris
1608 1262 1652 1296 ab
1673 1262 1804 1296 eodem
1824 1269 1969 1295 centum
1991 1262 2133 1296 solidos
2154 1261 2359 1308 parisiens.

480 1333 626 1365 nomine
656 1343 749 1377 pene
780 1331 810 1364 si
841 1331 934 1364 dieta
963 1330 1126 1364 venditio
1154 1336 1307 1363 retracta
1338 1329 1448 1363 fuerit
1476 1329 1534 1363 vel
1566 1330 1694 1371 evicta,
1726 1336 1899 1375 quantum
1927 1329 1971 1362 ad
2001 1329 2068 1362 hec
2099 1340 2139 1362 se
2169 1328 2266 1362 hona
2286 1337 2361 1367 ,sun

478 1399 598 1432 onmia
619 1399 655 1431 in
676 1397 965 1443 contraplegium
987 1396 1186 1442 obligando
1212 1403 1248 1430 et
1272 1403 1397 1430 nostre
1424 1397 1675 1441 jurisdictioni
1703 1396 1911 1442 specialiter
1939 1395 2196 1441 supponendo.
2226 1396 2358 1430 Datum

478 1478 573 1499 anno
595 1465 740 1498 Domini
763 1464 956 1497 millesimo
978 1463 1230 1497 ducentesimo
1252 1464 1328 1496 LX⁰
1348 1463 1524 1505 secundo,
1547 1475 1673 1496 mense
1694 1463 1837 1496 Martio.

575 1577 682 1601 Cartul.
702 1578 734 1601 de
754 1577 782 1600 la
798 1576 924 1604 Sorbon.,
947 1576 974 1598 in
994 1576 1062 1599 Bibl.
1088 1578 1141 1598 nat.
1159 1575 1242 1599 Paris.
1260 1583 1308 1598 ms.
1325 1575 1370 1598 lat.
1388 1575 1473 1604 16069,
1491 1577 1511 1598 [⁰
1525 1576 1564 1604 91,
1586 1575 1636 1598 sub
1651 1575 1759 1598 rubrica
1774 1583 1780 1598 2
1799 1584 1811 1598 (t
1827 1575 1892 1598 Item
1912 1574 2047 1599 Guillelmi
2068 1575 2207 1600 servientis
2228 1575 2362 1607 quondam

479 1622 636 1645 cancellario
660 1621 795 1644 Homerico
813 1621 839 1643 in
863 1621 953 1643 clauso
974 1619 1091 1643 Brunelli
1106 1628 1155 1651 pro
1173 1620 1259 1643 domo.
1277 1628 1288 1642 ι)
1313 1619 1467 1643 Videbimus
1488 1619 1558 1643 infra
1578 1624 1607 1642 n⁰
1621 1620 1676 1649 396,
1692 1627 1723 1643 ex
1737 1619 1789 1642 alio
1805 1619 1961 1643 documento
1981 1619 2100 1651 ejusdem
2124 1619 2187 1643 anni
2206 1622 2232 1643 et
2251 1619 2361 1648 mensis,

481 1666 658 1690 Haimericum
673 1669 734 1689 tunc
749 1665 803 1696 jam
819 1666 971 1688 defunctum
987 1665 1077 1688 fuisse.
1095 1665 1133 1688 Ad
1145 1664 1265 1688 chartam
1279 1664 1443 1696 publicatam
1462 1664 1522 1688 vide
1537 1672 1619 1696 supra
1639 1665 1825 1687 documentum
1842 1668 1871 1687 n⁰
1886 1665 1932 1688 239
1946 1668 1966 1693 Ι,
1985 1664 2060 1696 cujus
2079 1664 2210 1696 originale
2225 1667 2313 1688 eum
2334 1664 2362 1688 in

481 1711 556 1734 Arch.
574 1714 627 1734 nat.
645 1710 728 1734 Paris.
746 1711 773 1734 S.
789 1711 859 1738 6226,
876 1715 904 1733 n⁰
920 1710 957 1733 14.

484 1914 595 1951 388.
624 1923 754 1949 Urbanus
771 1924 787 1948 I
792 1924 815 1949 V
824 1922 1039 1957 congregationi
1050 1930 1213 1958 pauperum
1226 1921 1428 1956 magistrorum
1445 1921 1591 1947 Set-bonae
1604 1920 1789 1947 construendi
1805 1921 1963 1947 oratorium
1977 1920 2149 1955 facultatem
2165 1921 2306 1948 concedit.

1561 2041 1636 2070 1263,
1652 2040 1712 2066 Maii
1723 2041 1749 2070 4,
1765 2040 1935 2072 apud-Urbem
1952 2041 2075 2066 Veterem.

577 2134 745 2168 Urbanus
763 2134 958 2180 episcopus
975 2145 1104 2167 servus
1121 2145 1311 2167 servorum
1329 2133 1395 2166 Dei
1416 2132 1616 2167 venerabili
1637 2133 1738 2166 fratri
1758 2159 1779 2165 ..
1798 2133 1972 2178 episcopo
1995 2133 2193 2166 Parisiensi
2211 2132 2364 2166 salutem

486 2209 519 2234 et
541 2201 774 2246 apostolicam
793 2200 1099 2234 benedictionem.
1118 2201 1170 2233 De
1191 2200 1401 2233 dilatatione
1421 2200 1533 2233 studii
1555 2199 1762 2245 theologice
1782 2199 1964 2233 facultatis
1985 2199 2139 2233 letanter
2159 2199 2367 2233 audivimus

487 2268 585 2313 quod
607 2280 649 2300 cx
670 2268 790 2301 divina
811 2274 850 2300 ut
870 2267 1031 2301 creditur
1051 2266 1279 2312 plantacione
1300 2267 1337 2299 in
1358 2273 1437 2300 orto
1459 2266 1678 2300 Parisiensis
1698 2266 1809 2299 studii
1836 2266 2074 2312 congregatio
2099 2266 2252 2311 quedam
2279 2277 2367 2312 pau-

489 2347 614 2380 perum
643 2335 898 2380 magistrorum
929 2335 1032 2379 quasi
1053 2334 1196 2368 novella
1217 2333 1390 2379 plantatio
1412 2340 1468 2367 est
1488 2340 1624 2375 exorta,
1647 2345 1717 2378 que
1738 2333 1900 2366 Parisius
1921 2334 1958 2366 in
1979 2345 2052 2366 uno
2074 2322 2266 2366 comorans
2285 2317 2367 2367 vico

488 2409 569 2434 ante
591 2403 802 2434 Termarum
824 2401 994 2446 palatium
1016 2413 1055 2435 se
1076 2401 1318 2434 communiter
1338 2401 1455 2446 ipsius
1477 2401 1657 2446 scripture
1677 2400 1799 2433 studio
1821 2400 2020 2445 deputavit,
2042 2390 2107 2445 per
2128 2411 2233 2445 quam
2259 2398 2367 2433 facul-

489 2468 570 2501 tatis
610 2468 815 2513 theologice
855 2468 1015 2501 studium
1052 2468 1244 2514 magnifice
1279 2467 1502 2501 dilatandum
1542 2473 1709 2512 speratur
1741 2478 1784 2500 ex
1818 2479 1861 2500 eo
1897 2466 2087 2512 precipue,
2124 2466 2222 2511 quod
2255 2465 2366 2499 iidem

492 2534 653 2579 magistri
687 2546 768 2567 cum
802 2535 846 2567 ad
881 2535 1096 2568 discendum
1131 2535 1205 2568 sint
1237 2534 1378 2568 habiles
1412 2541 1538 2579 utpote
1571 2534 1633 2579 qui
1668 2533 1874 2567 docuerunt
1905 2533 1942 2566 in
1976 2532 2115 2566 artibus
2145 2539 2181 2566 et
2207 2533 2367 2570 animum

491 2600 645 2633 habeant
660 2601 703 2633 ad
721 2601 954 2642 studendum„
972 2602 1043 2634 cito
1064 2601 1145 2635 aliis
1166 2601 1287 2635 divina
1308 2602 1422 2647 gratia
1443 2601 1617 2646 irrigante
1637 2600 1855 2634 fructificare
1876 2606 2048 2645 poterunt
2067 2611 2132 2645 per
2152 2599 2366 2636 doctrinam.

494 2668 544 2699 Ex
578 2673 676 2711 parte
703 2667 882 2711 siquidem
909 2668 1208 2713 congregationis
1233 2668 1398 2713 ejusdem
1424 2668 1491 2701 suit
1514 2667 1622 2701 nobis
1647 2666 1833 2700 humiliter
1859 2666 2101 2712 supplicatum
2131 2672 2171 2699 ut
2198 2666 2252 2699 eis
2281 2677 2369 2714 con-

493 2733 658 2766 struendi
680 2734 875 2766 oratorium
902 2734 938 2767 in
962 2735 1043 2767 vico
1069 2735 1233 2780 predicto
1259 2742 1295 2768 et
1316 2735 1473 2768 faciendi
1498 2735 1542 2768 ad
1568 2746 1694 2767 eorum
1720 2745 1813 2779 opus
1838 2733 1974 2766 ibidem
1995 2733 2116 2766 divina
2137 2732 2253 2766 officia
2273 2732 2370 2782 cele-

495 2799 591 2832 brari
621 2811 685 2844 per
712 2799 869 2843 aliquem
898 2800 1079 2844 ydoneum
1111 2801 1337 2835 sacerdotem
1368 2802 1421 2835 eis
1456 2801 1637 2834 licentiam
1673 2800 1876 2834 concedere
1911 2799 2157 2845 dignaremur.
2192 2799 2369 2833 Volentes

494 2866 607 2911 igitur
628 2865 706 2907 tibi,
729 2866 790 2910 qui
814 2866 885 2898 loci
916 2867 1134 2900 diocesanus
1162 2868 1302 2910 existis,
1324 2868 1360 2901 in
1381 2868 1445 2901 hac
1467 2874 1566 2913 parte
1588 2867 1743 2900 defferre
1768 2866 1983 2900 fraternitati
2004 2872 2064 2899 tue
2085 2878 2150 2911 per
2170 2865 2370 2911 apostolica

495 2932 628 2977 scripta
656 2931 868 2965 mandamus
896 2932 1065 2976 quatinus
1086 2934 1362 2979 congregationi
1388 2934 1551 2979 predicte
1572 2933 1760 2967 licenciam
1782 2932 1994 2978 hujusmodi
2014 2932 2225 2966 auctoritate
2246 2938 2370 2979 nostra
