2580 3528
281 421 379 462 1231]
624 431 672 454 AB
705 431 812 454 ΑΝΝο
846 431 924 454 nec
957 431 1091 460 tisoni:
1125 432 1175 453 An
1209 431 1440 454 rfflmrrnm
1476 432 1516 454 iv
1550 433 1638 454 Res.
1677 433 1813 455 russo.
2098 425 2154 456 141

279 505 464 551 exemplar
500 504 678 539 exhibens
705 511 740 539 te
770 504 974 539 scolaribus
1007 505 1243 539 favorabilem
1272 512 1308 538 et
1336 505 1552 551 benignum,
1588 506 1820 551 privilegium
1855 506 1951 539 clare
1986 508 2160 540 memorie

278 571 438 618 Philippi
467 571 568 618 regis
594 572 651 606 avi
678 571 730 605 tui
757 572 811 605 eis
840 572 995 606 innoves
1016 578 1052 605 et
1072 571 1262 614 observes,
1291 578 1327 605 et
1352 572 1462 605 facias
1489 571 1533 605 ab
1560 572 1640 605 aliis
1667 572 1886 606 observari¹.
1911 573 2158 618 Hospitiorum

279 649 426 684 quoque
456 638 675 672 taxationem
705 650 771 684 per
800 639 893 672 duos
920 638 1116 685 magistros
1144 645 1180 672 et
1209 638 1302 672 duos
1331 638 1539 684 burgenses
1569 639 1613 672 ad
1643 638 1711 672 hoc
1739 639 1784 672 de
1815 652 1999 673 consensu
2027 641 2161 685 magis—

279 712 418 738 trorum
448 705 587 739 electos
612 706 821 751 juramento
850 706 1003 751 prestito
1032 705 1190 739 fideliter
1219 706 1433 748 faciendam,
1456 706 1547 747 sive,
1569 706 1599 739 si
1623 705 1831 752 burgenses
1856 718 1929 739 non
1955 707 2159 740 curaverint

278 771 473 813 interesse,
506 772 695 818 pe'r'duos
726 772 935 818 magistros,
964 773 1059 806 sicut
1087 772 1166 805 fieri
1196 773 1400 814 consuevit,
1432 773 1486 806 eis
1512 773 1591 806 sine
1618 772 1828 806 difficultate
1856 773 2050 815 concedas,
2079 786 2158 806 cum

277 838 367 872 alias
380 838 498 872 nimis
518 850 600 872 cara
621 838 779 885 hospitia
804 840 1011 875 conducere
1036 846 1270 885 cogerentur.
1298 841 1341 873 Et
1361 840 1444 885 quia
1470 839 1589 873 honor
1609 840 1708 886 regis
1730 846 1798 882 est,
1821 846 1860 873 ut
1878 840 2056 885 justitiam
2079 841 2165 873 dili-

277 909 371 951 gens
396 905 544 950 injuriis
572 906 793 948 adverseris,
822 906 1011 940 emendam
1038 918 1108 952 que
1134 918 1200 952 pro
1225 907 1371 952 injuriis
1396 919 1514 952 nuper
1538 906 1648 940 illatis
1674 906 1879 940 scolaribus
1905 907 2038 940 dicitur
2063 908 2162 940 ordi-

277 978 373 1014 nata,
400 972 512 1006 facias
545 972 751 1018 adimpleri,
779 985 908 1018 preces
936 980 972 1006 et
1005 973 1141 1006 monita
1168 980 1292 1007 nostra
1324 973 1444 1007 taliter
1472 973 1704 1019 impleturus,
1734 973 1833 1019 quod
1865 974 2158 1019 propitiationem

278 1037 436 1072 divinam
459 1039 593 1072 exinde
614 1038 766 1073 uberius
788 1040 975 1082 merearis7
999 1046 1034 1073 et
1058 1052 1126 1073 nos
1151 1039 1469 1073 mansuetudinem
1497 1046 1592 1073 tuam
1618 1041 1804 1086 possimus
1826 1040 1954 1073 merito
1976 1042 2162 1074 commen—

277 1104 377 1138 dare.
400 1105 480 1138 Dat.
506 1106 673 1139 Laterani
694 1106 778 1152 xviij
801 1106 870 1140 kal.
893 1107 992 1148 Maii,
1015 1106 1246 1152 pontificatus
1267 1107 1382 1140 nostri
1403 1118 1499 1140 anno
1520 1107 1661 1151 quinto.

373 1189 510 1221 Originnle
530 1190 558 1214 in
578 1191 655 1214 Δις-11.
672 1194 724 1214 nat.
747 1191 831 1215 Paris.
848 1191 875 1215 L.
893 1193 947 1220 242,
969 1196 998 1215 n0
1017 1192 1054 1215 79.
1076 1191 1153 1215 Bulla
1174 1191 1277 1223 plumb.
1294 1191 1346 1215 filis
1368 1191 1479 1215 cannah.
1505 1190 1673 1223 appenditur.
1698 1192 1727 1215 ln
1744 1199 1838 1215 aversa
1862 1192 2016 1215 membrana
2034 1192 2132 1223 legitur
2153 1201 2157 1205 ·

277 1242 289 1257 (ι
305 1234 429 1266 magistri
445 1234 586 1258 Alexandri
602 1243 624 1259 ³).
642 1236 714 1259 Infra
730 1244 736 1259 z
753 1236 782 1260 R.
799 1236 905 1268 (Script.
926 1236 953 1259 in
970 1236 1097 1268 Regesto).
1118 1236 1157 1260 Cf.
1175 1235 1281 1260 Archiv
1300 1237 1319 1266 f.
1342 1236 1518 1261 Litteratur-
1532 1237 1596 1261 und
1609 1236 1899 1267 Kirchenyeschichte,
1921 1237 1966 1264 111,
1989 1238 2035 1260 630
2055 1245 2114 1268 sqq.
2129 1251 2160 1254 —

275 1278 340 1310 Reg.
358 1278 415 1302 Vat-
432 1279 555 1310 Gregorii
571 1279 612 1303 lx.
630 1288 672 1304 un.
692 1282 714 1308 5,
735 1289 776 1312 ep.
793 1281 832 1309 34,
849 1281 893 1304 fol.
917 1281 956 1304 81.
973 1281 1035 1304 Cod.
1052 1281 1109 1304 Vat.
1127 1281 1190 1312 Reg.
1206 1281 1261 1309 ¹106,
1277 1281 1322 1304 rol,
1342 1282 1365 1304 6.
1388 1281 1456 1304 Bibt.
1479 1281 1612 1312 Phillipps
1628 1281 1653 1304 in
1674 1281 1854 1309 Cheltenham,
1876 1289 1924 1304 ms.
1943 1282 1997 1309 876,
2014 1281 2058 1304 sol.
2077 1281 2112 1305 71’.
2128 1295 2158 1298 —

276 1322 401 1352 Bulaeus,
418 1323 464 1352 111,
482 1324 534 1348 143.

371 1381 393 1404 1.
411 1381 463 1404 Sed
477 1381 534 1413 jam
549 1389 618 1406 anno
634 1383 696 1406 1229
713 1382 885 1415 privilegium
900 1383 1018 1415 Philippi
1038 1383 1149 1415 Augusti
1170 1383 1314 1407 renovavit.
1332 1384 1419 1415 Supra
1439 1387 1469 1406 n⁰
1487 1384 1526 1407 66.
1548 1383 1623 1407 Certe
1639 1391 1690 1406 uon
1710 1383 1805 1406 iterum
1824 1383 1961 1407 renovavit
1978 1383 2157 1415 privilegium,

275 1425 323 1449 sed
340 1425 452 1449 forsitan
468 1426 611 1450 formulam
623 1426 767 1459 juramenti
782 1435 797 1450 a
811 1427 964 1459 praeposito
979 1428 1133 1460 praestandi
1147 1427 1330 1460 praescripsit.
1342 1428 1407 1452 Vide
1420 1432 1449 1451 n⁰
1459 1429 1498 1451 67.

276 1573 356 1612 83·
383 1575 534 1610 Gregorius
550 1577 595 1602 IX
604 1575 759 1612 magistros
773 1575 910 1602 Iacobum
926 1575 962 1602 de
976 1576 1087 1602 Dinant
1101 1575 1337 1602 archidiaconum
1354 1576 1544 1602 Morinensem
1559 1578 1587 1601 et
1607 1575 1787 1605 Warnacium
1802 1575 1970 1601 canonicum
1988 1575 2159 1602 Tervisinum

368 1630 494 1658 Parisiis
514 1631 734 1654 commorantem
755 1625 895 1661 hortatur,
914 1629 945 1651 ut
960 1625 1175 1661 inquisitionem
1193 1634 1281 1661 super
1294 1624 1378 1651 domo
1395 1626 1422 1651 S.
1445 1623 1567 1650 rhomae
1582 1624 1611 1650 in
1627 1625 1754 1660 Lapara,
1773 1624 1830 1650 nisi
1839 1625 1903 1659 jam
1923 1625 2013 1659 suerit
2028 1633 2159 1650 consum-

366 1683 456 1715 mata,
475 1678 516 1705 ad
528 1680 616 1714 finem
627 1675 799 1714 perducant.
1639 1709 1645 1715 .
1656 1709 1662 1715 ἢ
1863 1709 1869 1715 .

1495 1710 1567 1739 1231,
1583 1709 1674 1742 Api-tlte
1691 1709 1728 1739 18,
1745 1709 1872 1736 Laterum.

366 1789 576 1836 Gregorius
609 1787 806 1834 episcopus
841 1797 970 1820 servus
1010 1797 1200 1819 servorum
1235 1784 1302 1818 Dei
1341 1784 1486 1818 dilectis
1520 1784 1606 1817 filiis
1641 1784 1826 1829 magistris
1868 1783 2003 1817 Jacobo
2042 1784 2159 1818 archi-

276 1858 430 1892 diacono
469 1855 672 1890 Morinensi
705 1860 742 1887 et
773 1853 991 1890 Warnacio¹
1021 1852 1198 1886 canonico
1229 1851 1447 1885 Tervisino²
1480 1851 1642 1884 Parisius
1672 1851 1909 1884 commoranti
1942 1851 2094 1884 salutem
2125 1859 2160 1885 et

275 1923 513 1971 apostolicam
534 1921 842 1956 benedictionem.
865 1919 957 1954 Cum
979 1919 1074 1952 sicut
1093 1917 1342 1952 intelleximus
1368 1917 1525 1951 dilectus
1546 1917 1644 1950 filius
1670 1924 1796 1951 noster
1817 1919 1856 1950 R.
1881 1918 1999 1951 Sancti
2025 1918 2158 1963 Angeli

276 1991 454 2025 diaconus
483 1988 680 2024 cardinalis
708 1987 924 2022 Portuensis
953 1986 1093 2020 electus
1122 1992 1208 2019 tunc
1236 1984 1437 2031 apostolice
1467 1985 1568 2018 sedis
1595 1984 1738 2030 legatus
1763 1996 1875 2030 super
1903 1984 2011 2018 domo
2038 1985 2158 2018 Sancti

276 2058 415 2092 Thome
441 2058 479 2091 in
503 2058 646 2102 Lupera
674 2053 876 2089 venerabili
905 2053 1005 2087 fratri
1035 2059 1162 2086 nostro
1191 2052 1391 2098 Ardengo⁸
1421 2051 1595 2098 episcopo
1626 2051 1837 2085 Florentino
1868 2058 1953 2085 tunc
1983 2052 2159 2085 canonico

276 2124 447 2171 Papiensi
485 2122 647 2157 Parisius
685 2120 923 2155 commoranti
962 2126 998 2154 et
1036 2119 1170 2153 dilecto
1209 2119 1285 2152 filio
1324 2118 1546 2152 Bituricensi
1584 2117 1840 2151 archidiacono
1883 2118 2158 2163 inquisitionem

276 2183 504 2224 commiserit
529 2188 743 2230 faciendam,
771 2187 858 2221 licet
884 2198 1002 2232 usque
1029 2186 1073 2220 ad
1101 2185 1375 2220 conclusionem
1403 2184 1672 2219 attestationum
1701 2185 1811 2218 suerit
1834 2184 1871 2217 in
1897 2185 2052 2230 negocio
2078 2185 2159 2231 ipso

279 2268 508 2303 processum,
535 2261 684 2302 propter
707 2254 825 2289 varias
852 2260 971 2287 tamen
998 2252 1258 2299 occupationes
1284 2252 1449 2298 ejusdem
1475 2251 1585 2297 legati
1611 2251 1771 2284 nondum
1804 2251 1934 2284 exinde
1960 2251 2080 2285 finalis
2105 2258 2161 2285 est

279 2329 429 2357 secutus
451 2322 615 2356 effectus.
644 2322 697 2355 Ne
724 2321 837 2367 igitur
862 2319 1052 2365 inquisitio
1078 2319 1257 2353 inutiliter
1280 2318 1447 2352 videatur
1471 2318 1625 2363 incepta,
1649 2317 1720 2350 nisi
1746 2317 1856 2350 suerit
1875 2317 1971 2350 sicut
1990 2317 2161 2351 convenit

279 2395 544 2431 consummata,
567 2387 782 2422 discretioni
801 2392 922 2421 vestre
953 2397 1018 2432 per
1045 2385 1243 2431 apostolica
1268 2385 1402 2431 scripta
1423 2384 1649 2425 mandamus,
1671 2383 1842 2429 quatinus
1867 2383 2160 2417 attestationibus

279 2455 372 2502 ipsis
393 2455 425 2489 si
450 2461 623 2501 poterunt
649 2453 806 2487 inveniri
830 2452 988 2498 receptis
1015 2451 1185 2498 aperiatis
1211 2451 1371 2493 easdem,
1393 2457 1429 2484 et
1455 2450 1610 2496 negocio
1632 2449 1740 2483 finem
1762 2449 1924 2483 debitum
1951 2449 2157 2495 imponatis.

278 2522 385 2567 Quod
407 2522 438 2556 si
463 2523 558 2556 sorte
583 2520 740 2555 inveniri
761 2531 835 2554 non
855 2525 1040 2566 poterunt,
1061 2530 1128 2552 vos
1148 2517 1423 2564 inquisitionem
1445 2517 1575 2551 iterum
1596 2517 1771 2550 facientes
1796 2515 2003 2562 procedatis
2028 2516 2160 2550 exinde

279 2595 388 2636 prout
407 2588 610 2623 secundum
632 2588 747 2621 Deum
768 2586 935 2620 videritis
956 2585 1243 2632 procedendum,
1264 2582 1552 2618 contradictores
1573 2595 1638 2630 per
1657 2595 1849 2617 censuram
1875 2582 2159 2617 ecclesiasticam

278 2655 524 2703 appellatione
547 2654 750 2701 postposita
771 2652 1053 2699 compescendo.
1077 2653 1155 2686 Dat.
1179 2651 1345 2685 Laterani
1365 2651 1440 2697 xiiij
1462 2650 1532 2684 kal.
1554 2651 1652 2693 Maii,
1675 2650 1906 2696 pontificatus
1928 2650 2043 2683 nostri
2064 2662 2159 2683 anno

279 2722 419 2769 quinto.

372 2800 564 2832 Apogruphum
579 2807 706 2824 coaevum
721 2799 747 2823 in
763 2798 840 2823 Arch.
861 2801 914 2822 nut.
931 2797 1015 2822 Puri..
1033 2797 1065 2821 Μ.
1081 2798 1111 2821 67
1119 2798 1143 2826 Α,
1160 2800 1189 2820 n⁰
1203 2796 1241 2821 21.
1258 2795 1410 2821 pertinebat
1421 2796 1454 2819 nd
1470 2795 1546 2820 Arch.
1563 2794 1685 2819 univers.
1698 2808 1730 2813 --
1744 2795 1808 2819 eod.
1823 2795 1880 2819 Vnt.
1897 2795 1961 2826 Reg.
1981 2795 2036 2824 406,
2054 2795 2097 2818 sol.
2117 2795 2158 2823 11;

278 2844 347 2869 Bibt.
363 2844 496 2877 Phittipp·
517 2844 544 2869 in
561 2844 743 2872 Cheltenlmm,
761 2852 810 2868 mu.
829 2844 884 2872 8713,
902 2843 946 2867 tot.
969 2842 1024 2866 11⁵.
1044 2842 1107 2866 eod.
1124 2842 1182 2866 Vnt.
1203 2842 1266 2874 ch.
1282 2844 1308 2865 et.
1323 2841 1446 2870 Bulaeus,
1465 2840 1511 2869 11¹,
1528 2840 1582 2869 1¹16,
1598 2839 1646 2863 bns
1661 2839 1763 2863 litteras
1783 2839 1816 2863 ud
1833 2839 1870 2871 iiij
1886 2839 1937 2863 kat.
1955 2839 2016 2863 Maii
2031 2841 2156 2863 referunt.

279 2889 352 2914 Idem
366 2889 505 2918 Jourdnin,
523 2895 552 2913 n·
566 2890 606 2918 110,
622 2891 648 2913 et
662 2888 792 2917 Potthast,
810 2892 840 2912 n⁰
856 2888 926 2912 87³0.

372 2947 396 2972 1.
413 2947 477 2972 eod.
494 2946 632 2972 Chettenh.
652 2957 661 2967 ι
678 2945 814 2971 Wurnntio
836 2955 857 2970 υ.
875 2959 906 2964 -
921 2946 944 2970 2.
964 2945 993 2969 ln
1013 2953 1106 2977 apogr.
1125 2952 1130 2968 z
1150 2955 1159 2965 ι
1176 2943 1323 2968 ’fervit-ion.
1343 2954 1350 2965 ι
1369 2943 1405 2968 De
1424 2942 1475 2967 intuo
1494 2942 1599 2967 nomine
1618 2941 1678 2966 vido
1698 2942 1730 2966 ud
1754 2941 1856 2965 littera·
1872 2944 2019 2974 nequentes.
2034 2954 2066 2959 —
2081 2942 2104 2965 3.
2123 2941 2158 2965 De

278 2990 340 3024 ipso
355 2994 381 3016 et
395 2991 428 3016 de
442 2991 543 3016 secubo
559 2992 592 3016 cf.
612 2999 695 3024 napi-n
710 2991 743 3015 nd
758 2995 788 3015 n⁰
801 2991 840 3015 et.
