2618 3640
662 422 709 445 AB
743 421 987 444 ALEXANDRO
1022 421 1071 442 111
1106 421 1239 449 USQUE
1275 421 1324 442 AD
1359 421 1498 442 ANNUM
1533 421 1622 443 MCC.
2041 411 2082 447 27

202 500 315 539 Porro
338 497 537 531 enormiter
557 503 693 542 peccat,
721 507 834 541 seque
856 495 929 529 vite
951 494 1069 528 aliene
1094 507 1197 528 reum
1222 488 1425 536 constituit,
1448 494 1509 539 qui
1530 494 1630 527 viros
1655 494 1692 527 in
1718 501 1809 527 etate
1831 501 1954 527 tenera
1975 495 2084 528 nimia

202 564 442 598 familiaritate
463 570 500 597 et
519 562 694 597 suavibus
717 562 841 596 verbis
865 561 1016 595 emollit.
1042 562 1160 607 Cyrus
1183 561 1387 602 Persicus2,
1413 561 1458 593 de
1485 573 1556 606 quo
1579 560 1747 594 ducentis
1769 567 1804 594 et
1824 561 1949 594 decem
1981 561 2085 594 annis

204 631 306 678 prius
322 630 530 677 predixerat
543 630 672 664 Ysaias
691 641 698 663 :
718 644 735 661 «
753 629 901 664 Christo
918 641 999 662 meo
1016 629 1126 674 Cyro,
1143 629 1248 673 cujus
1265 627 1490 674 apprehendi
1507 627 1704 669 dexteram,
1724 627 1899 660 subiciam
1916 634 2046 673 gentes
2069 641 2085 658 »

205 705 241 732 et
273 710 398 744 regna,
435 697 590 732 Cresum
614 698 717 742 juxta
750 696 845 730 Alim
883 696 1034 730 fluvium
1068 695 1224 737 vicerat;
1261 706 1417 740 cumque
1448 694 1560 728 multe
1595 694 1697 727 illum
1733 694 1909 727 fecissent
1935 694 2087 728 victorie

204 765 421 812 gloriosum,
454 764 538 809 quia
567 770 687 797 tamen
716 769 862 809 gentem
894 763 1067 795 Lidorum
1099 762 1201 807 prius
1230 761 1443 795 bellicosam
1473 762 1559 794 fecit
1587 773 1712 794 vacare
1742 761 2088 802 comessationibus,

205 831 303 866 ludis
323 838 430 877 atque
450 830 692 876 amplexibus,
714 836 754 863 ut
773 830 825 863 sic
847 836 994 875 gentem
1021 829 1177 863 eviraret
1201 829 1425 870 acerrimam,
1447 841 1466 861 a
1488 828 1614 874 regina
1635 830 1921 873 Massagetarum
1948 828 2089 861 Tamari

205 899 323 933 victus
348 904 385 931 et
408 898 554 931 occisus
579 904 636 931 est
658 909 665 930 :
689 909 759 942 que
785 909 866 930 cum
892 896 993 930 illius
1018 903 1126 942 caput
1145 896 1182 929 in
1208 902 1325 929 utrem
1352 895 1531 941 sanguine
1559 895 1707 941 plenum
1733 895 1921 928 misisset:
1946 909 1962 926 «
1986 894 2088 936 Bibe,

206 965 337 1011 inquit,
360 965 589 1011 sanguinem,
613 976 719 1009 quem
742 964 864 997 sitisti.
889 977 905 994 »
929 978 945 995 «
967 963 1257 1009 Apprehendite,
1279 963 1398 1008 inquit
1418 962 1607 1008 propheta,
1631 961 1873 1007 disciplinam,
1897 962 2091 1007 nequando

207 1032 384 1066 irascatur
408 1021 599 1065 Dominus.
625 1045 641 1061 »
663 1031 817 1076 Arguite
844 1037 879 1063 et
904 1030 1032 1064 docete
1058 1030 1257 1076 diligenter
1282 1036 1436 1075 nepotes
1461 1035 1617 1071 vestros,
1649 1041 1695 1062 ne
1725 1041 1867 1062 causam
1895 1028 2091 1062 insolentie

209 1105 348 1145 prestet
381 1098 490 1132 nimis
524 1097 656 1131 blanda
696 1104 732 1131 et
768 1097 956 1131 familiaris
995 1097 1149 1130 affectio.
1190 1097 1449 1138 Insormentur,
1490 1108 1618 1141 queso,
1654 1095 1698 1129 ad
1733 1108 1850 1141 opera·
1876 1095 2090 1137 honestatis,

209 1166 375 1199 nesciant
399 1165 635 1211 experientia,
663 1164 750 1210 quid
777 1164 825 1197 sit
849 1170 1049 1209 peccatum,
1077 1164 1270 1208 omnisque
1302 1163 1540 1209 turpitudinis
1566 1163 1709 1196 occasio
1736 1162 1955 1208 precidatur.
1981 1162 2093 1196 Judas

210 1239 247 1266 et
273 1233 443 1278 Symeon,
473 1232 568 1265 sicut
596 1231 633 1264 in
662 1231 831 1265 Judicum
861 1230 1010 1276 legitur,
1041 1231 1120 1276 regi
1151 1229 1291 1263 Bezech
1321 1230 1398 1263 sive
1427 1229 1671 1271 Adombezec,
1703 1229 1765 1274 qui
1795 1241 1858 1262 eos
1887 1229 2092 1272 infestabat,

213 1299 440 1333 summitates
470 1310 642 1333 manuum
669 1297 914 1331 absciderant.
945 1298 1002 1330 Sic
1033 1304 1069 1330 et
1098 1309 1166 1330 nos
1193 1304 1314 1330 motus
1346 1296 1548 1341 pubertatis
1578 1296 1770 1342 prevenire
1801 1302 1956 1341 oportet,
1987 1303 2094 1341 atque

211 1365 417 1411 iniquarum
447 1365 638 1411 precidere
668 1364 852 1410 primicias
887 1364 1083 1397 actionum.
1115 1364 1179 1397 Isti
1210 1370 1296 1396 sunt
1325 1363 1465 1408 parvuli
1500 1362 1701 1404 Babilonis,
1738 1375 1831 1407 quos
1865 1363 1909 1396 ad
1943 1370 2094 1408 petram,

213 1444 283 1478 que
308 1431 478 1466 Christus
508 1437 575 1473 est,
604 1437 748 1476 oportet
773 1430 886 1463 allidi.
916 1431 1063 1472 Beatus,
1092 1430 1153 1476 qui
1179 1429 1319 1463 tenebit
1348 1436 1384 1462 et
1407 1429 1533 1462 allidet
1557 1429 1728 1474 parvulos
1757 1441 1844 1462 suos
1872 1429 1916 1462 ad
1943 1436 2094 1475 petram.

214 1499 394 1545 Scriptum
410 1505 466 1532 est
481 1498 578 1532 enim
598 1510 605 1531 :
625 1512 641 1529 «
659 1497 743 1543 quia
759 1497 867 1543 proni
883 1504 970 1531 sunt
985 1509 1118 1530 sensus
1134 1497 1294 1530 hominis
1311 1496 1354 1530 ab
1371 1495 1618 1529 adolescentia
1634 1496 1672 1528 in
1689 1495 1822 1529 malum
1841 1510 1871 1528 ».
1890 1496 2100 1542 Amputetis

214 1566 326 1612 igitur
351 1566 577 1612 prurientem
603 1565 641 1598 in
666 1571 791 1598 tenera
812 1571 905 1598 etate
926 1564 1117 1607 maliciam,
1144 1577 1223 1603 nam
1247 1570 1282 1597 et
1307 1563 1493 1608 spinarum
1516 1562 1690 1608 plantaria
1711 1562 1853 1596 facilius
1876 1563 2096 1605 evelluntur,

214 1639 406 1678 antequam
427 1632 645 1666 coalescant.

308 1730 434 1754 Biblioth.
450 1733 504 1754 nat.
521 1730 605 1755 Paris.
623 1738 672 1753 ms.
688 1729 734 1753 lut.
752 1729 839 1758 14764,
855 1737 924 1753 suec.
941 1730 1009 1754 XIII.
1026 1729 1136 1758 ineunt.,
1153 1730 1197 1754 sol.
1214 1730 1253 1753 41.
1270 1743 1301 1747 —-
1316 1729 1412 1760 Migne,
1429 1728 1539 1753 Patrol.
1555 1728 1611 1756 lat„
1628 1730 1691 1751 tom.
1709 1728 1806 1756 CCVII,
1823 1736 1864 1759 ep.
1882 1728 1920 1756 51,
1937 1737 1963 1760 p.
1982 1728 2035 1752 15¹1.

310 1816 333 1840 1.
350 1816 376 1841 S.
393 1816 491 1840 Paulus
507 1816 540 1845 11,
558 1817 630 1845 Cor„
647 1817 670 1845 1,
687 1816 725 1840 17.
740 1830 772 1834 —
787 1817 809 1839 2.
828 1816 876 1840 Ms.
891 1816 969 1839 14764
984 1819 1009 1839 et
1024 1823 1073 1839 ms,
1090 1816 1160 1844 2605,
1178 1815 1222 1839 sol.
1239 1816 1278 1843 42,
1296 1823 1308 1838 «
1325 1814 1469 1846 Spartacus
1485 1822 1507 1838 ».

218 1987 297 2026 25.
320 1997 424 2023 Petrus
438 1996 585 2023 Blesensis
604 1997 637 2023 R.
655 1995 862 2023 archidiacono
878 1996 1056 2023 Nannetensi
1070 1996 1189 2033 exponit
1207 1995 1243 2022 de
1258 1996 1371 2031 ingenio
1392 1999 1525 2032 nepotum
1544 1995 1665 2021 duorum
1684 2003 1756 2020 suae
1777 1994 1952 2020 institutioni
1971 1994 2102 2019 commis-

306 2054 411 2082 sorum,
428 2045 571 2082 simulque
585 2045 669 2072 docet
682 2046 797 2073 nonnisi
805 2046 897 2082 jactis
908 2045 1000 2082 probe
1013 2045 1212 2080 fundamentis
1226 2045 1430 2081 grammatices
1445 2044 1486 2071 ad
1500 2044 1671 2070 sublimiora
1686 2043 1786 2070 studia
1798 2042 2051 2080 progrediendum.

1481 2148 1505 2174 0.
1521 2156 1560 2174 an.
1578 2147 1650 2177 neo,
1667 2147 1780 2174 Parisiis.

311 2236 514 2270 Karissimo
544 2237 693 2271 domino
724 2243 760 2271 et
788 2237 903 2270 amico
929 2248 997 2270 suo
1028 2238 1068 2270 R.
1100 2236 1356 2270 archidiacono
1383 2236 1620 2277 Nannetensi,
1648 2237 1686 2268 P.
1716 2235 1919 2276 Blesensis,
1950 2234 2102 2267 salutem

222 2309 259 2337 et
291 2302 323 2338 si
357 2302 445 2348 quid
479 2303 610 2337 melius
645 2310 702 2337 est
735 2303 863 2337 salute.
901 2304 1002 2337 Duos
1039 2316 1057 2336 e
1096 2303 1293 2349 nepotibus
1327 2303 1399 2336 tuis
1434 2302 1544 2336 michi
1578 2302 1802 2336 erudiendos
1837 2300 2104 2334 nudiustertius

223 2369 460 2411 con1misist13
492 2369 645 2403 alterum
676 2370 832 2416 pueritie
863 2382 979 2403 annos
1009 2377 1191 2416 agentem,
1222 2370 1374 2404 alterum
1410 2369 1516 2415 plena
1546 2369 1729 2414 integrum
1764 2367 1966 2413 pubertate.
2002 2368 2104 2399 Nunc

223 2442 342 2470 autem
368 2447 433 2482 per
453 2435 593 2470 litteras
618 2442 698 2470 tuas
723 2436 961 2471 vehementer
985 2436 1111 2471 evehis
1137 2444 1174 2470 et
1197 2437 1432 2470 commendas
1452 2436 1600 2481 majoris
1626 2435 1829 2480 ingenium,
1855 2441 1891 2467 et
1910 2433 2046 2467 asseris
2072 2439 2106 2467 te

225 2514 408 2548 nunquam
439 2515 532 2536 vene
562 2502 767 2536 subtilioris
797 2502 983 2537 hominem
1013 2503 1213 2537 invenisse.
1245 2503 1333 2536 Ideo
1364 2502 1549 2548 supplicas
1575 2508 1610 2535 et
1634 2501 1804 2543 hortaris,
1836 2507 1876 2534 ut
1904 2501 1998 2534 circa
2024 2512 2106 2533 eum

226 2569 478 2615 tempestivius
507 2569 701 2616 vigilancia
736 2569 957 2616 magistralis
986 2576 1176 2616 appareat3
1214 2569 1293 2603 leve
1324 2581 1479 2615 namque
1513 2569 1661 2602 estimas
1696 2567 1749 2601 illi
1783 2567 1928 2601 edificio
1963 2579 2107 2600 manum

226 2648 422 2683 suppreme
451 2637 778 2670 consummationis
808 2636 955 2682 apponi,
987 2637 1045 2670 cui
1076 2636 1192 2670 aliena
1222 2636 1433 2670 sollicitudo
1464 2636 1607 2670 dederit
1640 2635 1918 2669 incrementum.
1954 2635 2109 2669 Verum-

226 2709 346 2738 tamen
371 2715 431 2737 res
457 2703 495 2736 in
524 2703 745 2737 contrarium
775 2715 881 2738 versa
909 2710 976 2737 est.
1005 2703 1138 2746 Melius
1166 2703 1262 2737 enim
1293 2715 1402 2749 spero
1432 2703 1476 2736 de
1507 2702 1607 2736 illius
1637 2702 1858 2744 eruditione,
1888 2701 1949 2747 qui
1979 2701 2023 2734 ad
2053 2712 2109 2734 me

228 2769 331 2803 rudis
356 2775 393 2803 et
419 2769 587 2804 informis
617 2770 784 2812 accessit,
811 2782 916 2816 quam
948 2770 993 2804 de
1022 2770 1186 2813 alterius,
1213 2771 1318 2815 cnjus
1338 2771 1411 2816 jam
1439 2782 1483 2803 ex
1507 2776 1607 2816 parte
1638 2768 1802 2802 induruit
1830 2780 1933 2810 vena,
1966 2767 2110 2813 sibique

228 2836 333 2882 quasi
357 2835 512 2883 effigiem
535 2836 644 2870 alieni
665 2837 827 2871 doctoris
849 2837 1047 2884 impressit.
1079 2837 1219 2883 Arg-illa
1245 2844 1281 2871 et
1304 2849 1386 2871 cera
1410 2843 1518 2883 atque
1542 2836 1766 2882 hujusmodi,
1789 2847 1859 2881 que
1885 2833 2111 2880 susceptioni

228 2902 343 2937 forme
364 2909 400 2937 et
423 2902 660 2949 impressioni
685 2916 724 2938 se
750 2904 920 2947 offerunt,
947 2903 1091 2938 facilius
1112 2911 1148 2938 et
1167 2904 1314 2938 fidelius
1339 2903 1547 2950 effigiantur
1571 2903 1615 2937 ad
1641 2902 1883 2949 imprimentis
1908 2900 2110 2942 arbitrium,

229 2969 262 3006 si
290 2968 390 3004 nulla
419 2969 522 3016 prius
551 2970 589 3004 in
618 2983 659 3005 se
689 2971 922 3017 susceperint
951 2971 1170 3005 lineamenta
1199 2971 1409 3006 formarum.
1442 2971 1566 3004 Refert
1594 2969 1763 3015 equidem
1793 2967 2041 3011 Quintilianus
2075 2967 2111 2999 in
