2618 3640
526 429 569 463 36
989 453 993 458 -
1110 437 1429 461 CHARTULARIUM
1464 435 1655 458 UNIVERS.
1693 435 1824 459 PAnls.

526 515 774 556 accinxerant,
806 521 840 547 et
872 526 937 559 per
967 513 1143 559 quosdam
1175 512 1276 546 Giezi
1308 523 1543 545 successores
1579 509 1723 543 titulum
1758 509 1803 542 de
1837 508 2084 542 contrahenda
2118 509 2302 554 emptione
2335 510 2407 543 sre-

527 582 698 627 quentius
720 581 928 614 tractabant.
952 581 1065 613 Porro
1087 580 1124 612 in
1145 587 1214 612 tam
1237 579 1350 611 electa
1371 577 1658 623 congregatione
1681 576 1900 621 prudentum
1925 576 2085 609 versutia
2110 576 2278 609 mercalis
2306 564 2408 610 elusa

527 655 595 690 est,
618 655 653 681 et
678 648 764 690 illis,
791 648 852 693 qui
874 647 951 681 sola
976 647 1174 680 licitatione
1202 646 1367 691 optinere
1395 644 1601 690 sperabant,
1631 650 1799 688 tanquam
1828 642 2016 688 stipitibus
2039 643 2247 676 veternosis
2273 643 2407 677 sterili-

526 715 669 761 busque
699 715 858 760 rejectis,
889 715 987 747 ducti
1015 714 1128 746 odore
1156 713 1296 746 Odonis
1325 712 1427 757 quasi
1453 711 1530 756 agri
1561 710 1674 756 pleni,
1702 710 1760 743 cui
1791 709 1979 743 benedixit
2002 710 2194 752 Dominus,
2224 722 2305 743 eum
2336 710 2407 744 sibi

526 782 709 815 communi
726 794 880 815 assensu
897 780 1103 826 pontificem
1123 786 1319 824 rapuerunt
1336 779 1373 811 in
1390 778 1610 811 exultatione
1628 777 1800 810 universe
1818 783 1926 810 terre.
1938 777 2161 822 Conglorior
2177 778 2256 822 ejus
2273 777 2405 823 glorie,

527 849 558 882 si
579 861 648 894 qua
669 856 786 882 tamen
808 849 887 893 ejus
907 847 1023 893 gloria
1045 846 1202 891 intelligi
1224 852 1356 891 potest,
1379 857 1486 890 quem
1509 845 1552 878 ad
1574 843 1779 877 cathedram
1806 844 1913 877 traxit
1937 844 2090 878 invitum
2116 843 2286 889 publicus
2306 838 2408 878 saror

526 916 803 960 communisque
831 915 989 948 devotio.
1020 913 1167 946 Electus
1196 913 1330 957 quippe
1361 919 1417 945 est
1443 912 1538 945 votis
1566 911 1729 944 omnium
1751 911 1816 944 sed
1844 923 1918 944 non
1949 911 2039 953 suis,
2063 917 2099 944 et
2125 910 2407 944 commendabili

526 983 677 1027 quadam
707 982 910 1014 intrusione
937 981 1090 1025 adeptus
1119 986 1175 1012 est
1204 979 1429 1024 dignitatem,
1463 990 1532 1023 que
1564 985 1661 1011 tanto
1689 990 1771 1011 eum
1798 977 2021 1023 sequebatur
2041 978 2250 1020 instantius,
2272 985 2406 1023 quanto

526 1061 601 1082 eam
628 1049 802 1081 humilius
827 1047 1000 1093 fugiebat.
1024 1047 1128 1080 Circa
1154 1046 1338 1091 primicias
1365 1045 1570 1078 studiorum
1598 1046 1677 1090 ejus
1704 1052 1739 1078 et
1764 1045 1930 1078 tirocinia
1956 1044 2084 1078 militie
2111 1045 2264 1078 scolaris
2289 1045 2407 1079 adhuc

525 1116 664 1148 infirma
693 1122 727 1147 et
752 1115 853 1147 rudia
880 1115 963 1147 novi
986 1126 1080 1155 eum,
1104 1120 1139 1146 et
1159 1113 1289 1146 devote
1311 1113 1422 1145 dilexi
1444 1112 1618 1154 Parisius,
1641 1111 1703 1145 ubi
1730 1112 1846 1157 magis
1871 1112 2044 1145 unctione
2066 1124 2171 1157 quam
2199 1112 2407 1146 eruditione

525 1183 694 1227 magistra
716 1194 807 1226 puer
827 1181 965 1214 litteras
988 1180 1159 1225 rapiebat.
1190 1181 1276 1212 Nam
1299 1180 1393 1212 inter
1414 1180 1584 1212 exercitia
1606 1179 1811 1212 liberalium
1831 1178 2041 1212 facultatum
2066 1179 2231 1212 doctrina
2258 1179 2406 1213 celestis

524 1249 672 1282 meliora
713 1249 744 1281 ei
789 1248 979 1280 karismata
1018 1246 1204 1280 influebat.
1246 1248 1442 1292 Propterea
1473 1258 1584 1292 super
1614 1258 1723 1280 senes
1754 1246 1979 1291 intelligens,
2017 1246 2173 1291 pueritie
2202 1246 2281 1279 dies
2314 1246 2407 1279 anti-

523 1315 655 1361 quabat
676 1315 853 1356 moribus,
876 1321 1036 1360 tempora
1058 1313 1294 1359 preveniebat
1314 1314 1467 1355 meritis,
1491 1320 1526 1347 et
1546 1314 1644 1359 quod
1662 1314 1785 1346 deerat
1803 1313 1900 1355 etati,
1918 1312 2115 1346 virtutibus
2132 1312 2403 1358 compensabat.

524 1383 616 1428 Sepe
638 1382 762 1415 retulit
782 1381 890 1414 michi
912 1381 1090 1414 secretius
1112 1382 1240 1413 Petrus
1269 1381 1313 1413 de
1334 1382 1458 1415 Verno
1480 1380 1625 1426 quidam
1648 1380 1862 1426 pedagogus
1884 1381 1977 1425 ejus,
2001 1379 2205 1425 discipulus
2230 1386 2350 1412 autem
2370 1385 2406 1413 et

523 1449 709 1482 familiaris
741 1461 856 1489 meus,
888 1460 993 1493 quam
1024 1448 1194 1489 sollicite,
1226 1460 1331 1493 quam
1363 1448 1507 1489 devote,
1539 1447 1680 1480 occulte
1711 1453 1830 1480 tamen
1861 1453 1896 1479 et
1924 1447 2066 1492 raptim,
2098 1458 2138 1479 se
2164 1446 2202 1479 in
2228 1446 2404 1492 operibus

523 1516 666 1562 pietatis
695 1516 811 1548 adhuc
847 1515 1022 1560 puerulus
1053 1514 1256 1547 exercebat.
1294 1514 1523 1547 Elemosinas
1557 1526 1644 1547 vero
1680 1514 1891 1559 frequenter
1925 1512 2120 1546 condiebat
2153 1513 2334 1554 lacrimis,
2370 1519 2406 1547 et

523 1583 666 1628 pietatis
699 1583 803 1627 adipe
836 1582 1046 1614 holocausta
1078 1582 1330 1614 misericordie
1365 1581 1628 1627 impinguabat.
1667 1581 1862 1614 Pueritiam
1890 1580 2120 1622 salutaverat,
2149 1592 2305 1625 cumque
2328 1580 2403 1625 Jam

523 1650 559 1682 in
581 1651 660 1694 ejus
682 1649 771 1682 facie
801 1648 1037 1694 pubescentis
1067 1648 1314 1681 adolescentie
1345 1648 1480 1694 lanugo
1510 1654 1693 1690 vernaret,
1724 1647 1849 1680 sedem
1880 1647 2115 1692 apostolicam
2145 1647 2323 1689 visitavit,
2359 1658 2403 1680 eo

524 1717 661 1749 scilicet
693 1723 869 1761 tempore,
892 1728 963 1760 quo
992 1715 1196 1760 Gregorius
1227 1722 1375 1749 octavus
1406 1715 1586 1748 successit
1610 1714 1758 1748 Urbano
1775 1714 1799 1747 ¹⁵.
1828 1715 1933 1747 Eram
1955 1720 2040 1747 tunc
2061 1714 2098 1746 in
2125 1714 2237 1755 curia,
2260 1720 2295 1747 et
2313 1713 2403 1756 vidi,

523 1796 589 1816 nec
610 1783 737 1824 invidi,
755 1783 852 1828 quod
869 1782 986 1815 honor
1007 1782 1039 1814 ei
1056 1794 1073 1814 a
1096 1794 1236 1814 summo
1259 1781 1429 1827 pontific'e
1452 1781 1689 1828 patribusque
1711 1781 1929 1826 conscriptis
1951 1780 2134 1814 exhibitus
2156 1792 2230 1813 non
2250 1779 2402 1813 multum

522 1850 673 1883 inferior
694 1850 949 1895 episcoporum
971 1849 1174 1882 reverentia
1194 1849 1397 1882 videbatur.
1422 1850 1514 1882 Sane
1543 1849 1700 1894 Spiritus
1723 1848 1899 1881 bonarum
1928 1848 2102 1881 mentium
2124 1847 2311 1880 institutor
2331 1846 2403 1881 vir-

522 1924 636 1950 tutum
664 1916 838 1962 plantaria
866 1916 902 1948 in
928 1928 971 1948 eo
999 1915 1261 1961 multiplicabat
1287 1928 1403 1961 usque
1433 1916 1470 1948 in
1498 1916 1615 1950 virum
1645 1916 1858 1961 perfectum.
1880 1915 2021 1949 Videns
2048 1921 2166 1948 autem
2188 1926 2259 1959 que
2285 1926 2304 1947 a
2324 1915 2402 1947 Deo

522 1984 651 2017 donata
674 1990 758 2016 sunt
778 1983 824 2024 ei,
846 1983 942 2028 cepit
969 1995 1235 2028 supererogare
1262 1983 1415 2016 collatis.
1446 1984 1611 2028 Cumque
1633 1995 1695 2016 vas
1723 1995 1829 2015 suum
1851 1983 1888 2015 in
1916 1981 2180 2015 santificatione
2208 1987 2244 2014 et
2262 1980 2402 2014 honore

521 2050 565 2084 ab
595 2051 742 2083 infantia
772 2050 1013 2095 possedisset,
1041 2049 1271 2082 insolentiam
1300 2057 1418 2082 tamen
1445 2051 1564 2083 carnis
1593 2057 1626 2083 et
1655 2049 1962 2083 extraordinarios
1991 2049 2071 2094 ejus
2098 2054 2218 2081 motus
2248 2047 2401 2093 quadam

522 2117 784 2163 preeminentic
817 2117 1027 2149 auctoritate
1055 2116 1245 2158 cohibens,
1276 2117 1390 2162 ipsam
1421 2117 1571 2162 vigiliis,
1603 2117 1768 2162 jejuniis,
1805 2116 2012 2162 disciplinis
2039 2114 2202 2148 ancillari
2233 2114 2400 2160 cogebat.

522 2183 665 2218 Sciebat
694 2183 789 2216 enim
820 2183 1077 2216 continentiam
1114 2183 1283 2228 optimam
1313 2195 1395 2216 esse
1434 2183 1583 2217 balsami
1616 2183 1798 2229 speciem,
1839 2182 1900 2229 qui
1935 2194 2079 2216 carnem
2113 2194 2131 2214 a
2166 2181 2401 2227 corruptione

521 2257 724 2284 conservat.
747 2250 819 2283 Alii
841 2256 1030 2282 currentes
1051 2250 1094 2282 ad
1116 2249 1357 2294 diripiendam
1383 2251 1529 2295 predam
1548 2250 1658 2295 hujus
1679 2250 1808 2291 seculi,
1830 2255 1999 2295 questum
2021 2254 2191 2294 reputant
2210 2248 2399 2293 pietatem3

520 2318 589 2351 iste
610 2330 696 2351 vero
724 2317 872 2350 uberem
895 2317 1090 2358 redditum,
1114 2328 1219 2361 quem
1243 2317 1279 2349 in
1299 2316 1430 2362 Anglia
1452 2317 1676 2362 possidebat,
1700 2316 1868 2363 prudenti
1892 2315 2186 2350 consideratione
2213 2314 2401 2360 dispersit,

521 2384 621 2417 dedit
655 2383 890 2429 pauperibus,
922 2390 1069 2428 tresque
1104 2383 1264 2416 scolares
1295 2383 1442 2428 indigos
1473 2384 1619 2428 quidem
1651 2384 1716 2417 sed
1751 2383 1954 2417 industrios
1985 2389 2020 2415 et
2048 2382 2224 2415 honestos
2255 2380 2400 2427 propria

521 2451 765 2484 exinanitione
794 2450 929 2483 (litavit.
961 2450 1030 2483 Sed
1052 2449 1249 2494 fidejussor
1278 2462 1476 2495 pauperum
1504 2452 1602 2483 Deus
1629 2451 1726 2484 aliud
1748 2451 1781 2483 ei
1803 2450 2021 2483 beneficium
2050 2449 2306 2494 tempestivum
2327 2459 2400 2481 non

522 2518 600 2550 sine
631 2530 758 2562 magna
788 2517 926 2550 fenoris
956 2516 1167 2549 accessione
1198 2516 1375 2558 redibuit;
1413 2523 1449 2550 et
1478 2517 1561 2562 quia
1592 2530 1703 2563 super
1732 2530 1844 2563 pauca
1871 2516 1992 2550 fidelis
2017 2516 2147 2557 suerat,
2178 2527 2260 2548 eum
2291 2525 2400 2559 supra

522 2584 631 2616 multa
661 2584 860 2616 constituit.
892 2583 962 2626 Qui
992 2595 1080 2628 ergo
1111 2583 1206 2616 sicut
1234 2583 1388 2628 lignum,
1420 2584 1517 2629 quod
1547 2584 1590 2616 ad
1624 2584 1812 2617 humorem
1848 2583 1957 2616 mittit
1989 2582 2144 2623 radices,
2173 2581 2211 2613 in
2245 2579 2399 2613 ecclesia

522 2649 741 2682 Bituricensi
773 2649 981 2682 fructificari
1009 2656 1166 2694 ceperat,
1197 2662 1293 2682 nunc
1320 2650 1481 2683 Parisius
1509 2663 1527 2683 a
1558 2650 1714 2683 Domino
1742 2649 2037 2694 transplantatur,
2069 2653 2108 2680 ut
2133 2647 2289 2680 fructum
2316 2645 2399 2691 plus

521 2716 657 2758 afferat,
679 2722 719 2748 ut
737 2715 884 2748 lucerna
914 2727 1024 2760 super
1053 2715 1310 2748 candelabrum
1337 2717 1454 2761 posita
1475 2716 1677 2761 gloriosius
1703 2715 1844 2749 cunctis
1864 2715 2026 2755 irradiet,
2049 2714 2154 2758 cujus
2179 2713 2304 2745 lumen
2329 2712 2399 2746 sub

522 2782 734 2815 humilitatis
752 2782 872 2814 modio
890 2781 1070 2814 sollicitus
1087 2793 1105 2813 a
1121 2781 1325 2814 eommunis
1346 2783 1438 2814 same
1460 2782 1646 2827 palpebris
1667 2780 1927 2814 abscondebat.
1947 2782 1988 2813 In
2009 2780 2223 2825 episcopum
2240 2779 2399 2824 denique

522 2855 756 2882 consecratus
787 2860 919 2881 nomen
950 2859 1069 2889 suum,
1101 2847 1195 2880 sicut
1224 2847 1368 2892 publice
1399 2848 1544 2890 (licitur,
1576 2848 1751 2893 operibus
1782 2846 2013 2892 interpretari
2044 2858 2117 2879 non
2146 2851 2278 2887 cessat,
2309 2845 2399 2878 fide-

521 2916 640 2961 lisque
670 2921 861 2960 sequester
888 2915 982 2947 inter
1003 2915 1117 2947 Deum
1149 2920 1184 2946 et
1212 2913 1379 2947 homines
1400 2920 1481 2948 vota
1503 2915 1627 2960 populi
1655 2915 1771 2956 offert,
1795 2921 1830 2947 et
1855 2913 1991 2959 populo
2012 2913 2163 2959 gratiam
2186 2912 2252 2945 Dei
2274 2912 2397 2954 refert,

520 2982 706 3027 vigilantia
721 2981 803 3027 jugi
829 2981 1009 3014 reducens
1037 2981 1074 3013 in
1101 2980 1193 3014 viam
1216 2980 1371 3025 justitie,
1395 2993 1487 3026 quos
1509 2981 1593 3014 inde
1620 2986 1791 3014 versutus
1819 2980 1997 3026 impostor
2023 2979 2233 3013 abduxerat.
2264 2978 2399 3012 Bituri-
