2580 3528
253 390 350 431 1277]
595 399 644 422 ΑΒ
677 399 784 422 anno
818 399 896 422 κοῦ
930 399 1064 428 usque
1099 399 1148 421 An
1182 399 1412 421 pmmrrnu
1447 399 1488 421 1v
1522 399 1612 422 nnc..
1648 400 1785 423 rmum.
2066 393 2128 426 561

251 474 304 510 Ex
322 472 504 508 relacione
523 472 595 507 fide
616 473 811 519 dignorum
831 485 949 519 nuper
967 472 1215 507 intelleximus
1235 472 1335 518 quod
1355 472 1500 518 quidam
1521 472 1634 506 villici
1655 473 1699 506 de
1720 473 1929 519 Playlliaco¹
1952 460 2127 509 Adamum

249 545 286 574 et
304 539 501 574 Hem-icum
525 539 704 586 Anglicos
729 539 891 574 scolares
916 540 1158 581 Parisienses,
1185 539 1383 585 instigante
1409 539 1564 585 dyabolo
1591 551 1631 572 ac
1661 540 1728 572 Dei
1753 540 1882 573 timore
1909 543 2128 586 postposito,

249 606 410 652 graviter
441 605 745 647 vulneraverunt;
777 618 871 652 quos
906 606 993 640 dicti
1026 606 1098 640 loci
1131 605 1288 640 ballivus
1325 605 1496 639 carcerali
1530 606 1699 639 custodie
1733 606 1872 639 detinet
1907 608 2129 653 mancipatos

249 672 398 706 nomine
423 679 560 714 vestro,
587 679 626 706 ut
648 673 748 712 dicit,
779 680 815 707 et
840 674 952 707 vestri
974 673 1083 707 officii
1105 673 1403 714 Silvanectensis,
1432 679 1467 706 et
1494 673 1641 718 injuste.
1669 673 1899 718 Quapropter
1924 675 2127 719 paternitati

248 745 371 773 vestre
397 738 584 773 humiliter
610 739 860 785 supplicamus
888 740 1059 785 quatinus
1086 739 1205 773 dictos
1233 739 1394 773 scolares
1422 745 1569 772 nostros
1595 738 1703 772 nobis
1729 751 1794 784 per
1821 739 1956 773 latores
1982 752 2127 786 presen-

250 805 345 839 cium
380 805 412 839 si
446 805 565 851 placet
596 806 736 840 faciatis
770 805 932 848 liberari,
961 807 1063 852 juxta
1098 806 1205 840 officii
1238 806 1351 840 vestri
1386 805 1547 839 debitum
1583 806 1620 839 in
1655 806 1839 851 predictos
1878 806 2128 841 malefactores

249 871 572 906 animadvertendo
599 872 697 918 quod
723 873 835 906 ceteri
860 885 879 906 a
907 872 1091 906 similibus
1116 879 1323 914 arceantur3
1352 872 1562 906 memoriter
1583 872 1614 905 si
1639 871 1755 917 placet
1784 872 1989 907 recolentes
2015 874 2126 918 quod,

250 950 331 972 cum
357 938 438 973 sitis
462 938 739 985 privilegiorum
769 946 978 973 nostrorum
1003 946 1252 981 conservator,
1281 951 1355 972 non
1378 938 1521 973 debetis
1547 939 1584 972 in
1611 939 1744 972 vestris
1768 939 1949 973 subditis¹
1972 939 2127 974 tolerare

250 1016 291 1038 ea
321 1017 392 1050 que
420 1005 458 1038 in
482 1005 636 1039 aliorum
667 1005 826 1039 subditis
854 1006 899 1039 de
926 1006 1093 1040 mandato
1115 1005 1317 1052 apostolico
1345 1005 1519 1039 tenemini
1546 1004 1753 1051 prohibere.
1782 1005 1907 1039 Valeat
1930 1007 2127 1051 paternitas

250 1077 370 1105 vestra
400 1083 546 1118 semper
572 1072 609 1105 in
642 1073 811 1106 Domino.
840 1073 969 1106 Datum
997 1073 1158 1106 Parisius
1189 1072 1247 1105 die
1278 1072 1417 1106 sabbati
1447 1072 1608 1117 proxima
1636 1078 1718 1105 ante
1749 1072 1975 1106 Nativitatem
2011 1074 2126 1106 sancti

249 1137 426 1172 Johannis
447 1138 621 1184 Baptiste‚
644 1151 739 1172 anno
761 1139 907 1172 Domini
928 1139 1057 1174 M⁰CC⁰
1079 1139 1352 1185 septuagesimo
1376 1138 1543 1184 septimo.

342 1235 412 1260 Bibl.
427 1235 494 1260 Con.
511 1236 591 1269 Coi-p.
600 1236 699 1260 Christi
714 1236 839 1265 Oxouiac,
854 1245 903 1260 ms.
919 1237 974 1266 283,
994 1237 1038 1261 fol.
1055 1237 1127 1261 159⁶.

344 1319 368 1344 ¹.
385 1319 482 1352 Plailly
495 1305 576 1352 (Oise)
588 1329 673 1353 prope
687 1321 876 1346 Silvanectum.
897 1335 922 1340 —
936 1322 959 1345 2.
978 1321 1027 1345 Μει.
1044 1329 1050 1345 z
1067 1329 1079 1345 (ι
1095 1321 1223 1344 subsidiis
1239 1329 1260 1344 υ.

247 1496 362 1535 476.
391 1506 565 1533 Universitas
588 1507 768 1534 Parisiensis
791 1507 944 1534 Roberlum
967 1507 1132 1543 episcopum
1154 1506 1393 1533 silvanectensem
1417 1508 1501 1540 rogat
1524 1508 1554 1530 ul
1576 1505 1699 1540 injurias
1714 1504 1798 1530 Adae
1817 1508 1844 1530 et
1859 1505 1982 1530 Henrico
1997 1505 2126 1539 Anglicis

337 1554 520 1582 scholaribus
533 1555 751 1583 Parisiensibus
767 1555 870 1582 illatas
882 1557 996 1593 puniat.

1500 1603 1572 1633 1277,
1587 1603 1658 1629 dunis
1667 1603 1712 1633 28.
1727 1603 1841 1629 Parisiis.

339 1678 553 1713 Venerabili
590 1680 682 1725 patri
716 1692 756 1714 ac
788 1680 936 1714 domino
965 1706 986 1713 ..
1019 1680 1084 1713 Dei
1119 1679 1234 1725 gratia
1264 1677 1528 1713 Silvanectensi
1558 1678 1732 1723 episcopo
1766 1678 1986 1712 universitas
2017 1679 2125 1724 magi-

250 1751 410 1779 strorum
431 1752 467 1780 et
486 1745 683 1780 scolarium
705 1746 867 1780 Parisius
892 1747 1109 1793 degencium
1132 1746 1284 1780 salutem
1306 1745 1342 1778 in
1364 1757 1407 1778 eo
1433 1745 1495 1790 qui
1516 1744 1616 1778 salus
1642 1750 1697 1777 est
1717 1744 1878 1777 omnium
1899 1751 1933 1778 et
1955 1745 2123 1779 salvator.

249 1812 341 1856 Quia
375 1811 483 1846 nobis
520 1824 667 1859 gravem
707 1813 893 1859 querelam
932 1820 967 1847 et
1000 1814 1173 1847 famosam
1213 1818 1461 1858 exposuerunt
1496 1811 1658 1844 Adamus
1694 1817 1730 1844 et
1765 1811 1945 1844 Henricus
1979 1811 2125 1858 Anglici

249 1877 412 1912 scolares
434 1879 662 1913 parisienses
690 1891 802 1926 super
827 1879 895 1914 hoc
921 1880 1019 1926 quod
1045 1879 1235 1913 transitum
1261 1890 1326 1925 per
1351 1884 1508 1912 vestram
1535 1877 1719 1923 dyocesim
1746 1877 1921 1911 facientes
1946 1877 1990 1911 ab
2014 1877 2125 1911 homi-

248 1944 358 1979 nibus
381 1945 426 1979 de
446 1945 640 1992 Playlliaco
663 1953 700 1980 et
721 1948 835 1981 Fonte
861 1947 1026 1981 Mortuo¹
1050 1953 1172 1981 vestre
1191 1944 1463 1991 jurisdictionis
1485 1944 1645 1985 fuerunt,
1672 1942 1862 1989 dyabolico
1889 1944 2062 1978 instinctu
2086 1957 2125 1978 ac

249 2010 319 2045 Dei*
345 2011 475 2046 timore
506 2013 724 2059 postposit0‚
753 2025 835 2047 cum
864 2013 1022 2047 clamore
1051 2013 1144 2059 capti
1175 2019 1299 2046 contra
1318 2011 1518 2057 justiciam,
1546 2010 1649 2056 quasi
1677 2010 1777 2044 fures
1806 2010 1927 2044 viliter
1956 2010 2058 2057 ligati
2091 2018 2126 2045 et

249 2083 333 2123 post
361 2077 579 2124 ligacionem
606 2080 806 2114 enormiter
828 2080 1047 2126 pertractati,
1075 2079 1221 2126 pulsati,
1244 2078 1438 2120 verberati,
1466 2077 1623 2111 letaliter
1651 2076 1844 2118 vulnerati,
1873 2077 1919 2110 ita
1950 2077 2047 2123 quod
2079 2078 2124 2111 de

250 2155 376 2178 eorum
399 2145 471 2179 vita
494 2157 568 2180 non
592 2146 762 2181 inmerito
786 2147 1014 2193 desperatur,
1038 2153 1074 2180 et
1098 2153 1181 2192 post
1202 2146 1270 2180 ista
1292 2144 1501 2179 carceribus
1524 2144 1716 2190 mancipati
1742 2144 1882 2177 meritis
1903 2156 2028 2178 eorum
2051 2156 2123 2178 non

248 2210 496 2256 exigentibus,
512 2218 552 2246 ut
578 2213 647 2246 scit
672 2214 786 2255 Deus,
802 2220 838 2248 et
862 2213 931 2248 hoc
954 2214 1049 2247 idem
1076 2213 1163 2247 dicti
1187 2212 1259 2246 loci
1284 2211 1440 2246 ballivus
1465 2222 1585 2244 coram
1612 2210 1683 2244 fide
1707 2210 1830 2256 dignis
1855 2210 2000 2255 publice
2026 2222 2123 2244 reco-

247 2277 386 2322 gnovit,
408 2279 521 2323 quos'
541 2285 661 2313 vestra
681 2280 878 2325 paternitas
898 2280 942 2314 ad
964 2286 1124 2314 nostr-am
1145 2278 1448 2325 supplicationem
1465 2277 1573 2311 nobis
1594 2277 1678 2310 fecit
1694 2277 1804 2310 vestri
1822 2277 1935 2322 gratia
1952 2276 2121 2310 liberari:

249 2343 419 2388 quocirca
447 2350 603 2378 vestram
632 2346 884 2391 paternitatem
915 2346 1152 2380 reverendam
1183 2346 1220 2379 in
1247 2345 1403 2379 Domino
1432 2355 1624 2382 exoramus
1649 2343 1820 2388 quatinus
1846 2354 1968 2376 amore
1996 2343 2062 2376 Dei
2089 2350 2124 2377 et

247 2409 359 2443 studii
383 2410 601 2446 Parisiensis
629 2418 665 2446 et
694 2412 827 2447 intuitu
855 2413 1074 2447 universalis
1097 2412 1252 2446 ecclesie
1276 2423 1419 2445 necnon
1443 2422 1487 2444 ex
1509 2410 1617 2443 oflicii
1640 2409 1751 2443 vestri
1778 2408 1901 2443 debito
1928 2421 1986 2443 res
2013 2409 2122 2444 dicto·

248 2487 327 2510 rum
349 2476 543 2511 scolarium
568 2490 634 2524 per
654 2478 826 2514 ballivum
849 2479 934 2513 dicti
956 2479 1026 2513 loci
1050 2480 1185 2525 injuste
1208 2478 1373 2513 detentas
1395 2477 1500 2511 latori
1524 2475 1755 2522 presencium
1777 2475 1881 2509 faciat
1903 2475 2065 2518 liberari,
2087 2483 2123 2510 et

248 2541 400 2588 insuper
422 2545 584 2589 presenti
610 2545 761 2579 facinori
790 2553 825 2579 et
859 2546 1053 2592 sacrilegio
1084 2545 1217 2592 apponi
1249 2544 1450 2578 remedium
1476 2549 1585 2589 prout
1610 2541 1727 2583 decet,
1754 2548 1792 2575 ut
1817 2541 1924 2575 nobis
1954 2549 1989 2576 et
2015 2542 2122 2576 dictis

247 2607 336 2643 lesis
370 2621 482 2656 super
515 2610 622 2645 dictis
659 2612 802 2658 injuriis
838 2613 1078 2660 atrocissimis
1113 2624 1178 2658 per
1205 2623 1284 2653 vos,
1315 2609 1516 2644 reverende
1547 2615 1660 2655 pater,
1695 2608 1755 2642 fiat
1779 2609 1928 2653 justicie
1962 2609 2122 2655 comple-

247 2682 422 2719 mentum,
450 2689 495 2711 ne
516 2677 646 2712 delicta
672 2678 942 2713 malefactorum
968 2685 1178 2713 remaneant
1202 2678 1366 2724 inpunita
1391 2683 1425 2711 et
1448 2687 1573 2710 eorum
1595 2675 1743 2709 audacia
1760 2675 1949 2710 temeraria
1973 2676 2008 2709 in
2029 2676 2121 2710 alios

247 2741 358 2775 simili
379 2743 487 2777 modo
508 2744 724 2779 innocentes
745 2745 862 2780 valeat
883 2746 1086 2793 prorogari.
1114 2747 1267 2780 Tantum
1288 2744 1333 2778 ad
1353 2755 1507 2790 presens
1527 2743 1558 2776 si
1580 2741 1698 2788 placet
1718 2753 1830 2787 super
1854 2741 1922 2775 hoc
1947 2742 2121 2776 facientes

247 2813 288 2842 ut
306 2819 432 2843 eorum
456 2822 548 2856 pena
573 2811 611 2845 in
636 2819 822 2858 posterum
849 2819 968 2847 metus
995 2812 1148 2847 aliorum
1169 2812 1310 2854 existat,
1333 2817 1369 2845 et
1392 2809 1503 2844 ceteri
1524 2808 1707 2856 perterriti
1729 2820 1748 2842 a
1771 2808 1954 2842 similibus
1979 2821 2120 2842 arcean-

248 2878 320 2917 tur,
354 2886 400 2909 ne
438 2888 482 2910 ex
519 2889 644 2912 eorum
684 2879 874 2925 iniquitate
908 2880 1044 2926 premia
1078 2884 1362 2925 consequantur,
1403 2876 1500 2911 unde
1540 2887 1652 2922 penas
1685 2874 1888 2921 condignas
1923 2876 2121 2909 meruerint

250 2939 432 2985 obtinere,
463 2950 499 2978 et
529 2951 568 2978 ut
597 2945 684 2979 dicti
712 2945 780 2980 lesi
807 2947 1062 2981 Universitatis
1092 2946 1157 2980 filii
1182 2945 1328 2980 matris⁸
1354 2955 1482 2990 preces
1507 2941 1710 2977 uberrimas
1735 2953 1821 2987 erga
1847 2953 1912 2976 vos
1941 2941 2012 2975 sibi
2041 2954 2119 2975 sen-

375 3000 473 3026 Glmrt.
493 3001 572 3028 Unlv.
589 3003 684 3029 Pariu.
701 3003 721 3029 1.
1965 2999 1992 3023 7¹
