2580 3528
452 373 518 406 204
1037 384 1356 406 ann'rULAmuM
1390 385 1580 407 UNiVEns.
1616 385 1745 407 mnis.
2234 374 2332 417 [1247

542 458 630 490 Item
658 457 757 490 dedit
783 457 820 490 in
846 457 1024 491 mandatis
1045 458 1218 503 episcopo
1241 465 1273 491 et
1296 458 1408 503 priori
1434 458 1704 492 Predicatorum
1728 466 1763 492 et
1783 459 1950 493 ministro
1976 459 2157 493 Minorum
2182 457 2331 493 fratrum

452 529 627 570 Parisius,
650 535 758 574 prout
778 529 931 562 inferius
952 529 1160 563 continetur
1178 541 1184 562 :

543 610 558 627 «
583 596 788 641 Gregorius
811 596 1007 642 episcopus
1034 608 1163 630 servus
1189 608 1378 630 servorum
1401 597 1467 629 Dei
1488 596 1688 630 venerabili
1708 597 1809 630 fratri
1831 598 2005 643 episcopo
2026 604 2062 631 et
2081 597 2225 631 dilectis
2245 597 2332 632 filiis

451 663 564 708 priori
585 662 857 696 Predicatorum
883 669 919 696 et
944 663 1111 696 ministro
1140 663 1322 696 Minorum
1350 663 1498 696 fratrum
1527 663 1689 697 Parisius
1717 663 1870 697 salutem
1897 671 1932 698 et
1956 664 2192 710 apostolicam
2219 664 2332 698 bene—

451 730 661 763 dictionem.
695 730 731 763 Si
760 742 844 763 vera
866 736 952 763 sunt
976 742 1046 775 que
1069 729 1112 762 de
1138 729 1265 763 Judeis
1291 730 1328 762 in
1356 741 1471 775 regno
1499 730 1662 772 Francie,
1685 735 1718 764 et
1740 730 1864 776 infra:
1881 731 2102 765 Discretioni
2122 736 2244 766 vestre
2267 743 2332 777 per

450 796 649 842 apostolica
679 797 812 842 scripta
843 796 1080 842 precipiendo
1111 796 1323 829 mandamus
1354 796 1538 841 quatinus,
1572 797 1767 830 universos
1791 797 1928 831 Judeos
1958 798 1996 831 in
2026 810 2140 844 regno
2166 798 2330 841 Francie,

450 863 597 909 Anglie,
627 864 825 909 Aragonie,
857 865 1026 905 Navarre,
1061 863 1220 897 Castelle
1250 870 1283 896 et
1314 863 1516 909 Legionum
1545 876 1585 897 ac
1611 864 1835 910 Portugallie
1865 871 2132 898 commorantes
2159 865 2204 899 ad
2231 865 2331 899 exhi-

449 930 592 963 bendos
627 942 754 963 omnes
784 929 900 963 libros
935 941 1023 963 suos
1058 930 1232 963 facientes
1266 930 1437 975 compelli
1471 929 1620 963 brachio
1655 931 1829 973 seculari,
1865 931 1950 964 illos
1983 943 2077 977 quos
2115 931 2330 966 inveneritis

450 1009 595 1030 errores
627 997 838 1042 hujusmodi
871 997 1059 1030 continere
1094 997 1232 1030 faciatis
1268 997 1439 1030 incendio
1471 997 1710 1039 concremari,
1741 997 2030 1032 contradictores
2059 1010 2125 1044 per
2155 1010 2330 1033 censuras

449 1064 715 1097 ecclesiasticas
743 1064 986 1109 appellatione
1012 1064 1214 1109 postposita
1242 1064 1524 1109 compescendo,
1554 1064 1661 1098 nobis
1682 1065 1857 1110 quicquid
1879 1065 1965 1098 inde
1991 1065 2152 1099 feceritis
2174 1065 2331 1100 fideliter

447 1132 674 1177 rescripturi.
714 1131 821 1174 Quod
856 1131 886 1164 si
922 1143 995 1164 non
1030 1143 1172 1173 omnes,
1202 1137 1265 1165 etc.
1301 1132 1379 1164 Dat.
1414 1132 1581 1164 Laterani
1609 1132 1656 1177 xij
1698 1131 1767 1165 kal.
1805 1132 1906 1174 Julii,
1942 1132 2174 1177 pontificatus
2203 1120 2330 1166 *nostri

447 1211 541 1231 anno
558 1199 633 1243 xiij.
658 1212 674 1229 »

538 1266 667 1299 Omnia
688 1277 788 1307 vero,
812 1277 882 1310 que
903 1265 1102 1299 interclusa
1123 1266 1233 1299 missa
1254 1266 1403 1299 fuerunt
1423 1265 1491 1299 sub
1513 1265 1611 1299 bulla
1633 1273 1668 1299 et
1688 1266 1852 1312 singula⁸
1870 1273 1903 1300 et
1925 1266 2038 1300 multo
2059 1269 2163 1312 plura
2183 1266 2329 1301 inventa

445 1334 594 1366 suerunt
619 1333 655 1365 in
684 1332 859 1378 predictis
889 1332 994 1366 libris
1025 1333 1061 1365 in
1092 1333 1277 1378 presentia
1306 1332 1402 1366 bone
1433 1333 1608 1366 memorie
1630 1333 1769 1367 Galteri
1789 1333 2056 1379 archiepiscopi
2083 1333 2328 1368 Senonensis⁸

446 1407 479 1433 et
506 1399 771 1433 venerabilium
806 1406 960 1445 patrum,
996 1400 1227 1441 Parisiensis,
1261 1399 1546 1433 Silvanectensis
1580 1400 1837 1445 episcoporum
1869 1407 1904 1433 et
1931 1400 2052 1434 fratris
2082 1400 2248 1434 Gaufridi
2283 1399 2328 1434 de

446 1466 628 1500 Blevello⁷
657 1466 834 1512 capellani
864 1467 989 1508 vestri,
1026 1473 1111 1500 tunc
1142 1467 1303 1500 Parisius
1334 1467 1511 1512 regentis,
1540 1473 1576 1500 et
1604 1466 1757 1500 aliorum
1788 1467 2046 1512 magistrorum
2076 1466 2263 1513 theologie
2293 1473 2330 1501 et

444 1534 550 1567 etiam
590 1534 848 1579 magistrorum
883 1533 1097 1575 Judeorum,
1133 1534 1194 1578 qui
1229 1533 1390 1579 predicta
1430 1534 1467 1566 in
1500 1533 1606 1567 libris
1641 1533 1718 1567 suis
1753 1534 1933 1567 contineri
1970 1534 2131 1567 confessi
2171 1541 2256 1568 sunt
2289 1534 2327 1567 in

444 1601 627 1646 presentia
648 1601 908 1646 predictorum⁴
937 1602 1041 1634 Facta
1067 1600 1172 1634 etiam
1195 1607 1320 1646 postea
1342 1600 1510 1646 diligenti
1532 1601 1797 1634 examinatione
1818 1601 2005 1634 inventum
2026 1607 2094 1643 est,
2121 1601 2219 1646 quod
2240 1601 2327 1635 dicti

443 1667 527 1701 libri
549 1667 739 1701 erroribus
760 1674 862 1701 erant
882 1667 993 1713 pleni,
1021 1674 1057 1700 et
1076 1674 1132 1700 est
1152 1667 1316 1701 velamen
1338 1668 1495 1713 positum
1519 1679 1631 1713 super
1651 1668 1760 1701 corda
1780 1668 1943 1713 ipsorum
1965 1668 2002 1700 in
2022 1674 2173 1710 tantum,
2194 1674 2234 1701 ut
2252 1680 2327 1702 non

443 1735 562 1768 solum
595 1734 639 1768 ab
669 1734 857 1768 intellectu
888 1734 1067 1780 spirituali
1097 1734 1235 1768 Judeos
1267 1741 1441 1776 avertant,
1475 1735 1585 1767 immo
1616 1734 1721 1768 etiam
1749 1747 1767 1768 a
1795 1734 1954 1776 litterali,
1984 1741 2020 1768 et
2048 1734 2092 1767 ad
2121 1734 2262 1768 fabulas
2292 1741 2327 1768 et

443 1802 597 1847 quedam
620 1801 742 1835 fictitia
763 1808 987 1835 convertant.
1007 1801 1112 1835 Unde
1132 1802 1363 1835 manifestum
1386 1808 1453 1843 est,
1476 1802 1673 1847 magistros
1689 1801 1889 1835 Judeorum
1910 1802 2016 1847 regni
2037 1802 2188 1835 Francie
2208 1813 2326 1848 nuper

441 1869 633 1902 falsitatem
669 1869 849 1902 sanctitati
883 1875 1004 1902 vestre
1039 1875 1074 1901 et
1103 1867 1376 1902 venerabilibus
1412 1868 1576 1914 patribus
1610 1868 1769 1901 dominis
1803 1867 2050 1902 cardinalibus
2088 1868 2325 1914 suggessisse

443 1936 620 1974 dicentes,
643 1936 742 1980 quod
769 1935 849 1968 sine
875 1935 949 1968 illis
971 1935 1089 1977 libris,
1113 1935 1173 1980 qui
1196 1935 1366 1969 hebraice
1387 1935 1531 1968 Talmut
1551 1935 1733 1977 dicuntur,
1757 1935 1904 1968 bibliam
1927 1942 1963 1968 et
1986 1935 2054 1968 alia
2075 1935 2238 1968 instituta
2259 1947 2324 1969 sue

440 2003 535 2048 legis
563 2003 765 2036 secundum
796 2002 904 2035 fidem
926 2002 1089 2047 ipsorum
1111 2002 1319 2047 intelligere
1346 2004 1567 2047 nequeunt⁸.
1602 2004 1704 2035 Facta
1733 2014 1820 2036 vero
1851 2002 2012 2047 predicta
2044 2002 2322 2044 examinatione,

442 2070 602 2102 omnium
635 2069 892 2114 magistrorum
926 2068 1111 2114 theologie
1142 2075 1177 2101 et,
1202 2069 1298 2114 juris
1328 2069 1493 2102 canonici
1525 2075 1560 2102 et
1589 2068 1742 2102 aliorum
1774 2068 1969 2102 multorum
2000 2068 2123 2102 habito
2153 2068 2322 2111 consilio,

437 2138 538 2181 juxta
573 2136 778 2169 mandatum
810 2135 1049 2181 apostolicum
1086 2147 1214 2168 omnes
1244 2136 1397 2181 predicti
1428 2135 1526 2178 libri,
1558 2136 1620 2181 qui
1648 2142 1732 2169 tunc
1760 2135 1886 2169 haberi
1914 2142 2123 2181 potuerunt,
2152 2135 2324 2169 incendio

442 2204 590 2236 suerunt
625 2210 708 2236 tunc
750 2203 910 2236 cremati.
953 2204 993 2235 Et
1037 2209 1136 2235 esset
1178 2203 1387 2235 scandalum
1419 2215 1492 2236 non
1527 2203 1714 2235 minimum
1748 2209 1783 2236 et
1819 2203 1919 2236 sedis
1953 2202 2153 2248 apostolice
2189 2202 2324 2248 sempi-

443 2277 583 2303 ternum
623 2269 876 2315 obprobrium,
907 2270 937 2303 si
966 2269 1050 2302 libri
1084 2282 1204 2302 coram
1236 2270 1472 2303 universitate
1501 2269 1695 2303 scolarium
1723 2277 1758 2303 et
1783 2270 1881 2303 clero
1903 2276 1938 2303 et
1963 2269 2099 2315 populo
2125 2269 2324 2303 Parisiensi

443 2344 511 2370 tam
548 2337 787 2382 solempniter
821 2343 857 2369 et
890 2343 959 2369 tam
990 2337 1090 2381 juste
1125 2337 1364 2369 concremati⁹
1399 2336 1567 2369 mandato
1606 2336 1808 2382 apostolico
1844 2336 2087 2370 tolerarentur
2124 2335 2183 2369 vel
2217 2336 2322 2370 etiam

442 2404 627 2449 magistris
652 2404 851 2437 Judeorum
873 2403 1140 2436 redderentur:
1159 2403 1225 2436 hec
1254 2404 1349 2436 enim
1376 2403 1566 2436 tolerantia
1594 2403 1747 2448 quedam
1770 2403 1982 2449 approbatio
2005 2403 2203 2436 videretur.
2229 2402 2325 2436 Dicit

442 2471 536 2503 enim
570 2470 698 2504 heatus
724 2470 933 2504 Jeronimus
959 2470 1115 2515 loquens
1141 2470 1186 2503 de
1211 2470 1382 2516 leprosis,
1410 2482 1503 2516 quos
1529 2470 1707 2503 Dominus
1732 2470 1882 2512 curavit,
1909 2470 2008 2515 quod
2029 2469 2127 2503 nulla
2152 2475 2209 2502 est
2231 2469 2322 2502 adeo

442 2549 611 2582 perversa
639 2538 816 2579 doctrina,
840 2549 909 2582 que
935 2537 1054 2582 aliqua
1082 2549 1165 2571 vera
1193 2549 1266 2570 non
1291 2537 1486 2570 contineat.
1517 2537 1690 2571 Similiter
1715 2549 1787 2570 non
1813 2537 2049 2571 inveniuntur
2073 2536 2237 2578 heretici,
2260 2536 2323 2582 qui

441 2604 486 2636 ‹le
514 2604 634 2648 aliquo
666 2604 821 2649 symboli
851 2604 1003 2637 articulo
1034 2603 1127 2637 bene
1158 2616 1231 2637 non
1262 2604 1430 2637 sentiant.
1463 2604 1554 2647 Quia
1585 2611 1703 2637 tamen
1733 2603 1817 2637 libri
1844 2604 1956 2649 aliqui
1988 2604 2146 2637 insertos
2177 2614 2322 2636 errores

441 2670 634 2712 habebant,
664 2671 828 2715 quamvis
859 2671 969 2703 multa
997 2670 1091 2704 bona
1120 2678 1155 2704 et
1183 2683 1267 2704 vera
1297 2671 1539 2712 continerent,
1572 2671 1784 2704 auctoritate
1814 2677 1933 2704 tamen
1959 2669 2207 2704 Conciliorum
2236 2675 2322 2702 sunt

441 2737 636 2782 dampnati.
673 2737 846 2770 Similiter
880 2737 1016 2770 diversi
1046 2737 1198 2770 heretici
1229 2744 1314 2770 sunt
1343 2737 1525 2782 dampnati
1560 2737 1645 2770 licet
1674 2737 1710 2769 in
1743 2736 1914 2770 omnibus
1947 2748 2020 2769 non
2053 2742 2226 2768 errarent.
2262 2735 2320 2769 Sic

441 2804 606 2849 quamvis
637 2804 790 2849 predicti
822 2803 906 2836 libri
937 2803 1056 2848 aliqua
1086 2803 1180 2836 bona
1211 2804 1421 2836 contineant
1450 2803 1536 2836 licet
1563 2815 1653 2844 rara,
1685 2802 1945 2835 nichilominus
1976 2809 2061 2836 sunt
2086 2802 2318 2847 dampnandi.

440 2872 514 2903 Hc(-
541 2870 704 2904 doctrina
726 2877 780 2903 est
807 2869 867 2902 illa
888 2870 1108 2911 deuterosis,
1132 2870 1176 2902 de
1198 2882 1267 2915 qua
1292 2870 1377 2902 facit
1401 2869 1528 2903 beatus
1552 2871 1770 2915 Jeronymus
1797 2881 1908 2915 super
1933 2868 2162 2914 evangelium
2185 2868 2319 2902 Mathei

442 2938 676 2979 mentionem,
698 2949 768 2982 que
791 2936 932 2969 irritum
954 2936 1037 2969 facit
1058 2936 1263 2969 mandatum
1286 2936 1351 2969 Dei
1373 2936 1453 2981 ipso
1476 2936 1631 2969 Domino
1652 2942 1855 2969 attestante.
