2580 3528
429 409 494 441 222
1011 410 1329 435 culmi-uminum
1364 407 1552 431 [suivans.
1590 404 1718 427 rmus.
2201 391 2299 432 [1251

432 491 582 525 rentiam
612 490 728 536 ipsius
757 489 856 522 sedis
886 494 922 521 et
951 493 1109 520 nostram
1140 484 1323 530 predictos
1354 480 1577 515 theloncrios
1607 485 1646 512 ut
1673 478 1791 522 aliqua
1822 475 2088 510 consuetudine
2121 474 2301 509 contraria

433 570 506 591 non
536 557 701 591 obstante
728 555 771 588 ab
801 553 1011 599 hujusmodi
1038 552 1224 585 exactione
1250 550 1429 582 dictorum
1458 546 1682 585 nuntiorum,
1713 543 1931 577 clericorum
1958 548 1995 576 et
2022 542 2301 588 peregrinorum

433 624 580 658 omnino
610 623 799 662 desistant,
831 620 895 654 tibi
923 619 1051 653 tradita
1080 617 1209 651 celitus
1240 621 1418 661 potestate
1446 623 1669 658 compescaS,
1699 621 1828 656 preces
1855 615 1999 643 nostras
2026 608 2145 643 taliter
2169 608 2303 642 admis-

434 703 530 731 sura,
561 689 658 735 quod
685 688 750 722 tibi
778 693 899 733 preter
927 685 1048 719 divine
1076 682 1328 717 retributionis
1356 680 1534 726 premium
1561 691 1579 711 a
1607 677 1715 710 nobis
1742 677 1854 722 digne
1883 676 2074 722 proveniat
2098 675 2191 709 actio
2221 686 2303 721 gra-

436 757 576 790 tiarum.
600 757 677 788 Dat.
700 753 869 799 Lugduni
890 764 933 785 xv
954 751 1022 784 kal.
1046 750 1195 795 Aprilis,
1219 760 1312 781 anno
1333 747 1407 791 viij.

528 855 590 884 neg.
608 853 662 876 Vnt.
679 851 820 875 innocentii
838 851 870 873 lv
885 858 926 873 an.
944 850 965 877 8,
983 857 1023 880 ep.
1041 849 1095 876 427,
1113 847 1157 871 fol.
1170 847 1199 870 58
1209 846 1229 869 ¹².
1246 859 1277 863 —
1291 845 1397 876 Bcrgcr,
1415 845 1465 868 Les
1480 843 1610 875 reyistres
1621 842 1786 867 d'Innocem
1800 842 1852 870 IV,
1868 845 1897 865 n⁰
1911 842 1982 866 5163.

441 1065 546 1102 196.
571 1073 750 1099 Innocentius
765 1072 809 1097 IV
820 1070 999 1105 Mat-garitae
1014 1068 1179 1094 comitissae
1194 1066 1351 1092 Flandriae
1366 1065 1402 1092 de
1417 1064 1518 1092 eadem
1534 1073 1564 1091 re
1578 1064 1687 1090 scribit.

1665 1122 1735 1152 1251,
1750 1122 1838 1148 Martii
1851 1122 1889 1151 18.
1904 1122 2020 1155 Luqdmn‘.

524 1204 644 1238 Nobili
666 1203 807 1237 mulieri
833 1230 853 1235 ..
875 1202 1061 1235 comitisse
1086 1200 1267 1233 Flandrie.
1291 1200 1332 1231 In
1352 1199 1481 1231 affectu
1509 1204 1543 1231 te
1568 1209 1699 1243 gerere
1725 1196 1877 1229 firmiter
1902 1196 2101 1237 credimus,
2128 1201 2192 1229 etc.
2214 1195 2306 1230 sicut

436 1273 472 1306 in
494 1270 762 1316 precedentibus
789 1269 927 1303 litteris
956 1279 1060 1313 usque
1084 1278 1307 1300 curaremus.
1337 1264 1472 1299 Deinde
1495 1278 1506 1298 .·
1534 1264 1626 1308 Quia
1655 1275 1742 1297 vero
1772 1263 1816 1296 ad
1844 1262 2068 1296 nobilitatem
2100 1268 2194 1295 tuam
2225 1273 2308 1307 per-

436 1339 538 1380 tinet,
558 1343 621 1372 etc.
645 1348 748 1382 usque
770 1337 806 1370 in
824 1336 948 1381 finem.
973 1336 1049 1367 Dat.
1074 1333 1243 1379 Lugduni
1264 1345 1309 1366 xv
1329 1332 1398 1365 kal.
1421 1331 1571 1377 Aprilis,
1594 1342 1688 1364 anno
1709 1330 1785 1375 viij.

530 1436 592 1467 fleg.
610 1436 664 1458 vat.
683 1434 824 1458 Innocentii
841 1434 874 1457 IV
888 1442 929 1456 un.
947 1434 969 1461 8,
986 1441 1028 1464 ep.
1043 1433 1097 1461 428,
1115 1432 1159 1457 sol.
1176 1432 1215 1455 59.

445 1643 551 1680 197.
573 1653 748 1685 Juramenta,
768 1659 842 1686 quae
857 1652 929 1676 cives
948 1659 982 1675 ac
1002 1649 1135 1684 magistri
1154 1648 1359 1684 scholar-esque
1382 1648 1565 1675 Parisienses
1588 1647 1706 1683 reginae
1729 1648 1868 1681 fecerunt,
1895 1649 1927 1672 ut
1947 1654 2013 1682 pax
2036 1644 2116 1671 urbis
2138 1647 2308 1672 servaretur.

527 1701 654 1727 Provisio
668 1701 877 1735 magistrorum,
896 1700 946 1735 qui
961 1698 1086 1725 debeant
1100 1698 1159 1724 dici
1173 1697 1329 1732 scholares,
1348 1701 1376 1724 et
1391 1697 1440 1733 qui
1456 1697 1498 1724 vel
1512 1696 1651 1733 quomodo
1666 1697 1726 1722 sint
1740 1694 1896 1732 repetendi,
1913 1695 1941 1720 si
1954 1694 2117 1731 capiantur.

1642 1799 1712 1829 1251,
1727 1798 1799 1825 ιΙνηῘῘ
1810 1798 1900 1828 19-24,
1910 1797 2028 1828 ‚Pae-teile.

527 1878 652 1910 Anno⁴
682 1877 826 1910 Domini
848 1877 978 1910 M⁰CC0
999 1875 1304 1921 quinquagesimo
1325 1875 1456 1920 primo,
1478 1875 1537 1907 die
1562 1874 1647 1907 lune
1667 1880 1748 1907 ante
1769 1873 1995 1907 Nativitatem
2016 1871 2112 1907 beati
2137 1870 2314 1905 Johannis

442 1945 599 1989 Baptiste
629 1944 787 1977 Parisius
822 1944 858 1976 in
886 1943 1069 1988 presentia
1090 1944 1151 1975 13².
1185 1942 1249 1975 Dei
1277 1941 1391 1987 gratia
1419 1943 1639 1975 Francorum
1661 1940 1788 1986 regine
1815 1939 1983 1981 illustris,
2011 1938 2168 1984 Philippi
2195 1936 2313 1971 archi-

442 2011 603 2057 episcopi
624 2010 876 2051 Bituricensis,
903 2012 933 2043 J.
963 2009 1199 2043 Ebroicensis
1226 2009 1404 2054 episcopi,
1431 2008 1570 2042 domini
1596 2007 1768 2053 Stephani
1794 2007 1839 2040 de
1865 2007 1974 2040 Sacro
2000 2006 2148 2046 Cesare,
2174 2003 2313 2037 domini

443 2077 615 2112 Gausredi
643 2077 687 2110 de
715 2076 873 2122 Capella,
903 2077 1051 2110 Francie
1080 2076 1268 2121 panetarii,
1294 2075 1433 2109 domini
1458 2075 1555 2108 Petri
1580 2075 1626 2108 de
1653 2073 1889 2115 Ernancuria,
1914 2072 2053 2106 domini
2077 2071 2240 2105 Almauri
2267 2070 2313 2103 de

445 2144 642 2185 Meuduno,
672 2144 833 2189 magistri
860 2143 1054 2177 Guillermi
1075 2143 1119 2176 de
1148 2142 1317 2183 Senonis,
1348 2141 1519 2187 Stephani
1545 2141 1672 2174 decani
1699 2140 1798 2174 Beati
1825 2139 1956 2173 Aniani
1981 2138 2258 2172 Aurelianensis
2279 2143 2316 2170 et

446 2210 638 2243 multorum
664 2210 830 2251 aliorum,
858 2210 1023 2251 militum,
1050 2209 1266 2243 clericorum
1293 2216 1329 2242 et
1354 2208 1520 2249 aliorum,
1547 2208 1713 2242 fecerunt
1735 2207 1834 2240 cives
1864 2206 2091 2239 Parisienses
2120 2204 2189 2238 tale
2214 2205 2334 2250 jura-y

445 2283 617 2317 mentum,
653 2277 749 2321 quod
784 2276 979 2310 servabunt
1010 2289 1132 2322 pacem
1166 2276 1252 2310 ville
1282 2275 1376 2309 bona
1406 2275 1476 2308 fide
1512 2287 1577 2320 pro
1612 2286 1721 2320 posse
1755 2286 1823 2307 suo
1858 2273 1903 2306 de
1937 2272 2107 2306 omnibus
2141 2270 2314 2317 gentibus

445 2350 616 2389 quantum
650 2343 693 2376 ad
728 2355 854 2376 omnes
888 2350 1017 2389 gentes
1052 2350 1120 2376 tam
1151 2343 1306 2376 clericos
1341 2355 1445 2387 quam
1477 2341 1602 2383 laicos,
1634 2348 1668 2375 et
1698 2341 1796 2386 quod
1826 2340 1879 2373 illi
1910 2339 1969 2374 vel
1997 2339 2084 2380 illis,
2115 2350 2223 2383 quem
2256 2336 2315 2371 vel

446 2422 537 2454 quos
567 2410 712 2443 domina
744 2410 867 2455 regina
899 2410 1054 2443 dimittet
1083 2410 1120 2442 in
1150 2409 1315 2442 custodia
1342 2409 1441 2450 ville,
1470 2408 1645 2442 obedient
1671 2414 1844 2453 quantum
1872 2407 1916 2440 ad
1946 2405 2163 2439 servandum
2191 2415 2315 2450 pacem

449 2476 642 2521 predictam
670 2483 705 2509 et
730 2476 773 2509 ad
800 2477 1003 2509 faciendum
1025 2477 1202 2521 justitiam
1230 2476 1261 2509 si
1285 2488 1378 2521 opus
1404 2475 1530 2516 suerit;
1559 2482 1595 2508 et
1618 2474 1717 2520 quod
1743 2474 1774 2508 si
1799 2473 1947 2518 aliquod
1972 2471 2188 2506 maleficium
2214 2470 2318 2504 fieret

448 2543 485 2574 in
514 2542 611 2582 villa,
644 2554 715 2575 non
745 2542 978 2575 substrahent
1005 2543 1093 2587 quin
1120 2549 1273 2588 possent
1299 2541 1492 2587 perhibere
1524 2541 1771 2575 testimonium
1802 2539 1956 2580 veritati,
1990 2538 2062 2571 nisi
2091 2538 2128 2570 in
2157 2536 2316 2571 videndo

451 2614 575 2652 posset
603 2608 655 2640 eis
685 2609 848 2653 corporis
879 2609 1076 2653 periculum
1108 2609 1280 2646 iminere:
1313 2615 1349 2642 et
1377 2608 1475 2653 quod
1503 2608 1626 2641 dicent
1651 2607 1837 2640 veritatem
1868 2605 1912 2638 de
1940 2603 2139 2645 maleficiis,
2172 2603 2316 2648 quando

448 2674 583 2706 fuerint
603 2674 785 2718 requisiti3
816 2681 850 2707 ct
875 2675 971 2719 quod
998 2675 1247 2708 malefactores
1273 2682 1308 2708 et
1333 2674 1538 2708 turbatores
1565 2673 1664 2718 pacis
1689 2671 1929 2705 nominabunt
1952 2671 1989 2703 in
2017 2676 2158 2703 secreto
2185 2669 2238 2702 illi
2259 2668 2317 2703 vel

452 2739 537 2780 illis,
561 2740 621 2784 qui
642 2740 759 2772 villam
784 2752 826 2773 ex
847 2748 944 2785 parte
966 2742 1111 2774 domine
1132 2742 1259 2787 regine
1279 2741 1499 2775 custodient.

544 2806 793 2839 Universitas³
817 2807 1069 2851 magistrorum
1100 2808 1359 2841 Parisiensium
1387 2808 1525 2841 eisdem
1554 2807 1613 2840 die
1638 2813 1674 2839 et
1700 2817 1794 2838 anno
1820 2804 1904 2837 secit
1928 2803 2002 2849 legi
2026 2815 2145 2836 coram
2172 2802 2317 2835 domina

455 2872 578 2916 regina
605 2872 812 2916 hujusmodi
838 2873 1024 2917 scriptum,
1052 2881 1086 2907 et
1111 2875 1357 2919 promiserunt
1383 2874 1481 2919 quod
1501 2875 1718 2918 juramenta,
1746 2872 1790 2904 dc
1812 2870 1945 2916 quibus
1973 2870 2010 2903 in
2034 2881 2078 2902 eo
2103 2869 2144 2902 fit
2168 2869 2316 2910 mentio,

453 2950 470 2970 a
492 2939 676 2983 magistris
698 2946 732 2971 et
753 2939 954 2972 scolaribus
975 2940 1134 2973 facerent
1154 2942 1319 2974 renovari
1342 2947 1376 2974 et
1398 2940 1527 2985 jurari,
1549 2939 1646 2984 quod
1673 2944 1862 2971 servarent
1881 2948 2004 2982 paccm
2025 2935 2110 2969 ville
2131 2935 2225 2968 bona
2247 2935 2317 2968 fide
