2580 3528
244 416 341 458 1254]
557 428 604 450 AB
638 428 744 450 imno
779 428 858 450 mcc
892 428 1027 457 tisoni-2
1063 429 1113 451 An
1149 429 1383 453 minumum
1419 432 1460 453 1v
1494 433 1583 454 nse.
1621 434 1756 456 rimxc.
2050 428 2112 461 271

240 499 285 534 ab
305 501 397 547 ipsis
417 507 594 547 perpetuo
614 513 681 547 pro
701 502 826 547 precio
847 509 1058 536 sexcentum
1079 502 1253 537 librarum
1276 504 1469 550 parisiens.
1486 506 1560 550 jam
1583 506 1653 539 sibi
1681 507 1881 541 solutarum
1902 509 1939 542 in
1962 512 2112 555 pecunia

240 574 438 610 numerata,
460 568 555 602 sicut
573 568 670 602 idem
691 569 866 614 magister
885 569 1079 603 confessus
1100 577 1156 604 est
1175 583 1295 604 coram
1313 571 1421 605 nobis
1438 573 1658 606 renuncians
1674 575 1877 620 exceptioni
1896 588 1968 608 non
1986 589 2112 610 nume-

239 640 314 668 rate
334 634 502 680 pecunie,
523 646 597 668 non
621 634 751 668 tradite
773 642 807 669 et
827 647 901 669 non
926 636 1059 679 solute,
1081 637 1261 682 quandam
1286 638 1433 671 domum
1460 639 1562 672 sitam
1591 639 1636 672 ad
1665 640 1835 685 palatium
1857 642 2109 676 Terminorum

234 707 439 735 moventem
460 713 503 735 ex
523 701 794 747 acquiramento
817 702 936 748 ipsius
957 710 993 736 et
1012 710 1231 749 conquestu,
1253 711 1293 738 ut
1313 704 1467 747 dicebat,
1486 706 1673 740 incensiva
1694 707 1826 740 civium
1848 709 2107 743 Parisiensium

237 774 420 802 oneratam
440 768 485 802 de
505 769 675 803 undecim
692 769 822 803 solidis
844 776 880 803 et
899 770 1024 804 dimid.
1043 771 1236 816 parisiens.
1255 771 1504 814 censualibus,
1522 780 1562 806 ut
1577 773 1722 816 dicitur,
1741 774 1890 820 quittam
1908 782 1944 809 et
1958 775 2108 810 liberam

235 834 281 868 ab
301 835 399 868 omni
419 834 491 869 alio
507 847 619 869 onere
638 836 801 870 censuali
822 843 857 870 et
877 844 1078 880 coustuma,
1097 845 1137 871 ut
1152 838 1296 872 dicitur.
1315 840 1404 872 Item
1421 839 1600 884 quandam
1617 840 1827 886 granchiam
1844 854 1987 887 parvam
2005 843 2107 877 sitam

230 901 332 946 juxta
362 901 492 935 dictam
522 902 668 936 domum
697 910 903 937 moventem
933 915 976 937 ex
1005 905 1275 950 acquiramento
1307 906 1424 951 ipsius
1454 906 1491 939 in
1522 907 1668 941 censiva
1694 907 1872 942 dictorum
1898 909 2045 952 civium,
2072 917 2109 944 ut

234 967 390 1011 dicebat,
411 976 594 1002 oneratam
616 969 661 1003 de
682 970 844 1016 quinque
863 970 993 1004 solidis
1010 971 1202 1016 parisiens.
1220 972 1469 1014 censualibus,
1491 980 1531 1007 ut
1551 973 1707 1014 dicebat,
1729 975 1879 1020 quittam
1900 983 1936 1009 et
1955 976 2105 1010 liberam

234 1033 279 1068 ab
303 1035 402 1069 omni
422 1035 493 1069 alio
520 1048 633 1070 onere
652 1036 815 1070 censuali
836 1044 872 1070 et
897 1044 1100 1079 coustuma,
1126 1045 1166 1072 ut
1190 1038 1334 1072 dicitur.
1362 1041 1450 1073 Item
1477 1040 1658 1085 quoddam
1681 1041 1871 1086 pratellum
1893 1044 2105 1089 contiguum

233 1101 329 1136 dicte
356 1102 480 1136 domui
507 1102 593 1136 dicti
625 1103 789 1149 magistri
816 1116 968 1138 movens
992 1117 1036 1138 ex
1061 1105 1332 1151 acquiramento
1357 1106 1487 1152 ipsius,
1512 1114 1551 1140 ut
1572 1107 1716 1150 dicitur,
1739 1115 1927 1142 oneratum
1949 1109 1994 1143 de
2015 1111 2107 1144 duo-

233 1168 349 1202 decim
380 1169 540 1203 denariis
569 1170 762 1216 parisiens.
794 1171 1022 1205 reddendum
1053 1165 1195 1205 cuidam
1230 1172 1445 1219 presbytero
1473 1173 1660 1219 capellano
1691 1175 1811 1208 Sancti
1840 1177 2041 1219 Benedicti,
2066 1185 2105 1211 ut.

233 1235 378 1278 dicitur,
405 1236 559 1281 quittum
584 1243 619 1270 et
645 1236 799 1270 liberum
830 1237 874 1271 ab
904 1238 1003 1271 omni
1032 1238 1103 1272 alio
1136 1251 1248 1272 onere
1282 1240 1444 1273 censuali
1478 1247 1513 1274 et
1542 1248 1743 1283 coustuma,
1771 1249 1809 1276 ut
1834 1242 1988 1277 dicebat.
2017 1245 2104 1278 Item

232 1301 411 1347 quandam
438 1302 662 1348 granchiam,
693 1315 763 1349 que
790 1304 858 1337 suit
882 1305 1047 1349 magistri
1074 1305 1262 1339 Guillelmi
1288 1306 1333 1339 dc
1359 1307 1516 1340 Senonis
1544 1307 1647 1340 sitam
1668 1309 1769 1353 juxta
1798 1309 1928 1342 dictam
1957 1310 2104 1344 domum

231 1368 318 1402 dicti
347 1369 511 1415 magistri
541 1369 690 1404 Roberti
724 1370 761 1403 in
792 1371 939 1405 censiva
968 1371 1147 1405 dictorum
1177 1372 1324 1414 civium,
1353 1380 1535 1407 oneratam
1566 1386 1610 1407 ex
1641 1382 1721 1408 octo
1752 1375 1882 1410 solidis
1912 1378 2104 1422 parisiens.

230 1435 478 1478 censualibuS,
504 1443 544 1470 ut
569 1437 715 1479 dicitur,
742 1438 892 1483 quittam
919 1445 952 1472 et
980 1438 1130 1472 liberam
1157 1438 1201 1472 ab
1229 1440 1329 1472 omni
1354 1440 1425 1473 alio
1453 1453 1564 1474 onere
1589 1442 1752 1475 censuali
1779 1449 1814 1476 ct
1837 1450 2039 1487 coustuma,
2067 1453 2106 1479 ut

227 1501 372 1545 dicitur,
394 1510 599 1538 moventem
621 1504 666 1537 de
686 1511 891 1550 conquestu
912 1512 947 1538 et
966 1506 1238 1551 acquiramento
1259 1518 1339 1546 su0,
1363 1513 1402 1540 ut
1421 1507 1575 1541 dicebat.
1595 1509 1683 1541 Item
1706 1509 1887 1554 quoddam
1909 1512 2104 1556 pratellum⁴

229 1569 337 1603 situm
365 1570 467 1616 juxta
498 1570 629 1604 dictam
663 1571 872 1617 granchiam
905 1572 992 1606 dicti
1025 1572 1213 1606 Guillelmi
1243 1573 1288 1607 de
1320 1574 1476 1607 Senonis
1511 1575 1548 1607 in
1582 1575 1728 1609 censiva
1760 1576 1938 1610 dictorum
1970 1578 2102 1612 civium

229 1643 415 1670 oneratum
442 1637 488 1671 de
513 1637 638 1671 decem
665 1638 795 1672 solidis
821 1639 1013 1684 parisiens.
1036 1639 1284 1682 censualibus,
1307 1641 1461 1686 quittum
1482 1648 1518 1674 et
1536 1641 1692 1675 liberum
1713 1642 1758 1676 ab
1778 1643 1877 1676 omni
1898 1644 1968 1678 alio
1989 1657 2101 1679 onere

228 1703 391 1738 censuali
416 1710 452 1738 et
474 1711 676 1747 coustuma,
697 1712 737 1739 ut
761 1705 916 1747 dicebat,
944 1718 1095 1741 movens
1121 1719 1164 1740 ex
1188 1708 1458 1753 acquiramento
1480 1720 1561 1750 suo,
1583 1716 1623 1742 ut
1642 1709 1785 1743 dicitur.
1809 1711 1981 1745 Promisit
2006 1713 2101 1746 enim

227 1770 324 1804 idem
354 1770 528 1817 magister
557 1771 739 1806 Robertus
770 1771 841 1806 fide
873 1773 991 1807 media
1023 1773 1059 1806 in
1092 1786 1198 1807 manu
1230 1781 1354 1808 nostra
1384 1775 1622 1821 corporaliter
1651 1777 1814 1822 prestita,
1846 1778 1944 1823 quod
1976 1786 2100 1813 contra

226 1837 474 1872 venditionem
501 1838 606 1872 istam
634 1851 699 1884 per
725 1851 765 1873 se
792 1839 849 1873 vel
877 1851 942 1886 per
970 1840 1079 1874 alium
1107 1853 1181 1874 non
1210 1841 1333 1875 veniet
1361 1842 1397 1874 in
1424 1843 1598 1884 futurum,
1627 1850 1663 1876 et
1689 1844 1787 1888 quod
1815 1844 1929 1878 dictas
1957 1845 2098 1888 domos,

226 1903 419 1951 granchias
439 1911 475 1939 et
494 1905 643 1951 pratella
658 1906 825 1940 venditas
846 1918 912 1940 seu
931 1907 1090 1949 vendita,
1113 1914 1152 1941 ut
1171 1907 1305 1942 dictum
1328 1915 1396 1950 est,
1419 1909 1583 1954 predicto
1604 1909 1753 1944 domino
1774 1911 1972 1945 Guillelmo
1993 1925 2102 1946 cano-

226 1971 309 2005 nico
334 1978 370 2005 et
393 1971 467 2005 illis
492 1972 555 2018 qui
579 1984 722 2006 causam
749 1972 936 2007 habebunt
959 1973 1003 2007 ab
1028 1974 1121 2020 ipso,
1144 1974 1381 2020 garantizabit
1405 1982 1441 2009 et
1464 1975 1634 2010 liberabit
1658 1977 1701 2010 ad
1728 1989 1818 2011 usus
1844 1985 1879 2011 et
1903 1986 2101 2013 consuetu-

226 2037 332 2072 dines
356 2038 506 2072 Francie
526 2045 651 2073 contra
672 2052 800 2074 omnes
820 2040 857 2073 in
873 2041 1014 2086 judicio
1040 2047 1076 2075 et
1100 2048 1198 2075 extra
1218 2042 1398 2087 judicium
1424 2043 1759 2090 quocienscumque
1786 2057 1879 2090 opus
1900 2046 2010 2079 fuerit
2033 2058 2098 2080 seu

226 2115 391 2139 necesse.
413 2106 542 2140 Datum
562 2118 658 2140 anno
678 2107 824 2140 Domini
845 2108 896 2141 M⁰
915 2107 1168 2142 ducentesimo
1184 2109 1489 2155 quinquagesimo
1511 2117 1652 2155 quarto,
1675 2123 1800 2145 mense
1822 2112 2029 2146 Novembri.

319 2202 455 2235 Originnle
468 2203 496 2227 in
510 2204 587 2228 Arch-
604 2207 658 2229 nat..
674 2205 759 2230 Paris.
776 2205 802 2229 S.
818 2205 889 2235 6213,
907 2210 936 2229 ιιο
958 2206 1010 2230 108.
1032 2207 1160 2238 Superest
1174 2207 1317 2231 taeniolum
1334 2208 1479 2232 membran.
1494 2222 1526 2226 --
1542 2208 1654 2234 cartul.
1669 2210 1702 2234 de
1716 2210 1744 2234 la
1759 2210 1904 2234 sorbonne
1917 2209 1942 2233 in
1958 2210 2028 2235 Bibl.
2043 2215 2098 2235 nat.

225 2246 319 2276 Parin..
335 2255 384 2271 mn.
400 2247 447 2272 lat.
463 2248 549 2277 tm,
565 2249 610 2272 fol.
627 2249 699 2272 1⁰.-
712 2249 842 2274 Robertus
857 2250 890 2274 do
904 2250 992 2274 Duaco
1011 2250 1080 2283 (vide
1101 2259 1184 2283 supra
1200 2255 1230 2275 n⁰
1244 2252 1299 2285 239)
1315 2252 1364 2276 cuit
1379 2253 1479 2276 amicus
1500 2253 1607 2277 Roberti
1621 2253 1654 2277 de
1669 2253 1788 2277 sorbonn
1804 2257 1830 2277 et.
1844 2262 1912 2277 unus
1927 2262 1958 2278 ex
1974 2255 2098 2278 fundato-

225 2292 298 2316 ribus
313 2292 419 2325 collegii
433 2292 466 2316 de
479 2293 608 2318 Sorbona.
627 2293 692 2317 Vide
706 2293 762 2325 ejus
777 2297 963 2318 testamentum
978 2303 1020 2319 an.
1037 2295 1097 2319 1258
1117 2295 1187 2320 infru
1206 2301 1236 2320 πο
1255 2298 1301 2320 325
1320 2297 1494 2328 publicatum.
1516 2297 1581 2321 Cum
1601 2298 1678 2321 domo
1699 2306 1778 2329 nupt-n
1801 2302 1944 2322 memorata
1965 2299 2095 2323 Robertus

224 2336 257 2360 de
271 2336 390 2360 sorbonn
405 2337 578 2361 commutavit
591 2346 634 2362 un.
651 2338 713 2362 126³
727 2338 794 2361 dun·
808 2339 901 2362 domo·
916 2339 968 2371 ipsi
984 2339 1108 2371 proprias
1123 2339 1193 2372 (vide
1207 2341 1265 2365 doc.
1282 2340 1370 2373 infra).

224 2541 337 2580 242.
358 2553 462 2579 Petrus
476 2554 724 2589 pungemasinum
741 2554 834 2581 vendit
848 2554 970 2582 Roberto
985 2554 1021 2582 de
1042 2555 1170 2582 Sarbena
1186 2559 1213 2582 et
1231 2555 1380 2583 Guillelmo
1399 2555 1435 2582 de
1457 2558 1579 2583 (ἴω-ηοω
1595 2561 1709 2594 portam
1727 2567 1809 2584 suam
1830 2567 1892 2585 cnm
1909 2560 2093 2596 pertinentiis

313 2610 403 2638 usque
417 2601 459 2628 ad
468 2605 584 2639 portam
603 2614 615 2629 α
634 2602 831 2639 Coupegueule
848 2613 871 2638 ι),
890 2603 940 2630 ubi
950 2607 1056 2641 postea
1068 2604 1126 2639 suit
1141 2603 1291 2639 collegium
1308 2604 1462 2632 Serbonae.

1312 2693 1386 2725 1264,
1400 2702 1489 2722 mom
1503 2694 1641 2726 Decembri.
1655 2694 1676 2731 [
1676 2696 1783 2723 Parthis·
1783 2695 1809 2731 J.

311 2764 492 2800 Omnibus
518 2773 710 2812 presentes
742 2767 880 2801 litteras
913 2767 1135 2813 inspecturis
1159 2795 1179 2801 ..
1203 2768 1367 2802 officialis
1396 2769 1497 2803 curie
1525 2770 1743 2804 Parisiensis
1775 2770 1927 2805 salutem
1957 2772 1992 2805 in
2025 2773 2097 2806 Do·

223 2830 333 2865 mino.
356 2832 486 2866 Notum
512 2832 663 2867 facimus
688 2834 786 2879 quod
813 2834 849 2867 in
875 2841 997 2868 nostra
1020 2835 1210 2880 presencia
1231 2835 1451 2870 constitutus
1471 2837 1600 2870 Petrus
1621 2837 1795 2883 Pongens
1816 2838 1982 2878 Asinum,
2005 2839 2095 2872 civis

223 2897 456 2941 parisiensis,
491 2899 656 2934 vendidit
690 2907 724 2934 et
758 2901 923 2947 quittavit
958 2901 1133 2947 magistro
1167 2902 1326 2936 Roberto
1359 2902 1535 2936 canonico
1569 2903 1841 2938 cameracensi·
1879 2911 1913 2938 et
1948 2905 2096 2938 domino

223 2962 421 2998 Guillelmo
446 2965 491 2999 de
516 2966 689 3009 Carnoto,
710 2967 886 3002 canonico
907 2969 1026 3002 Sancti
1048 2969 1227 3012 Quintini,
1249 2976 1282 3003 et
1305 2969 1378 3003 illis
1398 2970 1459 3015 qui
1481 2982 1623 3004 causam
1646 2969 1830 3004 habebunt
1857 2970 1900 3004 ab
1927 2971 2030 3016 ipsis,
2053 2971 2095 3004 ad
