2580 3528
459 397 526 431 370
1039 407 1360 429 CHARTULAMUM
1393 406 1586 429 uuivssns.
1622 407 1751 429 rums.
2238 396 2336 437 [1257

458 481 664 515 cathedram
693 480 892 514 ascendere
920 481 1187 526 presumpserit
1209 481 1467 526 magistralem.
1496 482 1539 513 Et
1568 480 1599 514 si
1627 480 1734 514 vobis
1759 481 1975 522 constiterit,
2005 480 2103 525 quod
2130 480 2338 514 nominatus

458 548 685 582 Guillermus
720 554 844 581 contra
878 547 948 580 tale
975 554 1186 592 preceptum
1217 554 1383 580 nostrum
1413 547 1451 580 in
1480 547 1602 592 aliquo
1635 547 1761 581 venire
1795 547 2078 592 presumpserit,
2114 547 2337 580 denuntietis

458 614 577 660 ipsum
609 614 754 660 publice
785 614 1148 655 excommunicatum,
1184 614 1384 658 perjurum,
1415 625 1455 646 ac
1484 620 1662 658 perpetuo
1696 613 1815 646 officio
1849 613 2113 659 beneficiisque
2143 613 2334 659 privatum:

457 680 693 714 Notificamus
715 680 820 714 etiam
848 680 966 721 vobis,
996 680 1094 725 quod
1122 692 1195 712 non
1223 691 1288 724 pro
1315 691 1372 721 eo,
1399 679 1498 724 quod
1522 679 1618 712 idem
1647 679 1874 713 Guillermus
1900 680 2174 714 universitatem
2202 680 2336 726 magis-

458 754 596 780 trorum
631 754 666 780 et
697 746 891 780 scolarium
930 746 1190 780 Parisiensium
1222 746 1398 787 defendit,
1433 752 1494 779 aut
1523 745 1621 791 quod
1657 757 1723 791 pro
1762 758 1804 779 ea
1834 746 1986 780 forsitan
2019 747 2057 780 in
2092 747 2241 780 Francia
2276 747 2335 781 vel

456 814 552 859 apud
587 813 710 846 sedem
741 813 976 858 apostolicam
1007 812 1196 853 laboravit,
1226 817 1290 845 etc.
1322 818 1361 845 ut
1388 823 1500 856 supra
1530 818 1566 844 n⁰
1595 813 1672 845 316.
1705 813 1783 845 Dat.
1814 810 1970 847 Viterbii
1999 813 2037 858 iij
2068 813 2117 846 id.
2149 809 2333 855 Octobris,

457 880 689 925 pontificatus
710 879 826 912 nostri
847 891 941 911 anno
963 878 1083 911 tertio.
2199 874 2202 879 ’

549 976 684 1007 originale
699 976 724 999 in
741 976 816 999 Arch.
834 979 887 999 nat.
907 976 991 999 Paris.
1009 976 1036 998 L.
1053 975 1107 1003 251,
1125 979 1154 998 11⁰
1170 975 1223 998 157.
1240 975 1427 998 Dilacemtum.
1444 976 1534 999 Infra:
1549 984 1560 999 ε(
1572 976 1601 999 R.
1618 976 1688 999 Plac.
1702 984 1724 1000 ».
1737 977 1766 999 In
1782 976 1936 1000 membrana
1950 969 2062 1000 eversa:
2077 986 2089 1000 (ι
2102 978 2300 1001 Predicatorum
2312 969 2333 1002 a.

452 1034 485 1038 —
499 1021 561 1044 Cod.
578 1021 667 1052 privil.
685 1020 748 1044 ord.
771 1020 832 1043 Min.
856 1019 991 1043 continens
1007 1023 1032 1042 et
1047 1020 1080 1042 ad
1101 1019 1164 1043 Ord.
1182 1020 1286 1043 Servor.
1304 1019 1402 1042 Mariae
1424 1020 1559 1051 pertinens
1584 1021 1662 1050 (saec.
1687 1021 1761 1051 XIV).
1779 1021 1882 1044 Inserta
1904 1024 1944 1045 est
1958 1021 2071 1053 epistola
2086 1022 2193 1046 chartae
2212 1022 2335 1048 officialis

453 1066 542 1089 euriae
558 1065 641 1088 Paris.
659 1066 779 1088 Refertur
795 1067 881 1087 tamen
897 1064 934 1087 ibi
949 1064 982 1086 nd
999 1073 1010 1086 «
1025 1064 1060 1086 id-
1078 1063 1169 1087 Octob.
1187 1072 1209 1087 ».
1226 1064 1323 1095 Ripoll,
1339 1064 1418 1088 Ball.
1440 1064 1505 1088 Ord.
1521 1065 1635 1094 Praed„
1651 1065 1671 1094 I,
1688 1066 1742 1094 353,
1758 1070 1789 1088 n⁰
1804 1066 1858 1089 186.

453 1269 566 1306 322.
592 1280 708 1304 Statum
729 1278 805 1303 circa
826 1277 1030 1304 scholasticum
1050 1279 1271 1313 Noviomensem,
1290 1279 1340 1314 qui
1359 1279 1447 1305 etiam
1462 1279 1585 1315 singulis
1606 1281 1691 1306 annis
1706 1280 1813 1307 scholis
1828 1282 2062 1308 Noviomensihus
2077 1282 2113 1309 de
2127 1287 2236 1309 rectore
2248 1275 2335 1319 suffi-

544 1328 638 1362 cienti,
658 1328 707 1363 qui
722 1327 847 1353 Parisiis
864 1327 892 1352 in
909 1327 1022 1352 artibus
1038 1328 1156 1362 rexerit,
1170 1327 1320 1363 providere
1335 1327 1427 1354 debet.

1654 1392 1728 1419 Circa
1742 1401 1781 1419 an.
1799 1393 1877 1423 1257,
1893 1393 2047 1429 [noviomi]

544 1479 653 1511 Prout
682 1490 700 1510 a
730 1477 1059 1522 predecessoribus
1086 1477 1224 1510 nostris
1251 1479 1438 1512 canonicis
1465 1486 1521 1512 est
1547 1480 1709 1513 auditum
1737 1487 1772 1514 et
1801 1488 1909 1527 prout
1938 1494 1956 1515 a
1986 1482 2189 1515 scolasticis
2218 1482 2335 1516 nostri

454 1544 628 1589 temporis
658 1544 708 1577 uti
736 1544 854 1577 visum
876 1550 931 1576 est
951 1555 1017 1589 pro
1040 1543 1224 1589 pluribus,
1246 1544 1284 1577 in
1304 1544 1369 1578 hac
1391 1546 1524 1591 pagina
1545 1547 1679 1592 scripta
1701 1554 1787 1581 sunt
1812 1548 2062 1581 commendata
2087 1555 2123 1581 et
2147 1548 2333 1594 sigillatim

454 1617 574 1643 notata
600 1611 733 1651 omnia,
763 1622 832 1655 que
861 1610 1076 1643 scolasticus
1104 1611 1362 1645 Noviomensis
1390 1612 1599 1658 quicunque
1627 1626 1693 1659 pro
1721 1620 1884 1660 tempore
1912 1615 2085 1648 canonice
2114 1615 2335 1649 substitutus

454 1689 498 1710 ex
526 1677 670 1722 antiqua
701 1677 968 1710 consuetudine
999 1676 1110 1710 debet
1138 1684 1174 1710 et
1203 1677 1298 1711 solet
1326 1678 1445 1712 facere
1476 1680 1616 1713 ratione
1643 1680 1855 1714 scolasterie
1883 1688 1953 1715 tam
1982 1682 2019 1715 in
2045 1681 2201 1716 ecclesia
2227 1694 2333 1727 quam

455 1750 565 1777 extra.
598 1743 716 1776 Debet
745 1743 924 1788 siquidem
957 1755 1040 1776 esse
1072 1743 1249 1778 diaconus
1278 1745 1336 1778 vel
1366 1745 1559 1792 presbyter
1587 1747 1678 1780 infra
1708 1759 1854 1790 annum,
1886 1760 1959 1794 quo
1988 1749 2098 1782 fuerit
2131 1755 2333 1794 promotus.

454 1810 571 1843 Debet
591 1810 627 1842 in
649 1810 803 1843 ecclesia
820 1810 1027 1843 continuam
1051 1810 1299 1853 residentiam,
1323 1809 1417 1845 sicut
1438 1820 1632 1847 succentor
1652 1813 1764 1856 illius,
1787 1814 1897 1848 debet
1916 1815 2027 1848 eciam
2051 1827 2116 1861 per
2136 1827 2176 1849 se
2191 1811 2250 1849 vel
2270 1812 2336 1862 per

453 1877 562 1910 alium
591 1877 767 1922 quociens
796 1889 889 1922 opus
917 1883 973 1909 est
997 1878 1116 1910 facere
1137 1877 1249 1911 breve
1271 1878 1316 1911 de
1337 1878 1509 1924 legendo,
1532 1880 1842 1914 sicut-succentor
1866 1881 1911 1914 de
1937 1882 2127 1915 cantando.
2154 1881 2272 1915 Debet
2297 1882 2335 1915 in

454 1944 609 1976 ecclesia
640 1956 704 1988 per
731 1956 770 1976 se
796 1943 854 1977 vel
882 1955 947 1988 per
974 1943 1083 1977 alium
1105 1944 1305 1990 adimplere
1327 1958 1455 1979 omnes
1476 1946 1641 1980 defectus
1661 1948 1698 1980 in
1718 1947 1877 1994 legendo
1903 1955 1973 1982 tam
1999 1949 2044 1981 de
2069 1948 2128 1981 die
2155 1940 2261 1994 quam
2289 1949 2335 1982 de
2356 1975 2362 1981 .

453 2017 574 2052 nocte,
603 2011 697 2043 sicut
723 2017 917 2043 succentor
944 2011 980 2043 in
1007 2011 1199 2044 cantando:
1228 2011 1345 2045 Debet
1370 2024 1435 2058 per
1459 2025 1498 2046 se
1522 2014 1581 2047 vel
1606 2014 1715 2047 alium
1741 2015 1919 2048 ascultare
1945 2027 2086 2057 omnes,
2113 2015 2175 2060 qui
2201 2014 2337 2049 debent

453 2077 592 2122 legere,
626 2077 720 2109 sicut
753 2084 947 2110 succentor
980 2077 1077 2119 illos,
1114 2078 1176 2122 qui
1212 2078 1348 2112 debent
1381 2086 1537 2113 cantare.
1573 2080 1691 2114 Debet
1724 2082 1836 2115 eciam
1867 2094 1995 2115 omnes
2028 2081 2144 2115 libros
2179 2081 2335 2116 ecclesie

454 2155 614 2185 servare,
643 2144 849 2184 emendare,
880 2155 1060 2188 reparare,
1092 2145 1123 2177 si
1147 2156 1240 2189 opus
1261 2152 1329 2187 est,
1351 2146 1415 2179 sed
1437 2147 1480 2179 ad
1501 2154 1668 2192 sumptus
1689 2148 1858 2190 ecclesie,
1881 2149 1976 2182 sicut
1999 2155 2194 2182 succentor
2219 2147 2336 2182 libros

454 2217 593 2243 cantus.
623 2210 739 2243 Debet
763 2217 927 2255 preterea
955 2222 1084 2243 omnes
1104 2210 1244 2244 litteras
1265 2212 1302 2244 in
1323 2213 1480 2257 capitulo
1502 2213 1679 2259 legendas
1699 2214 1824 2260 legere
1845 2222 1880 2248 et
1900 2227 2028 2248 omnes
2055 2215 2194 2248 litteras
2217 2215 2335 2248 facere

453 2276 522 2309 sub
551 2276 674 2321 sigillo
695 2277 841 2322 capituli
864 2277 1047 2310 faciendas
1068 2284 1137 2310 tam
1158 2284 1275 2311 cartas
1296 2291 1400 2324 quam
1423 2279 1530 2321 alias3
1554 2281 1619 2314 sed
1641 2282 1822 2327 scripture
1843 2282 1998 2315 ecclesia
2019 2281 2128 2315 solvit
2154 2288 2334 2327 sumptus.

454 2342 571 2375 Debet
597 2343 701 2375 etiam
730 2343 849 2376 dictus
879 2343 1095 2376 scolasticus
1125 2350 1223 2377 extra
1252 2345 1443 2379 ecclesiam
1474 2347 1632 2393 singulis
1662 2348 1767 2381 annis
1793 2348 1904 2382 scolis
1930 2348 2095 2382 Noviom.
2123 2348 2168 2381 de
2193 2353 2335 2381 rectore

456 2409 662 2450 sufficienti,
686 2410 747 2454 qui
769 2410 930 2442 Parisius
952 2410 1087 2443 rexerit
1107 2410 1144 2443 in
1164 2411 1319 2453 artibus,
1341 2412 1385 2445 ad
1405 2425 1538 2446 annum
1559 2414 1718 2447 futurum
1742 2415 1935 2460 providere
1956 2422 1992 2448 et
2011 2415 2197 2460 provisum
2219 2414 2256 2447 in
2277 2414 2335 2448 die

456 2488 545 2508 cene
567 2476 711 2508 Domini
733 2476 890 2521 capitulo
912 2483 995 2521 post
1016 2488 1223 2510 sermonem
1246 2486 1471 2523 presentare,
1493 2492 1600 2525 quem
1623 2492 1829 2514 sermonem
1851 2482 1970 2515 dictus
1992 2481 2207 2515 scolasticus
2227 2480 2336 2514 debet

458 2554 522 2586 per
556 2554 594 2574 se
628 2542 685 2575 vel
721 2555 784 2587 pcr
818 2542 927 2575 alium
962 2544 1094 2576 facere.
1130 2545 1301 2578 Preterea
1336 2545 1446 2579 debet
1479 2558 1608 2580 omnes
1642 2554 1677 2581 et
1711 2547 1812 2581 solos
1846 2548 2007 2582 scolares
2036 2547 2333 2581 Noviomensium

457 2608 635 2639 scolarum
663 2608 992 2642 adversusomnes
1015 2610 1230 2654 justificare,
1259 2618 1294 2645 et
1319 2613 1349 2645 si
1375 2613 1429 2646 eis
1455 2614 1661 2658 injurietur,
1684 2614 1794 2648 debet
1820 2621 1928 2660 prout
1954 2620 2075 2660 potest
2101 2625 2269 2658 querere,
2297 2620 2337 2647 ut

457 2674 511 2706 eis
533 2674 746 2706 emendetur
766 2675 808 2707 ad
831 2682 998 2721 sumptus
1020 2682 1160 2719 corum,
1183 2690 1275 2722 quos
1296 2691 1402 2712 causa
1424 2680 1550 2726 tangit.
1574 2682 1729 2726 Insuper
1749 2681 1867 2714 dictus
1888 2680 2103 2714 scolasticus
2128 2691 2202 2712 non
2227 2679 2336 2713 debet

458 2739 653 2780 sustinere,
684 2741 780 2784 quod
806 2741 938 2786 aliquis
960 2742 1004 2774 de
1025 2742 1144 2787 aliqua
1166 2744 1334 2778 facultate
1355 2745 1453 2791 legat
1471 2746 1529 2780 vel
1550 2747 1648 2791 quod
1669 2746 1787 2780 scolas
1808 2753 1928 2780 teneat
1953 2747 1990 2779 in
2017 2752 2089 2779 tota
2114 2746 2257 2779 civitate
2277 2745 2335 2779 vel

458 2805 495 2837 in
523 2805 640 2849 aliqua
668 2805 751 2838 villa
777 2807 866 2839 infra
888 2808 1095 2841 comitatum
1118 2810 1415 2853 Noviomensem,
1437 2812 1508 2845 nisi
1529 2813 1574 2846 de
1595 2814 1675 2858 ejus
1695 2813 1841 2846 licentia
1862 2812 2024 2858 speciali.
2053 2813 2104 2845 Ita
2132 2811 2227 2844 solet
2252 2823 2334 2844 esse

459 2871 503 2903 de
529 2871 640 2903 scolis
661 2878 786 2905 cantus
808 2873 843 2905 in
870 2874 1156 2919 Quadragesima
1177 2876 1234 2909 vel
1255 2877 1291 2909 in
1312 2877 1382 2910 alio
1404 2879 1487 2911 anni
1509 2885 1686 2924 tempore,
1709 2880 1853 2924 quando
1881 2879 2042 2913 scolares
2069 2878 2335 2912 Noviomenses

458 2937 502 2970 ad
537 2937 654 2970 scolas
689 2945 814 2971 cantus
844 2939 1027 2973 voluerint
1056 2953 1096 2974 se
1125 2943 1336 2976 transferre.
1370 2944 1486 2978 Debet
1516 2945 1627 2978 eciam
1663 2946 1782 2979 dictus
1817 2946 2032 2979 scolasticus
2066 2945 2205 2978 ratione
2239 2945 2334 2978 dicte

582 2996 620 3018 47.
