2580 3528
243 406 339 447 1260]
580 416 627 438 ΑΒ
660 416 767 438 ANNO
801 416 878 439 mcc
913 417 1044 446 usqua
1079 417 1127 439 an
1163 418 1393 440 munerum
1428 419 1468 441 ιν
1503 420 1592 443 nso.
1629 421 1766 443 FRANC.
2048 414 2113 446 411

239 489 307 524 hoc
328 489 501 535 precipue
521 489 582 523 illa
602 490 754 532 ratione,
776 490 859 536 quia
879 490 999 524 dictus
1020 491 1216 537 episcopus
1237 491 1384 525 domum
1406 504 1511 538 quam
1533 493 1642 526 habet
1661 494 1821 527 Par-isius
1841 507 1922 527 cum
1944 496 2115 529 omnibus

240 556 471 602 pertinentiis
491 556 635 598 domus,
662 568 733 602 que
759 557 945 602 pertinent
970 557 1014 590 ad
1039 557 1159 603 ipsum
1186 558 1325 591 ratione
1350 559 1557 604 patrimonii
1583 560 1654 601 sui,
1680 560 1835 594 contulit
1860 561 2060 595 liberaliter
2081 570 2117 596 et

238 623 424 656 concessit
455 629 492 656 et
524 623 721 656 donatione
755 630 929 669 perpetua
958 624 1054 658 inter
1082 624 1186 658 vivos
1216 625 1365 658 tradidit
1394 626 1615 659 monasterio
1645 626 1882 660 Cluniacensi
1911 627 1955 660 ab
1985 629 2114 661 eodem

239 689 460 723 monasterio
495 696 672 735 perpetuo
701 690 961 736 possidendam
991 697 1028 724 et
1055 690 1258 724 habendam
1288 691 1332 725 ad
1362 704 1455 737 opus
1485 699 1519 726 et
1549 693 1760 726 exercitium
1793 693 1990 727 scolarium
2020 694 2115 728 dicte

239 755 371 790 domus
400 762 437 790 et
462 756 708 790 membrorum
737 757 962 791 studentium
990 758 1165 800 Parisius‚
1192 765 1227 791 et
1254 758 1364 792 debet
1388 770 1466 793 eam
1492 759 1635 793 tradere
1660 759 1812 794 liberam
1841 767 1876 794 et
1900 761 2050 806 quittam
2071 761 2115 794 ab

238 822 338 856 omni
370 834 482 856 onere
516 823 703 857 servitutis
737 830 773 858 et
805 836 940 858 census
974 831 1010 858 et
1042 824 1240 870 cujuslibet
1269 826 1460 871 pensionis
1493 833 1528 860 et
1557 827 1728 860 mandare
1749 826 1881 861 bonam
1912 834 1947 861 et
1975 827 2114 862 firmam

238 890 438 935 garentiam
459 890 504 924 de
529 890 700 924 omnibus
719 891 1032 937 comparatoribus
1052 893 1090 936 (ξ’)
1112 891 1207 925 dicte
1233 892 1363 926 domus
1384 899 1420 926 et
1439 894 1671 940 pertinentiis
1696 906 1740 927 ex
1761 901 1860 940 parte
1881 895 2116 940 proprietatis

238 963 275 990 et
293 967 338 990 ex
357 963 457 1002 parte
476 957 695 991 donationis.

331 1054 501 1079 Definitiones
515 1055 599 1088 Capp.
615 1055 730 1088 general.
743 1055 860 1080 Cluniae.
877 1056 903 1080 in
918 1056 987 1080 Bibl.
1000 1059 1053 1080 nat.
1070 1057 1154 1081 Paris.
1171 1065 1220 1081 ms.
1237 1058 1294 1085 lat.²
1310 1066 1388 1082 nouv.
1401 1057 1513 1090 aequis„
1526 1059 1596 1086 2263,
1610 1058 1698 1090 primu
1713 1067 1786 1090 pars,
1800 1059 1845 1083 sol.
1858 1059 1912 1088 701³,
1930 1059 1980 1083 sub
1991 1059 2115 1084 rubrica:

239 1109 251 1124 α
267 1100 396 1124 Diffinitio
410 1100 481 1132 quod
494 1099 558 1124 libri
572 1100 714 1124 scolarium
729 1101 912 1125 decedentium
930 1101 958 1125 in
975 1101 1088 1133 collegio
1107 1101 1251 1126 Parisiensi
1270 1102 1384 1126 debeant
1400 1110 1536 1126 remanere
1556 1103 1583 1126 in
1605 1103 1676 1127 dicto
1699 1103 1822 1135 collegio,
1841 1105 1909 1128 sacta
1929 1112 1997 1128 anno
2011 1104 2118 1128 Domini

238 1145 372 1170 M⁰CC⁰LX
387 1153 410 1174 n,
425 1145 510 1169 altera
529 1145 574 1169 fol.
593 1145 624 1169 92
644 1145 694 1169 suh
713 1145 837 1169 rubrica:
859 1154 871 1169 α
889 1145 1017 1170 Disfinitio
1031 1146 1093 1170 anni
1109 1146 1244 1170 millesimi
1263 1147 1347 1171 CCLx
1362 1155 1384 1171 ι).
1407 1147 1442 1171 Ut
1455 1155 1487 1171 ex
1501 1151 1563 1171 nota
1580 1148 1613 1171 ad
1629 1148 1686 1172 doc.
1704 1153 1733 1171 η’)
1748 1149 1793 1172 375
1808 1149 1964 1172 concludere
1978 1149 2116 1178 debemus,

236 1189 379 1222 episcopus
393 1189 631 1214 Autissiodorensis
646 1197 722 1213 suam
737 1190 844 1213 domum
863 1189 1082 1214 Clunincensibus
1097 1198 1149 1214 non
1163 1191 1244 1220 dedit,
1263 1199 1323 1214 cum
1337 1191 1447 1223 insuper
1462 1199 1530 1215 anno
1546 1192 1666 1224 sequenti
1687 1192 1876 1217 Clunincenses
1896 1193 2004 1217 domum
2019 1194 2116 1218 studiis

237 1234 392 1266 deputatam
405 1233 515 1258 Parisiis
529 1234 616 1258 adhuc
630 1242 682 1258 non
693 1234 862 1266 possiderent
877 1236 919 1264 (cf.
933 1234 1003 1259 infra
1017 1239 1047 1258 n⁰
1060 1236 1124 1266 370),
1140 1235 1202 1259 licet
1217 1236 1352 1259 studentes
1366 1236 1477 1260 Parisiis
1489 1236 1546 1268 jam
1560 1237 1594 1260 ab
1609 1237 1743 1269 aliquibus
1759 1237 1836 1261 annis
1851 1241 1977 1262 tenerent
1995 1252 2025 1256 —
2040 1238 2119 1270 Capi-

237 1278 294 1302 tnln
310 1278 445 1310 generalia
461 1278 578 1316 Cluniae.
594 1278 621 1302 in
635 1278 768 1302 dominica
784 1278 907 1303 Jubilate
926 1279 950 1309 (3
969 1279 1040 1303 dom.
1055 1282 1117 1310 post
1136 1280 1246 1310 Pascha)
1265 1280 1384 1304 Cluninci
1403 1280 1615 1310 celebrabantur,
1632 1284 1661 1305 ut
1675 1281 1758 1313 liquet
1773 1290 1803 1305 ex
1824 1290 1885 1310 ms.,
1903 1283 1947 1306 fol.
1965 1283 2003 1306 211.

238 1471 350 1509 362.
374 1481 516 1516 Magister
531 1481 695 1508 Guerendus
710 1485 861 1508 exsecutor
871 1483 1037 1509 testamenti
1046 1483 1180 1518 magistri
1189 1482 1307 1509 Roberti
1316 1482 1352 1509 de
1366 1485 1465 1509 Duaco
1477 1483 1506 1509 in
1518 1485 1645 1517 fas-orem
1656 1483 1832 1510 scholarium
1843 1483 1944 1510 domus
1957 1485 2116 1516 Sor-bonae,

1420 1586 1497 1616 7280,
1512 1586 1604 1619 ΛρνῘΙΙζς
1617 1586 1662 1616 28,
1677 1585 1697 1621 [
1697 1586 1804 1613 Parisiis
1804 1586 1830 1621 J.

327 1659 519 1694 Universis
556 1667 748 1706 presentes
786 1660 926 1694 litteras
963 1660 1235 1706 inspecturis..
1282 1661 1448 1694 officialis
1486 1661 1587 1694 curie
1627 1661 1846 1694 Parisiensis
1886 1661 2039 1695 salutem
2080 1662 2118 1695 in

238 1726 406 1760 Domino.
431 1727 564 1760 Notum
581 1727 733 1761 facimus
752 1727 851 1773 quod
875 1739 995 1761 coram
1017 1727 1125 1761 nobis
1145 1728 1367 1761 constitutus
1385 1728 1441 1762 vir
1460 1727 1682 1762 venerabilis
1704 1728 1878 1774 magister
1896 1729 2118 1762 Guerendus

237 1793 435 1827 canonicus
469 1793 741 1836 Ambianensis,
781 1806 916 1840 regens
953 1795 1115 1828 Parisius
1152 1795 1190 1828 in
1226 1794 1425 1840 theologia,
1463 1801 1647 1837 executor,
1686 1801 1726 1828 ut
1768 1794 1924 1837 dicebat,
1962 1807 2117 1829 unacum

236 1859 438 1894 venerabili
471 1860 551 1895 viro
579 1861 766 1907 preposito
802 1861 957 1895 ecclesie
993 1861 1039 1895 de
1074 1861 1218 1895 Seclino
1251 1861 1457 1895 testamenti
1489 1861 1650 1895 defuncti
1688 1862 1852 1907 magistri
1889 1861 2038 1895 Roberti
2072 1862 2119 1895 de

237 1927 389 1969 Duaco¹‚
422 1927 604 1973 quondam
633 1927 757 1962 clerici
786 1928 941 1962 illustris
971 1929 1148 1974 principis
1172 1929 1305 1974 Acaye,
1334 1928 1516 1978 ordinavit
1545 1935 1581 1962 et
1611 1928 1795 1974 disposuit
1824 1928 1868 1962 de
1903 1929 2118 1962 executione

238 1994 391 2040 predicti
418 1995 624 2028 testamenti
644 2002 817 2041 quantum
839 1995 876 2029 in
897 2007 937 2029 se
958 2002 1014 2029 est
1033 1995 1070 2028 in
1090 1995 1186 2028 hunc
1208 1995 1368 2029 modum.
1390 1995 1518 2029 Voluit
1537 1995 1633 2028 enim
1661 2001 1697 2028 et
1723 1995 1906 2029 ordinavit
1928 2007 2118 2041 expresse,

238 2060 336 2106 quod
366 2061 540 2108 quicquid
566 2062 754 2108 contingat
780 2062 824 2095 de
852 2062 946 2108 ipso,
975 2062 1073 2108 quod
1100 2062 1231 2096 solutis
1259 2061 1393 2095 debitis
1421 2068 1456 2095 et
1482 2061 1613 2108 legatis
1641 2062 1728 2095 ‹licti
1759 2062 1922 2096 defuncti
1953 2063 2118 2108 magistri

239 2126 388 2161 Roberti
423 2134 537 2162 totum
573 2114 761 2162 residuum
797 2129 977 2162 bonorum
1008 2129 1125 2175 ipsius
1156 2129 1331 2171 defuncti⁷
1362 2129 1393 2162 si
1423 2129 1522 2174 quod
1556 2129 1677 2170 fuerit,
1715 2129 1820 2163 cedat
1855 2129 1893 2162 in
1926 2129 2117 2162 utilitatem

239 2205 438 2240 pauperum
458 2194 714 2241 magistrorum
736 2195 960 2230 studentium
984 2196 1146 2230 Parisius
1171 2196 1208 2229 in
1234 2195 1430 2242 theologia,
1458 2207 1612 2241 quorum
1639 2195 1783 2241 negotia
1809 2195 1905 2241 gerit
1928 2196 1983 2229 vir
2007 2207 2119 2229 vene·

240 2260 366 2295 rabilis
395 2261 569 2307 magister
602 2261 784 2296 Robertus
814 2262 859 2296 de
889 2262 1069 2304 Sorbone,
1099 2263 1297 2296 canonicus
1328 2262 1558 2296 parisiensis.
1591 2263 1680 2295 Item
1711 2262 1828 2295 voluit
1866 2269 1899 2295 ct
1937 2262 2119 2296 ordinavit

239 2326 338 2372 quod
367 2327 454 2361 dicti
480 2339 660 2374 pauperes
685 2329 849 2375 magistri
882 2328 1038 2363 habeant
1067 2335 1102 2362 et
1132 2329 1333 2375 percipiant
1358 2328 1537 2374 quandam
1570 2335 1706 2374 partem
1739 2327 1916 2362 librorum
1951 2340 2116 2371 suorum,

240 2393 285 2426 ‹le
320 2405 390 2439 qua
420 2394 507 2428 fecit
536 2394 757 2428 mentionem
793 2395 889 2429 dicto
921 2395 1096 2441 magistro
1136 2395 1296 2429 Roberto
1330 2395 1506 2429 canonico
1539 2394 1736 2428 parisiensi
1768 2406 1833 2440 pro
1868 2395 2054 2440 sexaginta
2082 2402 2118 2429 et

239 2460 364 2494 decem
390 2459 495 2494 libris
520 2461 727 2507 parisiens„
754 2461 790 2495 in
815 2461 950 2508 quibus
971 2462 1066 2495 dicte
1087 2462 1291 2495 executioni
1313 2469 1469 2503 tenetur,
1495 2468 1534 2495 ut
1555 2462 1747 2495 consessus
1770 2468 1826 2495 est
1847 2473 1967 2495 coram
1995 2461 2115 2496 nobis.

240 2527 313 2560 Hec
336 2533 455 2561 autem
481 2528 601 2562 omnia
625 2527 742 2562 voluit
765 2535 800 2562 et
824 2528 1006 2563 ordinavit
1029 2529 1148 2562 dictus
1174 2529 1348 2574 magister
1372 2528 1593 2563 Guerendus
1618 2540 1738 2562 coram
1762 2527 1882 2562 nobis.
1911 2529 1989 2562 Dat.
2020 2541 2116 2562 anno

239 2593 384 2628 Domini
410 2595 461 2628 M⁰
472 2594 548 2629 CC⁰
569 2595 811 2641 sexagesimo,
829 2595 888 2629 die
911 2595 997 2629 lune
1019 2602 1103 2642 post
1126 2595 1295 2630 Jubilate.

331 2691 468 2724 Originsle
486 2692 512 2716 in
535 2693 611 2717 Arch.
629 2695 683 2717 nat.
704 2693 788 2717 Puris.
809 2693 843 2718 M.
860 2694 898 2721 75,
915 2693 1013 2718 n⁰156.
1038 2693 1116 2718 Deest
1135 2693 1263 2726 sigillum.
1281 2707 1309 2712 -
1325 2694 1420 2726 Supra,
1445 2698 1473 2716 ιι·ι
1496 2694 1550 2721 325,
1566 2693 1612 2717 nlii
1632 2697 1799 2717 exsecuturos
1820 2693 1970 2719 testamenti
1994 2694 2115 2726 magistri

239 2735 345 2761 nabent
358 2737 391 2761 de
405 2737 494 2761 unaco
507 2737 612 2769 physici
626 2737 809 2767 nominantnr;
827 2738 895 2763 unde
910 2738 1043 2771 suspicari
1057 2741 1145 2770 potest
1157 2738 1200 2762 hic
1215 2738 1323 2762 minime
1332 2738 1376 2770 αεὶ
1389 2738 1421 2762 dc
1437 2746 1489 2762 unu
1501 2738 1646 2770 eodemque
1660 2747 1785 2770 persona.

333 2821 356 2845 1.
374 2821 412 2846 Ex
423 2821 473 2845 hoc
487 2825 588 2846 certum
603 2822 685 2851 fieret,
701 2822 844 2847 Robertum
859 2823 892 2846 de
909 2822 996 2846 Dunco
1011 2822 1160 2855 physicum,
1177 2831 1219 2847 an.
1236 2823 1306 2852 1260,
1323 2822 1404 2855 April.
1422 2823 1460 2852 26,
1476 2822 1532 2855 jum
1548 2822 1701 2847 defunctum
1718 2832 1788 2854 esse,
1801 2823 1823 2848 si
1839 2824 1946 2857 quidem
1961 2827 2031 2848 essct
2046 2823 2115 2847 idom

239 2867 317 2898 atquo
331 2865 460 2891 Robertus
475 2866 502 2890 in
517 2866 566 2891 hoc
581 2867 737 2891 documento
751 2867 885 2892 laudatus.
