2580 3528
223 426 321 468 1285]
564 437 611 460 AB
644 437 750 460 anno
783 438 862 461 nec
896 438 1028 467 usque
1062 439 1111 461 An
1146 439 1376 462 pmuprum
1411 441 1451 462 ιν
1486 441 1574 463 nse.
1611 442 1748 465 rame.
2030 435 2096 468 629

220 510 398 553 nicamus,
415 511 747 545 excommunicatos
768 511 914 557 publice
934 513 1118 546 nuncietis
1138 519 1174 546 et
1193 513 1403 559 ubicunque
1424 514 1596 559 expedire
1612 515 1778 549 videritis
1800 517 2010 550 nominatim
2031 530 2096 551 eos

220 577 552 611 excommunicatos
572 577 786 612 denunciari
807 578 954 625 publice
974 579 1126 622 faciatis,
1148 580 1220 614 nisi
1240 592 1384 614 causam
1405 580 1619 626 legittimam
1641 581 1891 627 allegaverint,
1914 596 2024 628 quare
2051 585 2095 618 ad

199 643 289 677 *hoc
317 643 466 677 minime
496 650 702 687 teneantur,
736 645 781 678 ad
812 657 919 691 quam
950 646 1174 692 probandam
1203 647 1402 693 assignetis
1432 647 1486 681 eis
1515 659 1636 681 coram
1667 648 1774 682 nobis
1804 649 1899 694 apud
1933 651 2094 684 Sanctam

219 710 443 745 Genovesam
468 718 589 746 certos
614 711 708 754 dies,
729 719 766 746 et
785 712 873 758 quid
892 713 978 746 inde
998 713 1160 747 feceritis
1180 713 1289 747 nobis
1314 726 1425 760 super
1450 713 1518 747 hoc
1543 715 1730 748 veritatem
1757 715 1982 758 rescribatis,
2003 717 2097 750 inhi-

218 776 349 811 bentes
369 777 541 812 omnibus
561 785 598 812 et
617 768 776 824 singulis
796 791 842 812 ne
862 780 946 825 quis
965 780 1058 814 sacto
1078 780 1135 814 vel
1155 780 1268 814 verbo
1290 781 1463 826 impediat
1481 781 1795 815 contribucionem
1818 784 1919 828 juxta
1946 784 2095 817 sormam

218 843 417 890 predictam
433 845 526 878 infra
546 846 724 891 prefatum
746 846 940 879 terminum
962 846 1070 889 solvi,
1087 847 1250 892 alioquin
1269 847 1371 893 ipsos
1392 854 1559 893 tanquam
1582 848 1871 883 contradictores
1887 856 1923 883 et
1939 849 2096 884 rebelles

218 911 382 957 predicte
428 912 611 946 sententie
658 913 1052 946 excommunicacionis
1099 914 1333 948 decernimus
1377 914 1579 959 subjacere.
1629 916 1757 949 Datum
1806 928 1901 950 anno
1950 917 2096 950 Domini

218 978 271 1011 Μ’
281 978 358 1012 CC⁰
370 979 516 1012 LXXX⁰
536 985 678 1024 quarto,
701 979 760 1012 die
783 980 953 1013 mercurii
973 987 1057 1025 post
1076 980 1181 1015 Oculi
1200 981 1280 1015 mei.

311 1076 449 1108 originale
465 1085 518 1100 non
532 1076 680 1109 sigillatum
695 1077 722 1100 in
737 1077 815 1101 Arch.
831 1081 883 1101 nat.
900 1078 985 1101 Paris.
1002 1078 1035 1101 M.
1051 1079 1108 1106 67⁸,
1124 1082 1153 1102 n⁶
1167 1079 1205 1102 11.

311 1161 333 1185 1.
349 1160 414 1184 Vide
429 1169 511 1193 supra
523 1166 553 1184 n⁰
567 1161 620 1190 513,
639 1169 664 1185 n.
681 1162 704 1185 2.
719 1175 751 1179 —
761 1162 783 1185 2.
803 1162 889 1194 Supra
907 1161 941 1185 η’·
957 1162 1002 1186 512
1017 1165 1042 1186 et
1057 1163 1110 1186 513.
1124 1176 1155 1180 —
1170 1164 1192 1187 3.
1207 1163 1293 1186 Martii
1306 1164 1329 1186 4.

216 1335 328 1373 520.
356 1346 561 1372 Canonicorum
575 1346 786 1372 Parisiensium
807 1346 944 1381 rationes,
969 1347 1004 1373 ob
1027 1356 1101 1383 quas
1130 1356 1185 1374 non
1205 1351 1368 1374 tenerentur
1387 1342 1565 1375 contribffre
1590 1348 1618 1374 in
1643 1349 1787 1385 arpensis,
1808 1358 1882 1385 quas
1903 1358 1957 1386 pro
1983 1350 2095 1376 Univer-

303 1393 402 1420 sitatis
416 1394 514 1421 Paris.
531 1394 654 1430 negotiis
670 1394 813 1421 interdum
826 1395 894 1430 fieri
908 1395 1054 1431 contingit.

1386 1433 1464 1463 1285,
1479 1441 1559 1461 mens.
1574 1433 1808 1460 Februarii-namt:

304 1510 380 1543 Hee
404 1515 491 1543 sunt
514 1509 674 1544 rationes
698 1509 743 1543 ad
768 1510 1036 1544 ostendendum
1058 1511 1157 1556 quod
1177 1511 1343 1545 canonici
1365 1511 1521 1546 ecclesie
1542 1513 1775 1554 Parisiensis,
1796 1513 1902 1546 etiam
1929 1504 2107 1559 magistri·

213 1582 251 1609 et
283 1575 458 1618 scolares,
493 1588 568 1610 non
602 1583 773 1610 tenentur
806 1577 1040 1611 contribuere
1075 1578 1111 1611 in
1146 1578 1331 1624 expensis,
1368 1590 1458 1624 quas
1488 1591 1553 1624 pro
1585 1579 1841 1613 Universitatis
1875 1580 2093 1613 Parisiensis

213 1642 380 1688 negociis
409 1642 594 1676 interdum
626 1642 707 1676 fieri
733 1643 915 1690 contingit
940 1644 1073 1678 virtute
1102 1645 1271 1690 rescripti
1298 1645 1490 1691 apostolici
1521 1657 1632 1691 super
1659 1645 1937 1680 contribucione
1966 1646 2094 1691 hujus-

213 1708 313 1742 modi
337 1709 383 1742 ad
406 1708 606 1756 religiosos
630 1710 730 1743 viros
756 1709 922 1744 abbatem
944 1717 980 1744 et
999 1711 1256 1745 cancellarium
1277 1712 1406 1746 Sancte
1432 1713 1620 1746 Genovese
1646 1713 1759 1746 Paris.
1786 1724 1804 1746 a
1829 1713 1978 1746 domino
2004 1725 2093 1759 papa

214 1774 344 1809 directi
374 1781 410 1810 et
438 1774 612 1809 obtenti⁴.
643 1777 685 1810 Et
711 1776 899 1822 colligitur
926 1777 1040 1822 prima
1069 1777 1159 1811 ratio
1186 1790 1231 1811 ex
1258 1779 1424 1823 ejusdem
1453 1779 1621 1824 rescripti
1649 1779 1744 1812 serie
1772 1786 1808 1812 et
1836 1785 1975 1812 tenore.
2004 1781 2091 1812 Nam

212 1848 319 1876 tenor
352 1849 389 1876 et
421 1842 538 1876 series
573 1843 739 1888 ejusdem
773 1843 964 1877 evidenter
996 1844 1132 1878 indicat
1167 1851 1203 1878 et
1237 1844 1397 1878 declarat
1429 1844 1514 1878 illos
1550 1845 1783 1879 solummodo
1819 1846 2015 1891 magistros
2057 1853 2093 1879 et

211 1908 374 1942 scolares
399 1909 516 1942 teneri
541 1909 586 1943 ad
611 1909 918 1943 contribuendum
944 1910 981 1943 in
1006 1911 1179 1956 expensis
1200 1911 1388 1957 predictis,
1411 1912 1474 1957 qui
1494 1911 1588 1946 duos
1613 1911 1754 1945 solidos
1780 1912 1889 1957 paris.
1918 1912 1954 1945 in
1980 1911 2091 1946 bursa

211 1975 396 2009 communi
421 1987 503 2009 cum
529 1976 642 2010 sociis
667 1983 809 2022 ponunt
828 1977 866 2010 in
886 1977 1107 2023 septimanzu
1132 1977 1198 2011 sed
1219 1978 1383 2011 canonici
1405 1978 1632 2012 Parisienses
1658 1991 1731 2012 non
1757 1985 1843 2012 sunt
1865 1978 2089 2023 hujusmodi,

211 2041 296 2087 quia
322 2054 397 2076 non
426 2049 568 2088 ponunt
596 2043 633 2076 in
663 2042 774 2077 bursa
803 2044 987 2077 communi
1015 2056 1095 2078 cum
1127 2044 1252 2086 sociis,
1282 2057 1348 2078 nec
1379 2045 1416 2078 in
1446 2045 1619 2079 societate
1647 2052 1744 2087 sunt,
1773 2057 1840 2078 nec
1867 2045 1975 2079 etiam
2009 2057 2091 2079 esse

211 2115 369 2154 possunt
387 2109 590 2143 secundum
610 2110 899 2144 consuetudines
921 2111 1139 2144 Parisiensis
1160 2111 1316 2145 ecclesie
1338 2118 1374 2145 et
1394 2118 1537 2153 statuta,
1555 2112 1665 2145 immo
1683 2111 1826 2145 divisim
1850 2119 2036 2146 morantur
2057 2119 2090 2146 et

211 2174 352 2221 degunt
377 2174 533 2221 quilibet
555 2176 593 2210 in
618 2176 727 2210 domo
753 2189 818 2211 sua
842 2189 924 2210 cum
948 2177 1082 2211 familia
1108 2178 1254 2224 propria
1278 2178 1323 2211 ad
1349 2178 1466 2224 ipsius
1491 2178 1607 2212 solius
1633 2179 1798 2212 canonici
1825 2190 2015 2224 expensas.
2039 2180 2091 2212 Ex

211 2253 284 2287 quo
310 2241 501 2275 manifeste
527 2249 678 2288 apparet
702 2243 802 2288 quod
829 2244 1046 2290 rescriptum
1075 2244 1277 2290 predictum
1303 2244 1348 2278 ad
1375 2245 1478 2290 ipsos
1505 2245 1714 2279 nullatenus
1739 2257 1779 2278 se
1804 2245 1985 2286 extendat,
2008 2257 2088 2278 cum

212 2308 388 2354 rescripta
415 2307 627 2354 hujusmodi
653 2309 770 2343 stricti
792 2311 889 2355 juris
914 2310 989 2344 sint
1013 2317 1048 2344 et
1072 2311 1116 2344 ad
1141 2323 1182 2344 ea
1209 2311 1457 2344 tantummodo
1492 2311 1709 2357 regulariter
1734 2323 1774 2344 se
1801 2311 2008 2353 extendant,
2043 2311 2088 2345 de

211 2373 346 2420 quibus
366 2374 406 2408 fit
424 2375 567 2409 mencio
587 2375 625 2409 in
645 2375 799 2410 eisdem.

301 2442 389 2475 Item
416 2453 460 2475 ex
484 2453 556 2487 quo
576 2441 687 2475 verba
707 2442 876 2488 rescripti
897 2449 994 2476 certa
1015 2449 1114 2485 sunt,
1135 2455 1208 2477 non
1229 2450 1286 2477 est
1304 2443 1349 2477 ab
1370 2455 1495 2477 eorum
1517 2443 1791 2490 significacione
1817 2444 1962 2489 propria
1987 2456 2088 2478 rece-

210 2507 384 2550 dendum,
407 2507 608 2541 secundum
637 2520 743 2554 quam
764 2508 863 2542 claro
882 2509 1017 2543 clarius
1038 2516 1094 2543 est
1115 2521 1179 2555 per
1198 2522 1238 2543 ea
1260 2521 1331 2555 que
1352 2510 1523 2556 superius
1549 2517 1636 2544 sunt
1655 2522 1841 2555 expressa,
1863 2510 1961 2556 quod
1989 2511 2087 2544 Pari-

210 2574 354 2608 sienses
374 2574 540 2608 canonici
562 2586 636 2608 non
657 2581 812 2621 possunt
832 2574 902 2609 sub
921 2575 1046 2610 verbis
1066 2575 1276 2621 hujusmodi
1297 2575 1571 2621 comprehendi.

298 2641 467 2674 Preterea
497 2641 528 2675 si
559 2641 731 2675 dominus
758 2654 848 2688 papa
875 2642 968 2676 alios
996 2642 1190 2688 magistros
1218 2649 1254 2676 et
1283 2642 1444 2677 scolares
1471 2655 1576 2689 quam
1608 2642 1706 2685 illos,
1734 2643 1796 2689 qui
1824 2643 1918 2677 duos
1945 2643 2086 2678 solidos

210 2711 403 2758 parisiens.
438 2711 474 2745 in
505 2713 690 2746 communi
723 2712 834 2747 bursa
866 2724 947 2747 cum
983 2713 1095 2747 sociis
1127 2720 1268 2759 ponunt
1300 2714 1337 2747 in
1376 2713 1589 2760 septimana,
1625 2714 1668 2747 ad
1703 2713 2010 2748 contribuendum
2048 2715 2085 2748 in

209 2778 382 2824 expensis
403 2777 579 2824 predictis
603 2779 718 2813 teneri
738 2779 929 2822 voluisset,
947 2780 1042 2814 sicut
1063 2779 1132 2814 hoc
1155 2780 1191 2814 in
1214 2781 1292 2814 suis
1315 2780 1496 2826 expressit
1517 2779 1662 2823 litteris,
1683 2780 1731 2814 ita
1747 2786 1783 2814 et
1804 2780 1895 2814 illud
1917 2781 2086 2814 similiter

209 2844 471 2890 expressisset3
502 2845 614 2891 quod,
642 2846 725 2891 quia
749 2857 823 2879 non
848 2846 946 2889 fecit,
973 2846 1117 2892 planum
1149 2852 1205 2880 est
1230 2846 1328 2892 quod
1355 2846 1401 2880 de
1431 2846 1485 2880 eis
1514 2845 1722 2881 nullatenus
1753 2846 1944 2888 intellexit,
1975 2847 2083 2880 immo

209 2910 338 2956 pocius
362 2922 475 2945 unum
497 2911 788 2955 concedendum,
814 2912 912 2946 aliud
938 2913 1087 2946 omnino
1113 2912 1318 2959 denegasse
1340 2912 1496 2947 videtur.

300 2977 388 3011 Item
419 2977 508 3012 dicit
535 2978 606 3021 lex,
632 2979 731 3025 quod
761 2991 834 3013 non
864 2991 907 3013 ex
936 2978 1173 3026 opinionibus
1196 2979 1425 3026 singulorum
1457 2979 1523 3014 sed
1552 2991 1596 3014 ex
1625 2979 1807 3013 communi
1837 2990 1905 3013 usu
1937 2979 2080 3013 nomina
