2580 3528
296 433 395 474 1219]
641 442 688 464 ΑΒ
722 442 829 464 anuo
864 440 943 464 mcc
978 440 1111 470 usqua
1145 440 1194 463 Ap
1229 440 1463 463 PHILlPPUM
1497 441 1538 463 iv
1572 442 1661 464 nne.
1699 443 1836 465 rame.
2134 435 2178 468 89

294 516 474 563 patefecit,
505 528 587 550 cum
617 522 873 561 procuratores
903 515 1057 560 predicti
1086 515 1140 548 eis
1170 515 1288 560 ipsius
1318 515 1483 560 episcopi
1512 515 1652 549 litteras
1680 516 1900 550 obtulissent
1931 518 2173 559 continentes,

284 582 393 629 ,quod
421 582 518 616 idem
548 582 745 628 episcopus
774 582 954 615 innovans
983 581 1034 622 id,
1065 581 1164 626 quod
1189 592 1208 614 a
1233 581 1330 614 bone
1357 582 1531 615 memorie
1558 582 1755 615 Octaviano
1786 583 1972 616 Hostiensi
2003 584 2176 630 episeopo

282 648 493 696 *apostolice
513 649 614 683 sedis
634 649 755 695 legato
777 656 813 682 et
831 648 1096 694 predecessore
1117 649 1191 693 jam
1218 648 1305 682 dicti
1326 649 1545 682 Parisiensis
1573 649 1737 694 episcopi
1764 650 1896 682 factum
1918 657 2005 691 erat,
2034 662 2177 684 excom-

293 715 500 750 municabat
525 727 654 749 omnes
680 715 778 757 illos,
807 716 870 761 qui
902 715 1072 749 deeetero
1100 715 1180 748 sine
1212 727 1396 748 consensu
1425 722 1461 748 et
1486 716 1699 749 auctoritate
1726 716 1845 761 ipsius
1871 716 1929 750 vel
1957 717 2175 751 Parisiensis

293 782 450 817 ecclesie
482 783 577 816 circa
611 789 742 816 statum
764 782 959 816 scolarium
993 781 1051 816 vel
1084 782 1342 827 magistrorum
1377 782 1539 815 facerent
1571 782 1726 828 aliquam
1767 783 2074 828 conspirationem
2111 796 2175 817 seu

293 850 590 883 constitutionem
619 856 681 882 aut
709 848 970 895 obligationem
997 848 1197 894 quamlibet
1218 849 1427 893 juramento
1454 848 1512 882 vel
1538 848 1610 882 fide
1638 861 1703 882 seu
1731 848 1799 882 alia
1826 861 2054 895 quacumque
2084 862 2175 895 pena

287 916 470 958 vallatam,
493 916 565 962 ipsi
585 916 756 950 doctores
775 915 1018 955 attendentes,
1048 915 1147 960 quod
1174 915 1339 960 ejusdem
1365 915 1530 961 episcopi
1555 916 1687 949 factum
1709 916 1933 950 innitebatur
1953 918 2046 950 sacto
2067 929 2177 962 supra

294 983 380 1017 dicti
415 983 578 1029 episcopi
614 983 835 1024 Hostiensis,
868 983 949 1028 ejus
983 993 1095 1028 super
1129 982 1197 1015 hoc
1230 982 1370 1015 litteras
1405 982 1475 1015 sibi
1510 982 1674 1016 exhiberi
1710 983 1894 1028 petierunt
1926 983 2113 1017 humiliter
2143 991 2178 1017 et

293 1050 484 1092 instanter,
519 1062 586 1083 nec
619 1056 818 1095 potuerunt
850 1049 1032 1083 ullatenus
1066 1048 1245 1082 obtinere.
1287 1049 1428 1082 Deinde
1467 1061 1548 1082 cum
1588 1049 1713 1083 eadem
1752 1050 1922 1084 instantia
1961 1051 2178 1096 quesierunt

293 1116 629 1163 interpretationem
650 1116 797 1150 illorum
817 1116 1013 1150 verborum
1034 1116 1326 1150 constitutionem
1346 1121 1410 1150 aut
1429 1116 1685 1162 obligationem
1705 1117 1910 1162 quamlibet,
1938 1125 2057 1151 utrum
2079 1118 2175 1151 vide-

293 1183 380 1217 licet
398 1183 649 1230 intelligerent
674 1183 895 1229 generaliter
921 1190 990 1216 tam
1019 1183 1064 1216 de
1091 1182 1352 1216 constitutione
1380 1182 1477 1216 licita
1502 1183 1582 1216 utili
1608 1190 1644 1216 et
1662 1183 1828 1222 honesta,
1856 1196 1962 1229 quam
1984 1185 2030 1218 de
2051 1185 2175 1218 illicita

293 1261 446 1284 erronea
474 1257 510 1284 et
535 1250 682 1295 injusta,
711 1249 845 1295 quibus
873 1249 1196 1295 respondentibus,
1226 1249 1325 1295 quod
1352 1249 1607 1295 intelligebant
1634 1250 1855 1295 generaliter
1881 1251 1926 1284 de
1954 1251 2053 1284 omni
2079 1251 2176 1285 licita

293 1317 352 1352 vel
381 1316 522 1358 illicita,
555 1316 649 1350 bona
678 1316 737 1350 vel
766 1316 870 1357 mala,
902 1316 973 1362 ipsi
1003 1327 1199 1361 gravamen
1228 1328 1303 1349 non
1333 1315 1483 1349 dubium
1514 1317 1744 1350 attendentes
1773 1329 1812 1350 se
1846 1318 1891 1351 ad
1921 1318 2176 1363 appellationis

294 1384 476 1429 refugium
497 1389 767 1416 converterunt.
797 1384 910 1416 Porro
937 1394 1018 1416 cum
1046 1383 1091 1416 ad
1119 1383 1414 1427 prosecutionem
1442 1383 1698 1428 appellationis
1725 1384 1887 1429 predicte
1908 1385 2002 1418 foret
2026 1385 2176 1418 nuntius

293 1450 339 1484 ad
372 1450 498 1484 sedem
531 1449 767 1495 apostolicam
804 1449 1044 1483 destinandus
1079 1455 1115 1482 et
1141 1449 1221 1482 sine
1255 1449 1407 1483 collecta
1438 1450 1666 1483 Universitas
1697 1462 1770 1483 non
1799 1450 1949 1484 haberet
1983 1463 2174 1497 expensas,

293 1517 459 1563 magistri
487 1516 692 1550 liberalium
722 1516 851 1550 artium
886 1516 959 1549 fide
993 1516 1207 1561 interposita
1237 1527 1278 1549 se
1306 1528 1347 1549 ac
1377 1527 1465 1549 suos
1496 1516 1699 1562 discipulos
1728 1517 1998 1551 astrincxerunt
2026 1518 2071 1551 ad
2100 1530 2178 1551 ser-

293 1584 450 1618 vandum
471 1584 570 1630 quod
590 1595 702 1629 super
728 1583 797 1617 hoc
824 1596 843 1617 a
869 1584 947 1617 suis
975 1582 1274 1629 procuratoribus
1302 1583 1534 1629 contingeret
1553 1583 1726 1617 ordinari.
1757 1584 1923 1630 Cumque
1945 1585 2030 1618 dicti
2051 1597 2177 1630 procu-

293 1658 433 1685 ratores
462 1651 732 1696 injuncxissent
757 1650 910 1691 eisdem,
940 1656 979 1683 ut
1004 1650 1049 1683 ad
1076 1661 1255 1695 expensas
1283 1650 1401 1683 nuntii
1435 1650 1641 1683 destinandi
1675 1651 1947 1696 contingentem
1976 1651 2180 1685 tribuerent

293 1718 498 1764 portionem
520 1725 556 1752 et
575 1718 667 1764 ipsis
687 1717 787 1764 quod
807 1718 1009 1763 injunctum
1030 1717 1148 1750 suerat
1166 1716 1452 1762 adimplentibus
1473 1717 1624 1750 nuntius
1651 1717 1730 1763 ipse
1758 1718 1827 1751 iter
1852 1718 1896 1751 ad
1918 1730 1986 1751 nos
2006 1719 2178 1752 veniendi

289 1785 503 1830 jamdudum
532 1791 631 1818 esset
657 1796 872 1831 aggressus,
902 1784 1055 1830 predicti
1075 1783 1315 1818 cancellarius
1343 1790 1379 1817 et
1405 1783 1604 1829 complices
1631 1785 1712 1829 ejus
1737 1791 1958 1830 contempto,
1988 1785 2087 1830 quod
2107 1786 2178 1831 ipsi

294 1852 464 1886 doctores
485 1864 558 1886 non
579 1851 698 1885 solum
719 1851 832 1885 verbo
861 1851 927 1885 sed
953 1852 1046 1885 facto
1074 1863 1220 1896 quoque
1242 1857 1402 1884 nostram
1424 1851 1644 1884 audientiam
1666 1851 1891 1897 appellarant
1917 1863 2022 1885 suum
2044 1852 2089 1885 ad
2109 1865 2177 1886 nos

293 1925 334 1953 ut
362 1919 496 1952 dictum
526 1925 583 1952 est
611 1918 777 1952 nuntium
809 1918 1039 1960 destinando,
1072 1918 1186 1963 prima
1217 1917 1398 1951 dominica
1427 1918 1715 1963 Quadragesime
1745 1925 1813 1951 tam
1845 1919 2040 1964 magistros
2071 1931 2177 1965 quam

295 1985 456 2020 scolares
486 1986 549 2032 qui
576 1986 739 2019 fecerant
764 1985 952 2019 collectam
980 1985 1038 2019 vel
1065 1984 1251 2018 solverant
1276 1985 1322 2018 ad
1348 1985 1640 2030 prosequendam
1669 1985 1949 2031 appellationem
1979 1986 2175 2031 predictam

295 2053 627 2102 excommunicatos
659 2053 827 2086 fecerunt
860 2051 1006 2098 publice
1040 2052 1224 2092 nuntiari3
1261 2051 1359 2085 unde
1394 2063 1460 2085 nec
1495 2051 1539 2085 ad
1574 2052 1820 2085 confessionis
1855 2053 2056 2086 remedium
2093 2060 2179 2086 sunt

294 2119 458 2154 admissi.
491 2120 583 2153 Sane
612 2119 684 2166 ipsi
713 2119 883 2153 doctores
912 2131 1024 2165 super
1053 2119 1111 2152 sui
1142 2119 1245 2152 ruina
1275 2118 1387 2152 studii
1417 2119 1605 2152 anxiantes
1639 2119 1710 2164 ipsi
1745 2119 1962 2153 cancellario
1997 2126 2032 2153 et
2066 2120 2177 2154 sociis

296 2187 389 2232 ejus,
411 2197 507 2220 nunc
527 2186 724 2229 universis,
747 2198 844 2220 nunc
864 2185 1036 2232 singulis,
1060 2185 1314 2231 supplicarunt
1332 2185 1519 2218 humiliter
1540 2192 1576 2218 et
1595 2186 1785 2227 instanter,
1814 2193 1854 2219 ut
1873 2186 2031 2232 rigorem
2053 2186 2176 2232 hujus-

295 2252 394 2286 modi
414 2259 671 2299 temperarent.
701 2253 773 2287 Sed
793 2264 860 2287 nec
881 2253 959 2286 suis
979 2265 1046 2286 nec
1066 2251 1288 2286 venerabilis
1308 2252 1429 2285 fratris
1451 2252 1567 2285 nostri
1587 2278 1607 2284 ..
1631 2252 1916 2286 Silvanectensis
1937 2253 2120 2298 episcopi¹
2143 2260 2178 2286 et

296 2318 513 2353 dilectorum
543 2319 701 2353 filiorum
725 2345 746 2353 ..
779 2319 906 2353 decani
936 2325 972 2353 et
1004 2319 1152 2364 capituli
1186 2319 1418 2359 Parisiensis,
1451 2318 1513 2364 qui
1543 2331 1608 2364 pro
1639 2319 1693 2352 eis
1721 2319 1987 2352 intercessores
2019 2319 2176 2353 humiles

295 2392 542 2427 accesserunt,
574 2393 772 2431 potuerunt
801 2385 972 2432 precibus
1002 2385 1182 2426 obtinere,
1211 2392 1251 2419 ut
1277 2385 1404 2431 prefati
1432 2385 1597 2430 magistri
1624 2391 1660 2418 et
1686 2385 1847 2418 scolares
1876 2386 2005 2418 artium
2037 2386 2176 2431 recipe-

296 2459 423 2486 rentur
448 2453 492 2486 ad
520 2453 755 2499 penitentiam
782 2464 855 2486 non
883 2452 1050 2486 obstante
1078 2452 1353 2485 denuntiatione
1380 2451 1553 2497 predicta,
1581 2463 1662 2484 cum
1690 2463 1766 2484 cam
1793 2451 1987 2497 appellatio
2015 2452 2175 2498 legitima

296 2519 551 2565 precessisset.
585 2519 689 2553 Unde
719 2531 783 2565 pre
812 2519 1029 2553 confusione
1058 2518 1163 2552 faciei
1192 2525 1228 2552 et
1256 2518 1389 2551 mentis
1418 2518 1586 2563 angustia
1617 2517 1750 2551 defecit
1778 2518 1815 2551 in
1844 2519 1935 2564 ipsis
1963 2518 2176 2554 doctoribus

296 2586 449 2633 spiritus
465 2586 509 2620 ad
526 2586 737 2632 legendum,
757 2593 792 2619 et
807 2586 907 2632 quod
922 2585 1027 2620 valde
1044 2585 1212 2619 dolentes
1229 2585 1447 2625 audivimus,
1464 2584 1501 2617 in
1517 2584 1616 2617 omni
1637 2584 1805 2618 facultate
1826 2584 1911 2619 silet
1925 2586 2087 2619 Parisius
2107 2598 2176 2620 vox

296 2653 474 2696 doctrine,
496 2660 531 2687 et
558 2659 688 2699 negata
715 2652 1012 2687 desiderantibus
1039 2652 1238 2698 penitentia
1266 2651 1451 2697 perceptio
1473 2650 1646 2684 dominici
1673 2652 1838 2697 corporis
1867 2652 2004 2686 eisdem
2034 2653 2070 2686 in
2096 2653 2176 2699 ipso

297 2719 480 2754 dominice
509 2720 804 2754 Resurrectionis
839 2720 898 2754 die
932 2720 1000 2753 suit
1034 2731 1098 2766 per
1131 2730 1364 2764 consequens
1395 2718 1584 2764 denegata.
1621 2718 1792 2752 Ceterum
1828 2719 2067 2753 cancellarius
2098 2720 2176 2766 ipse

297 2797 409 2832 super
437 2786 602 2820 dolorem
637 2798 763 2820 eorum
799 2787 934 2820 addere
969 2798 1043 2820 non
1071 2786 1255 2820 desistens
1283 2784 1502 2830 contemptis
1536 2785 1694 2826 statutiS,
1730 2797 1801 2830 que
1836 2797 1948 2831 super
1980 2785 2052 2820 hiis
2087 2787 2175 2820 facta

295 2853 445 2887 fuerunt
469 2865 534 2899 per
555 2853 702 2899 judices
728 2865 747 2887 a
774 2853 863 2888 sede
889 2853 1089 2899 apostolica
1116 2852 1318 2899 delegatos,
1347 2851 1543 2897 magistros
1570 2851 1614 2885 ab
1641 2851 1760 2885 ossicio
1788 2864 1856 2885 suo
1884 2853 2112 2898 suspendere
2136 2866 2176 2887 ac

297 2919 458 2954 scolares
487 2920 693 2966 mancipare
723 2921 859 2955 carceri
889 2932 964 2954 non
991 2927 1148 2954 veretur.
1181 2919 1356 2953 Nolentes
1385 2918 1498 2964 igitur
1527 2924 1663 2952 tantum
1693 2918 1881 2952 doctorum
1913 2926 1948 2953 et
1981 2919 2175 2953 scolarium

299 2985 598 3032 sepessdictorum
629 2999 823 3033 gravamen
846 2994 1024 3022 tantamve
1054 2987 1172 3033 ipsius
1198 2985 1406 3020 cancellarii
1433 2997 1472 3019 ac
1506 2986 1727 3031 prefatorum
1754 2985 1937 3019 sociorum
1969 2987 2048 3031 ejus
2078 2986 2177 3019 inso-

424 3045 521 3070 Ghart.
543 3045 622 3070 Unio.
642 3046 738 3071 Paris.
756 3045 777 3070 1.
2023 3044 2052 3067 12
