2580 3528
263 401 360 444 1266]
603 411 652 434 ΑΒ
684 411 792 434 anuo
825 410 903 434 uec
937 410 1069 440 usqua
1103 410 1153 433 Αυ
1187 410 1418 433 pmmrpuu
1452 411 1493 433 1v
1527 411 1616 434 asc..
1653 412 1790 435 ruane.
2073 405 2137 439 457

261 484 406 519 nacioni
432 484 657 520 Gallicorum
684 484 797 526 omni,
825 496 897 530 que
924 483 995 518 sibi
1022 495 1134 530 super
1159 483 1228 517 hoc
1255 491 1380 518 contra
1407 484 1564 530 privatas
1585 485 1800 530 personas’⁴
1821 487 2006 531 competit,
2029 499 2138 532 ques-

259 550 372 585 tione.
400 551 580 603 Quoniam
607 551 762 597 insuper
788 551 834 585 de
861 558 1016 597 quatuor
1042 551 1170 597 primis
1199 550 1363 585 articulis
1390 562 1483 596 quos
1510 551 1613 584 nacio
1641 551 1827 585 Gallicana
1854 564 1966 598 super
1992 553 2137 598 injuriis

259 617 304 652 ab
323 617 406 652 aliis
425 617 544 652 tribus
569 617 786 652 nacionibus
811 617 882 652 sibi
903 624 942 652 ut
962 617 1106 652 dicebat
1125 617 1235 652 illatis
1255 617 1421 651 exhibuit
1444 617 1552 651 nobis
1578 629 1652 651 non
1678 618 1815 652 exstitit
1841 618 2027 652 sufficiens
2047 620 2137 653 facta

258 683 366 727 fideS,
395 684 542 719 easdem
571 691 648 719 tres
678 684 853 718 naciones
881 684 926 718 ab
956 684 1190 730 impeticione
1221 684 1339 730 ipsius
1368 684 1556 719 Gallicane
1585 684 1750 718 nacionis
1776 697 1887 730 super
1914 684 1985 718 hiis
2015 685 2137 720 absol-

257 750 391 793 vimus,
412 757 449 785 et
469 751 502 785 ei
523 757 739 797 perpetuum
766 751 952 785 silentium
980 751 1202 797 imponimus
1227 763 1339 797 super
1362 751 1449 785 illis.
1477 751 1602 801 Super·
1619 751 1747 796 quinto
1773 758 1892 785 autem
1917 752 2070 785 articulo
2091 753 2136 786 de

257 810 493 863 portionibus
517 817 748 852 bedellorum
776 817 999 864 recipiendis
1023 818 1061 851 in
1086 817 1377 852 obvencionibus
1403 818 1594 851 nacionum
1622 817 1713 851 illud
1737 818 1907 852 volumus
1933 818 2135 860 observari,

258 884 432 918 videlicet
450 885 550 930 quod
575 885 697 919 refusa
723 885 876 931 pecunia
902 897 920 918 a
941 886 1068 931 quavis
1090 885 1256 927 nacione,
1277 897 1348 930 que
1369 885 1464 918 inter
1488 884 1657 918 bedellos
1677 885 1787 918 suerit
1806 885 2016 927 dividenda,
2045 886 2135 931 ipsis

258 949 416 985 bedellis
427 951 454 969 '⁸
475 963 541 997 pro
561 951 794 998 portionibus
815 951 1007 997 equalibus
1028 951 1250 997 assignetur,
1272 951 1319 985 ita
1339 951 1511 985 videlicet
1531 951 1629 996 quod
1650 950 1819 984 bedellus
1839 951 1994 996 quilibet
2013 953 2136 998 cujus·

258 1029 415 1064 cumque
436 1019 545 1052 suerit
565 1019 730 1052 nacionis
750 1025 887 1052 tantum
910 1019 1098 1065 percipiat,
1120 1025 1293 1064 quantum
1319 1030 1414 1052 unus
1436 1030 1479 1051 ex
1499 1018 1580 1051 aliis
1605 1018 1642 1050 in
1664 1018 1815 1064 pecunia
1837 1030 1907 1064 que
1928 1031 1946 1052 a
1968 1019 2134 1060 nacione,

258 1085 365 1130 cujus
398 1084 567 1120 bedellus
599 1086 770 1128 extiterit,
797 1085 1024 1120 refundetur.
1052 1086 1104 1119 De
1132 1075 1270 1131 presa-to
1291 1092 1408 1119 autem
1437 1085 1583 1118 bedello
1595 1085 1622 1102 ¹⁸
1647 1091 1796 1131 propter
1824 1085 2025 1131 predictum
2055 1087 2135 1131 ejus

259 1163 464 1194 excessum,
484 1164 503 1186 a
523 1152 642 1187 tribus
662 1152 879 1187 nacionibus
899 1165 973 1186 non
993 1152 1143 1198 repulso
1164 1153 1315 1186 eandem
1339 1152 1563 1186 Gallicorum
1585 1152 1774 1186 nacionem
1797 1164 1840 1186 eo
1859 1152 2030 1189 volumus
2050 1165 2134 1186 esse

258 1225 479 1261 contentam,
501 1219 600 1265 quod
620 1220 709 1253 alias
734 1219 986 1253 ordinabimus
1011 1219 1056 1253 de
1077 1219 1206 1252 eodem
1229 1231 1236 1252 :
1260 1219 1477 1264 peticionem
1500 1219 1664 1263 ejusdem
1687 1219 1851 1252 nacionis
1875 1231 1987 1265 super
2011 1219 2080 1253 hoc
2101 1226 2137 1253 et

259 1297 372 1332 super
391 1297 435 1320 eo
455 1285 562 1320 etiam
582 1286 681 1332 quod
702 1286 803 1332 petit,
821 1286 919 1331 quod
941 1285 1017 1320 sola
1039 1292 1113 1319 tres
1134 1286 1399 1319 examinatores
1419 1285 1554 1319 habere
1573 1285 1701 1326 valeat,
1719 1286 1868 1319 minime
1888 1286 2133 1320 admittentes.

256 1353 312 1386 De
332 1352 518 1386 refusione
540 1359 659 1386 autem
682 1353 846 1399 predicte
868 1353 1022 1398 pecunie
1043 1352 1260 1386 arbitramur
1280 1359 1316 1386 et
1340 1352 1552 1388 ordinamus
1577 1352 1674 1397 quod
1700 1359 1770 1386 tam
1792 1353 1870 1398 ipsa
1897 1353 2000 1386 nacio
2021 1352 2136 1387 Galli-

259 1431 386 1454 corum
407 1431 514 1465 quam
534 1419 604 1454 alie
624 1419 770 1466 singule
796 1420 1000 1466 pecuniam,
1022 1431 1093 1465 que
1113 1418 1158 1453 ab
1182 1419 1274 1465 ipsis
1294 1418 1526 1452 bachellariis
1552 1419 1815 1464 incipientibus
1836 1426 1871 1452 et
1891 1419 2137 1453 determinan-

259 1485 358 1520 tibus
387 1486 560 1521 obveniet
586 1487 625 1520 in
647 1487 809 1521 futurum
838 1487 975 1521 unione
1004 1486 1171 1528 durante,
1201 1486 1245 1520 ad
1274 1486 1558 1531 requisicionem
1588 1485 1742 1519 rectoris
1772 1485 1878 1519 electi
1904 1487 2136 1520 concorditer

257 1553 338 1587 sine
367 1553 617 1588 diminucione
644 1554 856 1595 refundant,
883 1553 980 1587 illam
1008 1560 1127 1587 autem
1155 1565 1226 1599 que
1254 1553 1345 1599 ipsis
1372 1552 1521 1586 obvenit
1548 1559 1711 1598 tempore
1739 1553 1922 1598 presentis
1950 1553 2134 1586 discordie

257 1619 316 1655 vel
344 1620 450 1654 etiam
479 1627 576 1662 ante,
605 1633 687 1654 cum
716 1621 776 1655 vix
805 1621 850 1654 de
879 1621 957 1666 ipsa
987 1627 1084 1654 certa
1113 1620 1231 1666 possit
1259 1619 1386 1653 haberi
1414 1619 1562 1660 noticia,
1597 1625 1633 1652 et
1662 1619 1706 1652 de
1736 1619 1870 1664 injusta
1900 1620 2134 1664 separacione

257 1686 445 1722 Gallicane
474 1687 639 1721 nacionis
668 1700 742 1722 non
772 1694 915 1722 constet
947 1687 993 1722 ad
1025 1687 1185 1734 plenum,
1217 1687 1426 1720 nullatenus
1455 1686 1651 1720 refundere
1681 1692 1884 1720 teneantur.
1916 1686 2017 1720 Illam
2047 1698 2135 1720 vero

258 1754 476 1800 peticionem
510 1766 616 1800 quam
650 1754 736 1789 secit
769 1755 894 1788 eadem
929 1755 1032 1788 nacio
1067 1754 1291 1789 Gallicorum
1327 1753 1372 1787 de
1407 1766 1480 1787 non
1515 1753 1744 1786 refundendo
1774 1753 1812 1786 in
1846 1759 2032 1798 posterum
2069 1765 2135 1787 nec

257 1820 527 1855 contribuendo
547 1820 585 1855 in
612 1822 796 1855 solutione
824 1821 1030 1856 debitorum
1058 1828 1093 1855 et
1119 1821 1291 1867 expensis
1319 1806 1576 1855 Universitatis
1601 1819 1684 1866 plus
1709 1832 1814 1866 quam
1840 1820 1959 1865 aliqua
1984 1820 2133 1854 aliarum

256 1899 331 1922 non
357 1888 528 1923 duximus
557 1889 829 1931 admittendam,
857 1889 1070 1923 ordinantes
1097 1889 1195 1935 quod
1221 1899 1333 1934 super
1359 1887 1428 1921 hoc
1454 1894 1621 1922 servetur
1647 1887 1684 1920 in
1711 1893 1898 1933 posterum
1927 1887 2026 1932 quod
2051 1887 2135 1921 hac-

258 1960 366 1989 tenus
395 1955 513 1990 extitit
542 1954 788 1990 observatum.
811 1957 864 1990 De
885 1956 994 1990 modo
1019 1962 1138 1990 autem
1160 1955 1309 2001 legendi
1334 1961 1370 1988 et
1394 1954 1605 2000 disputandi
1625 1961 1661 1988 et
1680 1954 1878 1988 accedendi
1898 1954 1942 1987 ad
1962 1954 2134 2000 exequias

257 2022 515 2068 magistrorum
535 2029 572 2057 et
590 2022 786 2057 scolarium
807 2023 1062 2057 decedentium
1083 2021 1336 2056 ordinabimus
1356 2021 1511 2055 Domino
1532 2021 1687 2055 faciente
1704 2020 1801 2066 quod
1817 2021 1918 2066 juxta
1939 2021 2132 2055 consilium

258 2087 295 2122 in
314 2088 447 2123 talibus
466 2090 666 2136 peritorum
686 2090 894 2125 videbimus
914 2089 1170 2124 ordinandum.

345 2154 524 2190 volentes
543 2157 666 2203 itaque
686 2157 782 2191 inter
807 2164 928 2204 partes
953 2164 989 2190 et
1012 2157 1186 2190 naciones
1211 2156 1393 2202 predictas
1418 2167 1562 2188 omnem
1588 2154 1835 2188 contendendi
1856 2166 2001 2188 cessare
2024 2161 2134 2188 mate-

260 2221 362 2264 riam,
383 2221 595 2257 ordinamus
617 2230 653 2257 et
668 2224 891 2270 precipimus
912 2231 951 2258 ut
971 2223 1070 2258 nulla
1091 2224 1251 2270 ipsarum
1271 2222 1456 2268 aliquibus
1477 2234 1589 2267 super
1614 2221 1758 2266 injuriis
1783 2221 1968 2266 preteritis
1990 2221 2133 2255 refricet

257 2288 489 2334 questionem
515 2290 588 2324 nisi
615 2291 653 2324 in
680 2290 827 2325 casibus
853 2291 891 2325 in
917 2290 1052 2337 quibus
1078 2290 1115 2324 id
1143 2291 1175 2324 ei
1204 2301 1358 2336 presens
1384 2289 1572 2325 ordinacio
1600 2294 1722 2321 nostra
1751 2300 1924 2333 expresse
1951 2287 2132 2323 concedit.

259 2356 388 2389 Datum
409 2356 503 2402 apud
526 2356 719 2391 ecclesiam
741 2364 864 2392 sancte
885 2358 1073 2392 Genovese
1093 2357 1324 2398 Parisiensis,
1342 2356 1479 2390 vocatis
1504 2355 1547 2388 ad
1568 2354 1636 2388 hoc
1658 2361 1694 2388 et
1714 2353 1948 2399 presentibus
1970 2354 2132 2399 partibus

257 2422 477 2468 supradictis
496 2429 533 2457 et
552 2423 724 2458 omnibus
744 2424 930 2470 magistris
950 2423 1130 2458 facultatis
1151 2423 1313 2469 predicte
1334 2429 1419 2456 tunc
1440 2428 1520 2455 actu
1542 2420 1757 2467 regentibus
1772 2433 1812 2454 ac
1834 2421 2131 2466 procuratoribus

257 2489 419 2523 omnium
447 2490 656 2533 nacionum,
687 2491 866 2537 premissa
895 2502 1041 2537 quoque
1069 2490 1189 2524 omnia
1216 2496 1252 2524 et
1278 2488 1423 2536 singula
1450 2494 1524 2522 rata
1550 2487 1771 2521 habentibus
1798 2493 1834 2521 et
1859 2487 2063 2521 voluntarie
2092 2500 2131 2522 ac

256 2567 431 2602 expresse
451 2556 724 2603 acceptantibus
749 2557 933 2599 universa,
959 2558 1010 2603 vj⁰
1035 2557 1103 2591 kal.
1133 2556 1372 2603 Septembris,
1401 2554 1632 2602 pontificatus
1657 2554 1795 2588 domini
1816 2554 2016 2589 Clementis
2041 2567 2131 2601 pape

257 2623 376 2669 quarti
395 2635 492 2658 anno
513 2624 690 2666 secundo,
711 2636 806 2658 anno
827 2636 915 2658 vero
936 2624 1081 2658 Domini
1103 2624 1233 2659 M⁰CC⁰
1252 2622 1481 2668 sexagesimo
1502 2627 1617 2656 sexto.

350 2717 416 2742 eod.
431 2717 489 2742 Vut.
505 2717 569 2750 fleg.
583 2719 639 2747 406,
657 2718 703 2744 tol.
719 2719 758 2743 25.
779 2718 850 2743 Bibl.
866 2718 998 2751 Phillipps
1018 2718 1044 2742 in
1064 2717 1246 2746 Cheltenlmnu
1262 2724 1311 2741 ms.
1327 2717 1382 2745 876,
1403 2716 1449 2740 tol.
1472 2715 1528 2745 31¹³,
1551 2714 1602 2739 nub
1620 2714 1727 2739 rubrica
1743 2723 1748 2738 ;
1766 2723 1777 2738 n
1796 2714 1832 2739 De
1852 2715 2039 2740 reformatione
2058 2716 2132 2748 pacis

257 2761 446 2794 Quorum
464 2762 648 2792 mendorum.
669 2763 890 2792 marmannorum,
910 2763 1080 2796 Anglicorum
1095 2766 1121 2787 et
1136 2762 1298 2788 Gallicorum
1314 2771 1335 2784 υ.
1353 2762 1373 2785 Α
1388 2770 1399 2785 α
1420 2761 1473 2784 Nos
1493 2760 1581 2792 itaquo
1599 2762 1740 2792 per-pecto
1760 2768 1771 2782 n
1791 2768 1820 2792 p.
1838 2760 1885 2783 45³
1904 2768 1988 2793 usquo
2008 2760 2034 2784 in
2054 2760 2130 2784 finem

255 2809 341 2830 mut
352 2806 379 2830 in
389 2806 459 2831 Bibt.
472 2807 539 2832 eon.
552 2807 631 2840 corp.
644 2808 752 2837 Christi.
767 2808 891 2836 Oxoniae.
903 2816 951 2832 ms.
964 2809 1018 2836 28³,
1032 2807 1076 2832 fol.
1090 2807 1153 2831 158¹·
1166 2810 1244 2839 (naec.
1257 2806 1336 2836 xm),
1351 2814 1382 2830 ex
1397 2813 1449 2838 quo
1464 2805 1531 2829 hanc
1546 2807 1648 2836 partem
1664 2803 1871 2836 desumpsimus,
1884 2812 1943 2828 cum
1959 2804 2038 2828 ceteri
2053 2805 2129 2828 codd.

256 2849 358 2875 nondi-
372 2854 498 2876 scamni.
512 2865 544 2871 -
558 2852 682 2881 Bulaeus,
698 2853 744 2882 m,
760 2853 814 2877 37⁵.

350 2922 373 2947 1.
386 2922 464 2947 Foru
479 2926 520 2947 nt
534 2923 603 2948 idem
618 2931 649 2948 ac
663 2924 867 2949 archidiaconus
882 2923 1050 2949 Belvacenniu
1065 2924 1182 2957 ejusdem
1198 2922 1321 2951 nominis,
1337 2922 1379 2946 cui
1394 2920 1539 2954 Gregorius
1555 2921 1575 2944 X
1587 2928 1629 2944 an.
1642 2920 1712 2949 127³,
1728 2920 1803 2944 uari.
1822 2920 1860 2949 12,
1876 2919 1992 2952 scripsit.
2010 2920 2129 2949 Ucubim,

255 2965 329 2992 Hm.
343 2967 378 2992 ἀι
398 2966 523 2999 rabban«
535 2969 568 2993 da
583 2968 780 2999 saint-Dente.
794 2977 823 3002 p.
838 2970 893 2994 ⁶07.
909 2982 941 2988 —
960 2970 983 2994 2.
1004 2969 1111 2994 Petrum
1126 2969 1157 2993 de
1172 2969 1236 2995 Onu.
1253 2967 1408 2992 Nominatur
1423 2966 1502 2990 etiam
1525 2965 1551 2989 in
1567 2964 1699 2997 Reqestro
1719 2964 1914 2990 visitationum
1929 2965 2131 2996 archiepiscopi

381 3011 479 3037 Chart-
499 3012 578 3038 vouo.
595 3012 690 3039 Paris.
707 3013 727 3038 1.
1973 3010 2003 3032 58
