2580 3528
527 409 591 441 526
1108 414 1426 437 (ῑΗΑῃΊυιΑιῑιϊΜ
1462 412 1652 434 υΝινΕιιε.
1690 411 1820 434 PAuls.
2298 402 2399 443 [1275

527 491 634 525 nobis
655 490 698 524 ab
719 491 811 536 ipsis
832 490 994 524 traditam
1016 489 1213 523 terminari.
1237 488 1291 520 Ad
1311 487 1377 520 hee
1398 498 1484 519 vero
1506 492 1545 518 ut
1564 485 1717 518 liberius
1738 491 1773 518 et
1792 485 1829 518 in
1852 485 1978 530 majori
1999 485 2200 519 animorum
2224 485 2399 532 tranquil-

527 558 625 592 litate
654 557 841 591 ordinacio
868 568 932 590 seu
960 556 1153 601 dispositio
1180 561 1303 588 nostra
1333 552 1561 598 procederet,
1590 558 1765 593 rectoreS,
1791 558 2051 597 procuratores
2071 559 2108 586 et
2130 552 2266 586 bedelli
2286 552 2400 598 partis

528 625 719 669 utriusque
740 623 855 657 officia
876 635 940 656 sua
966 630 1000 656 et
1023 624 1118 667 jura,
1145 622 1175 655 si
1202 633 1269 666 qua
1295 621 1331 653 in
1354 619 1460 652 dictis
1485 619 1614 651 officiis
1634 618 1692 652 vel
1714 618 1853 652 ratione
1879 619 2042 664 ipsorum
2067 618 2260 662 habebant,
2282 619 2399 653 libere

527 692 564 724 in
589 691 724 724 nostris
749 689 915 723 manibus
941 689 1187 734 resignarunt,
1215 699 1284 732 que
1311 686 1427 719 officia
1453 685 1543 730 ipsis
1570 685 1710 718 eisdem
1735 697 1853 730 usque
1874 685 1918 719 ad
1939 692 2103 719 nostrum
2129 685 2398 732 beneplacitum

528 757 860 791 commendavimus
882 755 1094 788 exercenda.

616 823 872 856 Desiderantes
902 822 1021 866 itaque
1055 821 1252 853 affeccione
1287 819 1477 864 multiplici
1509 825 1545 851 et
1573 818 1759 852 desiderio
1790 819 1947 864 plurimo
1977 820 2186 854 affectantes
2215 832 2233 853 a
2264 820 2399 854 futuris

528 901 720 936 precavere
754 888 939 933 periculis,
975 888 1018 920 ad
1055 887 1152 931 quod
1187 886 1395 919 discrimina
1437 886 1600 931 preteriti
1631 886 1806 931 temporis
1842 897 1909 919 nos
1943 886 2106 920 oculatos
2141 886 2336 920 instituunt
2364 893 2401 920 et

528 959 720 989 novorum⁷
758 954 918 987 efficiunt
952 954 1145 994 cautiores,
1181 964 1353 998 rogamus
1388 964 1458 997 que
1492 952 1536 985 ad
1570 964 1694 997 pacem
1730 959 1816 986 sunt
1849 953 2067 986 Parisiensis
2106 953 2217 986 studii
2251 960 2401 999 propter

529 1023 672 1055 domum
705 1021 849 1053 Domini
881 1021 945 1052 Dei
976 1020 1104 1058 nostri,
1136 1020 1241 1064 cujus
1271 1019 1391 1052 cultus
1417 1025 1451 1052 et
1473 1019 1584 1052 decor
1610 1019 1781 1052 continue
1807 1019 2094 1065 multiplicantur
2119 1020 2261 1062 exinde,
2283 1026 2400 1054 struc-

529 1095 642 1121 turam
664 1088 858 1120 concordie
881 1086 1021 1119 stabilis
1047 1093 1082 1119 et
1108 1086 1206 1131 pacis
1232 1092 1407 1131 perpetue
1428 1086 1466 1118 in
1487 1086 1583 1119 dicto
1610 1086 1732 1119 studio
1753 1086 1943 1131 cupientes
1964 1087 2107 1132 erigere
2127 1087 2247 1132 posito
2272 1087 2401 1120 funda-

527 1161 647 1188 mento
671 1155 707 1186 in
732 1154 812 1199 ipso
843 1165 983 1186 summo
1018 1153 1183 1198 angulari
1218 1152 1337 1198 lapide
1366 1152 1478 1186 Jhesu
1504 1152 1664 1187 Christo.
1702 1154 1742 1186 In
1773 1154 1852 1198 ejus
1881 1153 2002 1198 itaque
2032 1154 2193 1194 nomine,
2224 1154 2286 1199 qui
2315 1150 2401 1188 fecit

527 1228 677 1266 utraque
698 1233 823 1261 unum,
850 1221 910 1265 qui
936 1231 1031 1252 unus
1056 1220 1093 1252 in
1118 1232 1190 1252 uno
1212 1232 1307 1252 novo
1328 1219 1475 1252 homine
1496 1220 1634 1253 faciens
1655 1232 1777 1265 pacem
1800 1220 2050 1254 reconciliavit
2074 1220 2167 1254 duos
2188 1221 2225 1253 in
2245 1231 2400 1266 corpore

528 1300 599 1321 uno
621 1289 709 1327 Deo,
733 1288 769 1319 in
790 1287 916 1332 primis
938 1287 1235 1331 pronunciamus,
1259 1286 1488 1328 arbitramur,
1512 1287 1743 1332 disponimus
1765 1293 1800 1320 et
1821 1287 1926 1320 etiam
1949 1287 2160 1320 ordinamus
2186 1294 2227 1321 ut
2249 1287 2400 1321 facultas

526 1355 653 1387 artium
682 1354 936 1399 magistrorum
966 1353 1226 1386 parisiensium
1255 1365 1321 1398 per
1345 1353 1466 1386 callidi
1493 1353 1610 1386 hostis
1636 1354 1803 1387 astutiam
1829 1361 1978 1399 propter
1999 1354 2253 1388 dissenciones
2272 1353 2400 1400 hujus-

527 1421 623 1454 modi
650 1420 744 1466 olym
775 1421 888 1453 divisa
919 1420 963 1453 ad
993 1426 1202 1453 consuetam
1230 1426 1266 1453 et
1295 1420 1453 1453 debitam
1484 1420 1606 1453 redeat
1637 1420 1824 1462 unionem,
1849 1433 1894 1454 ne
1922 1433 2116 1454 remanens
2144 1421 2196 1454 sic
2222 1421 2337 1455 divisa
2362 1422 2400 1455 in

527 1494 726 1533 posterum,
750 1487 846 1532 quod
877 1487 982 1528 absit,
1012 1499 1050 1520 se
1077 1487 1200 1532 lugeat
1226 1487 1442 1528 desolatam,
1472 1488 1582 1520 unius
1610 1494 1747 1520 tantum
1768 1488 1923 1521 rectoris
1945 1488 1992 1521 sit
2011 1494 2180 1521 contenta
2207 1488 2398 1534 regimine,

527 1562 567 1587 ut
590 1567 701 1587 unum
727 1554 787 1587 fiat
816 1554 910 1587 ovile
941 1561 976 1587 et
1004 1566 1099 1587 unus
1129 1561 1264 1599 pastor,
1298 1566 1408 1587 unum
1431 1566 1565 1599 corpus
1595 1554 1705 1587 unius
1735 1555 1862 1600 capitis
1893 1555 2072 1600 regimine
2101 1554 2398 1600 gubernandum,

528 1628 682 1666 quatuor
702 1627 956 1666 procuratores
978 1627 1013 1654 et
1033 1627 1188 1666 quatuor
1208 1620 1376 1654 bedellos
1396 1621 1526 1654 habeat
1546 1628 1582 1654 et
1602 1633 1675 1654 non
1697 1620 1822 1667 plures
1837 1622 1939 1666 juxta
1960 1622 2263 1655 consuetudinem
2288 1621 2401 1655 sacul-

527 1688 609 1721 tatis
630 1688 747 1733 ipsius
768 1688 803 1720 in
828 1687 959 1720 talibus
980 1687 1225 1732 approbatam.
1250 1689 1293 1720 Et
1314 1700 1426 1733 super
1446 1688 1582 1721 unione
1603 1687 1814 1733 hujusmodi
1841 1688 2089 1722 conservanda
2110 1695 2146 1722 et
2166 1688 2400 1734 separacione

527 1755 564 1787 in
584 1755 661 1799 ipsa
682 1761 780 1787 certo
803 1754 911 1787 modo
938 1761 1073 1787 tantum
1095 1755 1153 1787 vel
1174 1755 1323 1788 minime
1344 1755 1508 1788 facienda
1531 1755 1804 1788 ordinacionem
1826 1762 1985 1788 nostram
2011 1755 2100 1789 alias
2121 1767 2232 1800 super
2256 1755 2400 1788 dissen-

527 1822 630 1854 sione
668 1821 803 1854 dudum
843 1821 880 1854 in
912 1821 1079 1854 facultate
1116 1822 1195 1867 ipsa
1224 1822 1374 1855 suborta
1404 1822 1536 1855 editam
1567 1835 1648 1855 cum
1677 1822 1758 1855 aliis
1788 1823 1825 1855 in
1856 1834 1896 1855 ea
1930 1822 2112 1856 contentis
2146 1834 2289 1855 necnon
2317 1834 2399 1855 cum

527 1887 822 1933 suppletionibus
843 1895 876 1921 et
900 1888 1208 1922 declarationibus
1229 1889 1472 1934 infrascriptis
1492 1889 1662 1923 volumus
1688 1896 1723 1922 et
1743 1889 1966 1935 precipimus
1987 1888 2247 1922 inviolabiliter
2273 1888 2400 1922 obser-

526 1955 613 1987 vari.
650 1956 701 1987 Ne
736 1961 853 1988 autem
888 1956 1070 2000 presentis
1107 1956 1375 1989 reformationis
1410 1956 1584 1989 teneritas
1618 1956 1817 2001 instigante
1852 1956 1950 2001 pacis
1987 1955 2108 1988 emulo
2143 1967 2187 1988 ex
2221 1955 2400 1989 electione

528 2021 693 2062 rectoris,
721 2028 996 2066 procuratorum
1027 2029 1062 2055 et
1091 2023 1196 2055 etiam
1227 2022 1456 2055 bedellorum
1487 2022 1635 2068 aliquod
1667 2023 1785 2068 sopite
1814 2022 1998 2056 discordie
2023 2022 2155 2055 sentiat
2184 2022 2399 2064 recidivum,

527 2088 917 2121 recommendationem
950 2089 1129 2122 dictorum
1158 2089 1367 2122 officialium
1396 2102 1501 2134 quam
1533 2090 1709 2135 predictis
1735 2090 1889 2123 fecimus
1924 2096 2149 2131 revocantes,
2179 2089 2399 2122 creationem

526 2154 687 2199 ipsorum
720 2154 826 2187 nobis
865 2155 929 2188 hac
967 2156 1046 2189 vice
1086 2156 1255 2189 duximus
1290 2157 1559 2189 reservandam.
1591 2156 1772 2190 Volumus
1803 2163 1922 2190 tamen
1952 2156 2050 2202 quod
2091 2156 2269 2190 decursus
2297 2156 2399 2201 juxta

527 2221 723 2265 predictam
759 2221 1029 2255 ordinacionem
1066 2229 1227 2256 nostram
1265 2222 1410 2256 illorum
1448 2223 1677 2268 temporibus
1719 2235 1812 2268 quos
1849 2223 1893 2256 ad
1932 2223 2025 2256 dicta
2065 2223 2182 2256 officia
2219 2222 2284 2256 hac
2319 2222 2399 2256 vice

528 2287 695 2320 duximus
725 2289 978 2330 assumendos,
1000 2289 1060 2322 alii
1089 2290 1167 2323 suis
1195 2289 1423 2335 temporibus
1452 2290 1566 2323 libere
1602 2290 1850 2336 subrogentur
1878 2290 2014 2323 eisdem
2042 2290 2243 2322 secundum
2269 2295 2399 2322 statuta

527 2354 563 2386 in
591 2354 714 2387 eadem
743 2355 977 2388 ordinacione
1003 2363 1126 2389 nostra
1161 2363 1330 2390 contenta
1357 2363 1392 2390 et
1417 2357 1721 2390 consuetudinem
1747 2357 1966 2390 laudabilem
1992 2357 2029 2390 in
2054 2356 2250 2391 Parisiensi
2276 2355 2398 2389 studio

528 2430 638 2465 super
669 2420 739 2453 hiis
770 2421 943 2454 hactenus
970 2422 1208 2456 observatam.
1236 2423 1327 2467 Quia
1352 2436 1439 2457 vero
1465 2425 1656 2469 preteritas
1683 2424 1906 2458 intendimus
1938 2425 1990 2457 sie
2023 2424 2151 2457 sedare
2181 2422 2398 2464 discordias,

529 2493 567 2518 ut
586 2487 717 2519 futuris
739 2487 783 2519 de
805 2487 937 2532 quibus
958 2489 1073 2534 magis
1095 2489 1293 2523 timendum
1316 2497 1373 2523 est
1392 2490 1583 2524 obviemus
1605 2491 1793 2536 periculis,
1811 2498 1847 2524 et
1866 2503 1911 2524 ne
1931 2490 2143 2536 ignorancie
2160 2495 2325 2535 pretextu
2339 2488 2399 2523 vel

531 2551 762 2585 obscuritatis
791 2565 896 2598 quam
927 2555 1035 2588 nimia
1063 2556 1282 2601 generalitas
1312 2557 1494 2590 interdum
1526 2558 1668 2591 inducit
1695 2557 1818 2591 colore
1846 2557 1978 2591 similia
2005 2556 2167 2603 presumi
2194 2556 2336 2590 valeant
2360 2555 2398 2588 in

530 2618 704 2659 futurum,
732 2620 849 2652 omnia
871 2620 907 2652 in
933 2621 1012 2654 luce
1043 2623 1232 2667 cupientes
1258 2623 1474 2665 clarescere,
1500 2625 1701 2669 peticiones
1723 2624 1888 2670 singulas
1915 2624 2106 2669 utriusque
2135 2622 2247 2669 partis
2272 2622 2399 2655 decre-

530 2684 648 2716 vimus
671 2685 809 2717 seriose
831 2698 869 2718 ac
890 2687 1123 2731 singulariter
1145 2689 1303 2722 dilucide
1324 2691 1519 2723 terminare
1545 2691 1740 2736 equitatem
1765 2691 1938 2732 videndO,
1965 2702 2038 2723 non
2059 2702 2076 2723 a
2092 2689 2239 2735 justicia
2261 2689 2399 2722 discre-

531 2750 662 2794 pando,
698 2757 737 2783 ut
773 2751 894 2784 obviet
923 2753 1172 2788 misericordia
1202 2756 1357 2798 veritati,
1390 2757 1538 2802 justicia
1573 2764 1609 2790 et
1641 2769 1709 2803 pax
1745 2769 1785 2791 se
1825 2757 1979 2791 invicem
2015 2756 2240 2797 osculentur,
2268 2762 2304 2788 et
2336 2754 2399 2788 ubi

531 2816 701 2861 expedire
727 2817 926 2851 viderimus
948 2820 1069 2864 rigore
1095 2822 1190 2865 juris
1220 2823 1471 2856 misericordie
1503 2824 1584 2857 oleo
1616 2825 1779 2870 mitigato
1801 2824 1957 2857 Domino
1986 2823 2092 2856 dante
2121 2822 2397 2868 benignitatem,

530 2889 625 2915 terra
645 2883 861 2916 Parisiensis
883 2885 994 2917 studii
1015 2887 1190 2930 producat
1210 2888 1324 2922 libere
1350 2890 1505 2923 fructum
1532 2903 1651 2924 suum.

619 2950 663 2982 Et
686 2949 822 2983 idcirco
849 2962 959 2995 super
983 2952 1099 2996 primo
1125 2955 1323 2999 propositis
1349 2963 1382 2989 et
1408 2957 1530 3001 petitis
1552 2970 1570 2990 a
1592 2964 1705 3003 parte,
1722 2951 1801 3003 >que
1823 2968 1906 3003 pars
1927 2956 2060 2990 dicitur
2081 2955 2256 2997 Alberici,
2273 2961 2398 2988 contra
