2580 3528
422 367 485 399 100
1001 374 1320 398 CHARTULARIUM
1355 373 1546 396 UNIVERS-
1582 372 1712 395 PARIS.
2200 360 2296 401 [1221

419 451 552 484 facient
581 450 831 496 solempniter,
863 456 1036 495 quantum
1065 449 1227 482 facerent
1254 459 1320 493 pro
1350 459 1424 480 uno
1455 446 1499 480 de
1528 445 1701 480 fratribus
1731 445 1809 479 suis
1844 445 2037 479 defunctis.
2073 446 2115 478 Et
2146 443 2301 490 quilibet

420 518 592 551 sacerdos
622 517 667 550 de
697 517 751 550 eis
780 516 980 550 celebrabit
1008 516 1155 549 missam
1186 527 1252 560 pro
1283 526 1340 556 eo,
1368 520 1404 547 et
1429 513 1530 559 prior
1557 525 1683 546 eorum
1710 512 1817 546 faciet
1842 512 1917 557 legi
1941 512 2008 545 tria
2036 511 2206 558 psalteria
2233 523 2298 557 pro

420 585 561 618 eodem.
585 584 621 618 Si
642 596 729 617 vero
750 583 801 616 ihi
822 583 977 629 elegerit
997 582 1234 628 sepulturam,
1256 581 1287 614 si
1308 581 1418 613 suerit
1438 579 1647 625 theologus,
1671 579 1853 624 sepelient
1872 591 1953 612 eum
1974 579 2011 612 in
2031 578 2189 624 capitulo
2211 590 2297 619 suo;

421 652 452 685 si
486 658 604 684 autem
639 651 789 684 alterius
823 649 1015 691 facultatis,
1051 649 1089 682 in
1118 648 1290 682 claustro.
1323 649 1363 680 In
1398 648 1503 692 cujus
1533 647 1586 679 rei
1616 653 1826 692 perpetuam
1857 645 2061 679 firmitatem
2091 651 2298 691 presentem

421 718 589 764 paginam
611 717 745 763 sigillis
766 717 1022 762 magistrorum
1044 715 1230 760 theologie
1257 714 1411 747 fecimus
1432 713 1609 746 roborari.
1631 713 1761 751 Actum
1789 724 1883 745 anno
1909 712 2023 758 gratie
2050 713 2100 745 Μο
2127 712 2300 745 ducente-

422 785 514 818 simo
535 785 710 818 vicesimo
731 784 860 829 primo.

515 882 650 914 Originale
671 882 698 905 in
720 881 796 905 Arch.
814 881 936 905 Univers.
958 880 1044 903 Paris.
1066 879 1142 903 theca
1160 879 1202 902 VI.
1220 879 1248 902 C.
1266 879 1288 906 1,
1305 887 1328 901 a.
1345 879 1410 901 Erat
1429 877 1529 909 triplici
1552 877 1642 909 sigillo
1663 877 1804 900 munitum.
1828 878 1937 901 Restant
1958 878 2010 900 duo
2033 877 2182 907 fragmenta
2202 879 2228 900 et
2247 876 2300 900 tria

419 927 534 950 taeniola
555 927 764 950 membranacea.
786 926 813 949 C.
831 926 852 948 1.
871 925 919 948 abia
936 925 1053 948 continet
1071 923 1201 948 Vidimus
1220 923 1339 954 ejusdcm
1354 922 1503 946 donationis
1518 922 1617 954 prioris
1638 923 1751 945 fratrum
1765 922 1859 945 Praed.
1875 921 1959 945 Paris.
1977 921 2039 945 unni
2055 929 2067 944 (1
2083 920 2178 944 milles.
2195 920 2298 944 ducent.

419 975 569 1003 septuages.
591 970 686 1002 quinti,
707 970 748 993 die
771 970 876 993 sabbati
898 972 959 1001 post
979 969 1071 992 Letare
1092 968 1240 992 Jerusalem
1260 976 1281 991 1).
1305 967 1453 991 Concordat
1473 967 1579 990 omnino
1602 975 1662 990 cum
1683 965 1816 997 originali.
1832 980 1864 983 —
1885 966 1947 990 Cod.
1963 966 2021 989 Vat.
2044 966 2107 997 Reg.
2123 966 2179 995 406,
2194 965 2239 988 fol.
2259 965 2299 989 61.

419 1016 487 1040 Bibl.
509 1015 641 1047 Phillipps
668 1015 695 1038 in
720 1014 891 1038 Cheltenham
914 1022 963 1037 ms.
988 1014 1043 1042 876,
1069 1013 1114 1036 fol.
1141 1012 1197 1041 63¹²,
1227 1012 1274 1035 ubi
1297 1012 1362 1035 haec
1386 1011 1501 1036 Rubrica
1521 1019 1527 1035 2
1549 1019 1561 1034 a
1587 1011 1624 1035 De
1648 1010 1738 1034 missis
1762 1010 1953 1042 magistrorum
1977 1010 2049 1042 apud
2072 1009 2252 1042 predicatores
2277 1017 2299 1033 1).

418 1061 542 1088 Bulaeus,
559 1060 605 1088 111,
623 1060 676 1082 105.

417 1203 497 1239 43.
511 1211 651 1245 Magister
664 1210 808 1236 Iohannes
824 1209 951 1235 decanus
964 1211 990 1235 S.
1007 1209 1137 1243 Quintini
1148 1208 1342 1235 Noviomensis
1358 1208 1499 1234 dioecesis
1515 1207 1605 1234 donat
1618 1207 1764 1242 fratribus
1780 1206 2040 1233 praedicatoribus
2050 1206 2145 1232 Par-is.
2159 1205 2302 1242 quidquid

502 1260 580 1296 juris
595 1259 682 1285 habet
696 1259 822 1285 Parisiis
838 1259 867 1284 in
882 1258 943 1285 Ioco
958 1267 1010 1284 suo
1026 1267 1122 1284 coram
1138 1259 1165 1283 S.
1185 1257 1340 1294 Stephano.

1702 1306 1770 1336 1221,
1786 1306 1848 1331 uait·
1858 1306 1884 1336 3,
1900 1305 2014 1331 Parisiis.

508 1386 549 1417 In
577 1384 724 1417 nomine
752 1383 867 1416 Patris
895 1390 931 1416 et
957 1382 1038 1415 Filii
1068 1389 1102 1415 et
1133 1382 1289 1427 Spiritus
1320 1381 1452 1423 Sancti,
1485 1392 1601 1414 amen.
1633 1380 1690 1413 Ad
1719 1380 1897 1414 honorem
1927 1379 1994 1412 Dei
2024 1386 2060 1412 et
2088 1378 2298 1412 beatissime

416 1452 572 1497 virginis
589 1451 715 1492 Marie,
733 1450 828 1483 beati
844 1449 968 1483 Jacobi
989 1449 1145 1494 apostoli
1167 1455 1202 1481 et
1222 1448 1383 1481 omnium
1405 1454 1612 1481 sanctorum
1634 1459 1704 1493 ego
1724 1447 1924 1488 Johannes,
1948 1446 2108 1479 decanus
2130 1447 2165 1479 S.
2184 1446 2299 1490 Quin-

418 1519 495 1560 tini,
533 1525 657 1551 notum
692 1517 844 1550 facimus
879 1516 1050 1549 omnibus
1084 1522 1291 1561 presentem
1327 1515 1494 1560 paginam
1530 1514 1765 1560 inspecturis,
1801 1514 1899 1559 quod
1933 1525 1999 1559 pro
2035 1513 2150 1546 salute
2180 1513 2298 1546 anime

418 1592 541 1618 nostre
563 1584 737 1630 quicquid
753 1584 849 1629 juris
869 1583 1046 1616 habemus
1067 1582 1124 1616 vel
1145 1582 1279 1615 habere
1299 1582 1466 1615 videmur
1486 1582 1523 1614 111
1548 1581 1629 1614 1000
1655 1587 1794 1623 nostro,
1824 1580 1886 1626 qui
1914 1587 1971 1613 est
1995 1580 2157 1613 Parisius
2179 1591 2300 1613 coram

418 1653 547 1685 Sancto
570 1651 752 1696 Stephano
780 1650 824 1683 ad
852 1662 995 1683 manum
1024 1650 1198 1691 dextram,
1228 1649 1323 1681 inter
1350 1648 1440 1682 duas
1469 1654 1591 1693 portas
1612 1647 1796 1693 proximas
1824 1647 1862 1680 in
1889 1647 1987 1680 exitu
2008 1646 2176 1691 civitatis,
2206 1646 2302 1680 sicut

417 1719 473 1752 vie
508 1730 721 1751 communes
756 1716 931 1758 ambiunt,
960 1723 1028 1750 tam
1063 1716 1101 1749 in
1134 1716 1242 1748 terris
1273 1727 1378 1760 quam
1409 1715 1446 1748 in
1477 1714 1631 1748 edificiis
1661 1714 1846 1756 omnibus,
1879 1713 2129 1747 dilectissimis
2163 1713 2300 1746 nostris

418 1785 560 1818 Matheo
591 1784 704 1830 priori
735 1791 771 1817 et
801 1783 974 1817 fratribus
1009 1783 1150 1816 ordinis
1179 1782 1450 1815 Predicatorum
1482 1788 1518 1815 et
1547 1793 1672 1814 eorum
1704 1781 1836 1822 ordini,
1869 1792 2023 1826 quorum
2055 1781 2131 1813 Deo
2161 1786 2299 1826 gratam

417 1852 633 1898 religionem
662 1858 698 1884 et
725 1852 961 1890 fructuosam,
992 1862 1031 1883 ac
1061 1849 1308 1882 necessarium
1340 1848 1582 1881 ministerium
1612 1848 1707 1893 apud
1737 1847 1905 1881 homines
1940 1859 2005 1892 pro
2036 1858 2147 1892 posse
2181 1846 2300 1880 inten-

417 1919 537 1951 dimus
567 1930 795 1964 promovere,
828 1929 940 1962 prona
971 1923 1006 1950 et
1035 1923 1234 1961 spontanea
1263 1915 1448 1949 voluntate
1478 1914 1594 1948 libere
1624 1914 1848 1948 conferimus
1875 1920 1910 1947 et
1937 1914 2130 1952 donamus,
2161 1919 2201 1946 ut
2227 1913 2300 1958 ipsi

418 1993 485 2019 tam
507 1985 622 2018 libere
645 1992 680 2018 et
695 1985 830 2030 quiete,
853 1991 892 2017 ut
912 1996 979 2017 nos
1001 1983 1234 2029 possedimus
1254 1982 1311 2016 vel
1333 1983 1390 2015 usi
1412 1994 1539 2015 sumus
1559 1981 1748 2023 hactenus,
1771 1980 1963 2026 possidere
1984 1979 2101 2013 libere
2122 1986 2158 2013 et
2177 1979 2299 2025 quiete

418 2059 563 2085 teneant
588 2059 623 2085 et
649 2052 875 2097 possideant,
904 2063 970 2084 nec
997 2050 1141 2096 possint
1168 2050 1212 2082 de
1240 2056 1361 2082 cetero
1384 2049 1420 2081 111
1441 2048 1563 2094 aliquo
1590 2061 1608 2081 a
1635 2047 1744 2081 nobis
1771 2047 1829 2081 vel
1856 2047 1900 2080 ab
1927 2047 1998 2080 alio
2025 2046 2225 2088 molestari,
2252 2046 2300 2079 ita

417 2127 549 2161 tamen,
580 2119 678 2164 quod
703 2119 779 2163 jus,
801 2117 977 2150 honorem
1009 2124 1044 2150 et
1072 2117 1327 2158 reverentiam,
1358 2128 1428 2161 que
1459 2115 1639 2148 debentur
1669 2115 1714 2148 de
1744 2114 1928 2147 communi
1957 2115 2041 2159 jure
2072 2113 2235 2159 patronis
2265 2119 2302 2146 et

414 2185 670 2219 fundatoribus
697 2185 861 2218 locorum
889 2184 1160 2230 religiosorum,
1190 2183 1298 2216 nobis
1318 2182 1561 2228 personaliter
1588 2188 1739 2223 tantum,
1767 2181 1815 2214 ita
1842 2181 1940 2226 quod
1967 2180 2060 2213 alius
2088 2179 2196 2213 nobis
2224 2191 2298 2213 non

417 2253 615 2287 succedere
635 2253 766 2299 possit,
793 2258 984 2285 teneantur
1011 2251 1212 2284 secundum
1242 2257 1403 2295 tempora
1431 2256 1467 2283 et
1491 2249 1569 2282 loca
1599 2248 1853 2282 convenientia
1883 2247 2068 2281 exhibere.
2100 2248 2199 2280 Inter
2229 2258 2299 2292 que

416 2321 482 2354 hec
504 2320 674 2353 duximus
694 2319 850 2364 amplius
873 2318 1087 2351 declaranda
1111 2329 1117 2350 :
1140 2317 1260 2350 locum
1286 2317 1323 2349 in
1350 2316 1476 2358 choro,
1504 2316 1541 2349 in
1568 2316 1775 2357 refectorio,
1805 2315 1842 2347 in
1870 2314 2043 2360 capitulo,
2072 2313 2171 2359 quod
2191 2312 2299 2347 nobis

417 2387 594 2420 inclinent
613 2385 906 2427 advenientibus,
934 2385 1157 2431 sepulturam
1186 2384 1223 2417 in
1251 2383 1418 2425 ecclesia,
1447 2383 1619 2428 exequias
1647 2389 1684 2415 et
1708 2381 1902 2415 memorias
1931 2393 1996 2426 per
2023 2391 2130 2414 omne
2156 2386 2300 2425 tempus

418 2455 512 2487 sicut
538 2454 601 2486 uni
628 2454 791 2495 fratrum,
819 2460 854 2486 et
881 2452 1039 2498 singulis
1065 2452 1170 2484 annis
1198 2451 1486 2485 anniversarium
1515 2450 1610 2483 diem
1639 2449 1755 2483 nostri
1781 2448 1956 2482 transitus
1985 2446 2236 2488 celebrabunt,
2265 2452 2301 2479 et

418 2521 516 2566 quod
543 2521 580 2553 in
608 2520 739 2553 diebus
767 2519 1020 2565 solempnibus
1048 2518 1234 2564 possimus
1262 2525 1297 2551 et
1323 2517 1432 2550 horas
1459 2517 1497 2550 in
1527 2516 1651 2558 choro,
1682 2523 1718 2549 et
1741 2516 1890 2549 missam
1916 2515 1953 2548 in
1979 2514 2107 2559 majori
2128 2512 2245 2555 altari,
2268 2512 2300 2546 si

418 2587 656 2629 voluerimus,
678 2586 876 2628 celebrare,
906 2586 986 2619 aliis
1006 2598 1093 2619 vero
1114 2585 1258 2627 diebus,
1288 2585 1345 2618 vel
1367 2596 1462 2617 unus
1484 2584 1528 2617 de
1549 2582 1722 2617 fratribus
1743 2582 1851 2615 nobis
1878 2581 2025 2614 missam
2047 2579 2248 2613 celebrabit
2268 2579 2299 2613 si

419 2654 564 2699 poterit,
586 2660 646 2686 aut
666 2653 773 2686 nobis
794 2653 972 2686 assistens
999 2652 1057 2686 vel
1084 2651 1242 2697 capitulo
1270 2658 1396 2684 nostro
1424 2651 1461 2683 in
1489 2657 1611 2683 nostra
1639 2649 1823 2695 presentia
1850 2647 1939 2681 hora
1964 2645 2184 2692 competenti
2204 2645 2300 2679 cele-

419 2721 524 2753 brare
545 2719 754 2753 volentibus
776 2719 1006 2752 ministrabit.
1037 2719 1073 2752 Si
1098 2730 1185 2752 vero
1213 2718 1367 2763 predicti
1387 2718 1516 2750 fratres
1537 2716 1595 2750 vel
1616 2728 1741 2749 eorum
1764 2725 2001 2748 successores
2022 2713 2141 2746 locum
2163 2712 2297 2758 ipsum,

420 2788 490 2821 nisi
521 2799 627 2820 causa
658 2786 770 2819 studii
800 2785 857 2819 vel
886 2785 1070 2818 interdicti
1100 2784 1297 2830 generalis,
1328 2783 1556 2828 reliquerint,
1591 2782 1850 2815 habitationem
1881 2788 1917 2814 et
1950 2787 2081 2814 statum
2113 2791 2218 2812 suum
2254 2779 2298 2812 ad

420 2855 539 2888 locum
560 2854 669 2887 alium
691 2853 837 2899 penitus
858 2852 1133 2893 transferentes,
1160 2851 1329 2884 volumus
1357 2850 1455 2895 quod
1482 2850 1585 2883 locus
1613 2850 1692 2894 ipse
1719 2849 1764 2881 ad
1785 2860 1853 2881 nos
1878 2848 1909 2881 si
1936 2847 2147 2889 vixerimus,
2174 2852 2235 2879 aut
2254 2845 2299 2878 ad

420 2924 549 2956 fratres
583 2932 795 2962 conversos,
833 2920 894 2965 qui
928 2919 1047 2952 locum
1078 2918 1180 2964 prius
1214 2917 1468 2959 inhabitarant,
1500 2916 1531 2950 si
1561 2927 1759 2962 pauperum
1790 2914 2071 2960 hospitalitatem
2101 2912 2296 2954 tenuerint,
