<?xml version="1.0" encoding="UTF-8"?>
<!DOCTYPE html PUBLIC "-//W3C//DTD XHTML 1.0 Transitional//EN"
    "http://www.w3.org/TR/xhtml1/DTD/xhtml1-transitional.dtd">
<html xmlns="http://www.w3.org/1999/xhtml" xml:lang="en" lang="en">
 <head>
  <title>
</title>
<meta http-equiv="Content-Type" content="text/html;charset=utf-8" />
  <meta name='ocr-system' content='tesseract 3.04.00' />
  <meta name='ocr-capabilities' content='ocr_page ocr_carea ocr_par ocr_line ocrx_word'/>
</head>
<body>
  <div class='ocr_page' id='page_1' title='image "./chartulariumuniv01univuoft_0295.png"; bbox 0 0 2580 3528; ppageno 0'>
   <div class='ocr_carea' id='block_1_1' title="bbox 0 0 140 3528">
    <p class='ocr_par' dir='ltr' id='par_1_1' title="bbox 0 0 140 3528">
     <span class='ocr_line' id='line_1_1' title="bbox 0 0 140 3528; baseline 0 0"><span class='ocrx_word' id='word_1_1' title='bbox 0 0 140 3528; x_wconf 95' lang='lat' dir='ltr'> </span> 
     </span>
    </p>
   </div>
   <div class='ocr_carea' id='block_1_2' title="bbox 266 421 2134 463">
    <p class='ocr_par' dir='ltr' id='par_1_2' title="bbox 266 421 2134 463">
     <span class='ocr_line' id='line_1_2' title="bbox 266 421 2134 463; baseline -0.003 -9"><span class='ocrx_word' id='word_1_2' title='bbox 266 421 373 463; x_wconf 21' lang='lat' dir='ltr'><strong>1254]ae</strong></span> <span class='ocrx_word' id='word_1_3' title='bbox 604 429 652 452; x_wconf 70' lang='grc' dir='ltr'>ΑΒ</span> <span class='ocrx_word' id='word_1_4' title='bbox 685 430 792 452; x_wconf 63' lang='lat' dir='ltr'>Anno</span> <span class='ocrx_word' id='word_1_5' title='bbox 825 429 903 452; x_wconf 73' lang='lat' dir='ltr'>uec</span> <span class='ocrx_word' id='word_1_6' title='bbox 936 429 1070 457; x_wconf 69' lang='lat' dir='ltr'>usquc</span> <span class='ocrx_word' id='word_1_7' title='bbox 1105 429 1154 450; x_wconf 57' lang='lat' dir='ltr'>,in</span> <span class='ocrx_word' id='word_1_8' title='bbox 1189 428 1418 450; x_wconf 75' lang='lat' dir='ltr'>rinmrrum</span> <span class='ocrx_word' id='word_1_9' title='bbox 1455 429 1494 450; x_wconf 81' lang='lat' dir='ltr'>iv</span> <span class='ocrx_word' id='word_1_10' title='bbox 1529 429 1617 451; x_wconf 68' lang='lat' dir='ltr'>nizo.</span> <span class='ocrx_word' id='word_1_11' title='bbox 1654 429 1791 451; x_wconf 60' lang='lat' dir='ltr'>rame.</span> <span class='ocrx_word' id='word_1_12' title='bbox 2069 421 2134 453; x_wconf 84' lang='lat'>253</span> 
     </span>
    </p>
   </div>
   <div class='ocr_carea' id='block_1_3' title="bbox 223 502 2186 2418">
    <p class='ocr_par' dir='ltr' id='par_1_3' title="bbox 223 502 2186 2418">
     <span class='ocr_line' id='line_1_3' title="bbox 261 502 2136 550; baseline -0.001 -12"><span class='ocrx_word' id='word_1_13' title='bbox 261 511 387 538; x_wconf 89' lang='lat' dir='ltr'>essent</span> <span class='ocrx_word' id='word_1_14' title='bbox 407 504 504 550; x_wconf 91' lang='lat' dir='ltr'>juris</span> <span class='ocrx_word' id='word_1_15' title='bbox 524 503 695 549; x_wconf 86' lang='lat' dir='ltr'>specialis</span> <span class='ocrx_word' id='word_1_16' title='bbox 713 502 861 537; x_wconf 90' lang='lat' dir='ltr'>vinculo</span> <span class='ocrx_word' id='word_1_17' title='bbox 886 503 1026 543; x_wconf 86' lang='lat' dir='ltr'>sociati,</span> <span class='ocrx_word' id='word_1_18' title='bbox 1053 514 1188 548; x_wconf 88' lang='lat' dir='ltr'>corpus</span> <span class='ocrx_word' id='word_1_19' title='bbox 1214 502 1372 547; x_wconf 83' lang='lat' dir='ltr'>Collegii</span> <span class='ocrx_word' id='word_1_20' title='bbox 1398 503 1475 536; x_wconf 88' lang='lat' dir='ltr'>sive</span> <span class='ocrx_word' id='word_1_21' title='bbox 1502 502 1758 536; x_wconf 84' lang='lat' dir='ltr'>Universitatis</span> <span class='ocrx_word' id='word_1_22' title='bbox 1778 515 1859 535; x_wconf 86' lang='lat' dir='ltr'>cum</span> <span class='ocrx_word' id='word_1_23' title='bbox 1880 503 2004 536; x_wconf 87' lang='lat' dir='ltr'>multis</span> <span class='ocrx_word' id='word_1_24' title='bbox 2025 504 2136 548; x_wconf 89' lang='lat' dir='ltr'>privi-</span> 
     </span>
     <span class='ocr_line' id='line_1_4' title="bbox 261 569 2135 616; baseline -0.002 -12"><span class='ocrx_word' id='word_1_25' title='bbox 261 570 370 616; x_wconf 84' lang='lat' dir='ltr'>legiis</span> <span class='ocrx_word' id='word_1_26' title='bbox 390 577 427 604; x_wconf 89' lang='lat' dir='ltr'>et</span> <span class='ocrx_word' id='word_1_27' title='bbox 445 570 598 604; x_wconf 90' lang='lat' dir='ltr'>indultis</span> <span class='ocrx_word' id='word_1_28' title='bbox 622 569 667 603; x_wconf 89' lang='lat' dir='ltr'>ab</span> <span class='ocrx_word' id='word_1_29' title='bbox 692 576 847 615; x_wconf 86' lang='lat' dir='ltr'>utroque</span> <span class='ocrx_word' id='word_1_30' title='bbox 872 569 1038 615; x_wconf 79' lang='lat' dir='ltr'>principe</span> <span class='ocrx_word' id='word_1_31' title='bbox 1064 575 1149 602; x_wconf 89' lang='lat' dir='ltr'>sunt</span> <span class='ocrx_word' id='word_1_32' title='bbox 1173 569 1330 614; x_wconf 82' lang='lat' dir='ltr'>adepti¹,</span> <span class='ocrx_word' id='word_1_33' title='bbox 1358 569 1427 602; x_wconf 89' lang='lat' dir='ltr'>sub</span> <span class='ocrx_word' id='word_1_34' title='bbox 1452 581 1606 614; x_wconf 87' lang='lat' dir='ltr'>quorum</span> <span class='ocrx_word' id='word_1_35' title='bbox 1629 569 1817 602; x_wconf 87' lang='lat' dir='ltr'>doctorum</span> <span class='ocrx_word' id='word_1_36' title='bbox 1840 569 1936 602; x_wconf 90' lang='lat' dir='ltr'>selici</span> <span class='ocrx_word' id='word_1_37' title='bbox 1958 570 2135 614; x_wconf 80' lang='lat' dir='ltr'>regimine</span> 
     </span>
     <span class='ocr_line' id='line_1_5' title="bbox 260 635 2136 681; baseline -0.002 -10"><span class='ocrx_word' id='word_1_38' title='bbox 260 649 418 672; x_wconf 88' lang='lat' dir='ltr'>vernans</span> <span class='ocrx_word' id='word_1_39' title='bbox 437 637 599 671; x_wconf 86' lang='lat' dir='ltr'>studium</span> <span class='ocrx_word' id='word_1_40' title='bbox 627 642 862 670; x_wconf 89' lang='lat' dir='ltr'>memoratum</span> <span class='ocrx_word' id='word_1_41' title='bbox 890 636 926 669; x_wconf 90' lang='lat' dir='ltr'>in</span> <span class='ocrx_word' id='word_1_42' title='bbox 952 636 1063 669; x_wconf 84' lang='lat' dir='ltr'>flores</span> <span class='ocrx_word' id='word_1_43' title='bbox 1088 635 1280 681; x_wconf 88' lang='lat' dir='ltr'>pullulavit</span> <span class='ocrx_word' id='word_1_44' title='bbox 1305 635 1571 681; x_wconf 88' lang='lat' dir='ltr'>pulcherrimos</span> <span class='ocrx_word' id='word_1_45' title='bbox 1597 642 1632 669; x_wconf 86' lang='lat' dir='ltr'>et</span> <span class='ocrx_word' id='word_1_46' title='bbox 1656 636 1795 669; x_wconf 81' lang='lat' dir='ltr'>fructus</span> <span class='ocrx_word' id='word_1_47' title='bbox 1820 636 1906 669; x_wconf 79' lang='lat' dir='ltr'>fecit</span> <span class='ocrx_word' id='word_1_48' title='bbox 1931 635 2136 668; x_wconf 77' lang='lat' dir='ltr'>uberrimos</span> 
     </span>
     <span class='ocr_line' id='line_1_6' title="bbox 261 702 2136 749; baseline -0.001 -12"><span class='ocrx_word' id='word_1_49' title='bbox 261 703 476 745; x_wconf 75' lang='lat' dir='ltr'>honestatis,</span> <span class='ocrx_word' id='word_1_50' title='bbox 504 703 564 737; x_wconf 92' lang='lat' dir='ltr'>illa</span> <span class='ocrx_word' id='word_1_51' title='bbox 593 703 765 749; x_wconf 77' lang='lat' dir='ltr'>precipue</span> <span class='ocrx_word' id='word_1_52' title='bbox 794 702 948 743; x_wconf 83' lang='lat' dir='ltr'>ratione,</span> <span class='ocrx_word' id='word_1_53' title='bbox 977 703 1059 748; x_wconf 88' lang='lat' dir='ltr'>quia</span> <span class='ocrx_word' id='word_1_54' title='bbox 1088 703 1183 736; x_wconf 89' lang='lat' dir='ltr'>sicut</span> <span class='ocrx_word' id='word_1_55' title='bbox 1209 715 1276 736; x_wconf 87' lang='lat' dir='ltr'>nec</span> <span class='ocrx_word' id='word_1_56' title='bbox 1303 702 1427 736; x_wconf 90' lang='lat' dir='ltr'>habitu</span> <span class='ocrx_word' id='word_1_57' title='bbox 1455 714 1521 735; x_wconf 92' lang='lat' dir='ltr'>nec</span> <span class='ocrx_word' id='word_1_58' title='bbox 1547 703 1777 748; x_wconf 73' lang='lat' dir='ltr'><strong>professione</strong></span> <span class='ocrx_word' id='word_1_59' title='bbox 1804 702 1939 735; x_wconf 87' lang='lat' dir='ltr'>diversi</span> <span class='ocrx_word' id='word_1_60' title='bbox 1963 714 1970 735; x_wconf 92' lang='lat'>:</span> <span class='ocrx_word' id='word_1_61' title='bbox 1994 702 2040 735; x_wconf 92' lang='lat' dir='ltr'>ita</span> <span class='ocrx_word' id='word_1_62' title='bbox 2070 715 2136 735; x_wconf 88' lang='lat' dir='ltr'>nec</span> 
     </span>
     <span class='ocr_line' id='line_1_7' title="bbox 262 769 2135 815; baseline -0.001 -11"><span class='ocrx_word' id='word_1_63' title='bbox 262 770 395 804; x_wconf 84' lang='lat' dir='ltr'>studiis</span> <span class='ocrx_word' id='word_1_64' title='bbox 415 777 518 804; x_wconf 89' lang='lat' dir='ltr'>erant</span> <span class='ocrx_word' id='word_1_65' title='bbox 537 782 604 803; x_wconf 93' lang='lat' dir='ltr'>nec</span> <span class='ocrx_word' id='word_1_66' title='bbox 629 770 724 804; x_wconf 86' lang='lat' dir='ltr'>votis</span> <span class='ocrx_word' id='word_1_67' title='bbox 751 770 909 811; x_wconf 83' lang='lat' dir='ltr'>adversi,</span> <span class='ocrx_word' id='word_1_68' title='bbox 937 770 1097 803; x_wconf 87' lang='lat' dir='ltr'>scientes</span> <span class='ocrx_word' id='word_1_69' title='bbox 1125 770 1224 815; x_wconf 91' lang='lat' dir='ltr'>quod</span> <span class='ocrx_word' id='word_1_70' title='bbox 1251 781 1343 815; x_wconf 91' lang='lat' dir='ltr'>aque</span> <span class='ocrx_word' id='word_1_71' title='bbox 1370 769 1477 815; x_wconf 83' lang='lat' dir='ltr'>Syloe</span> <span class='ocrx_word' id='word_1_72' title='bbox 1502 770 1638 803; x_wconf 87' lang='lat' dir='ltr'>vadunt</span> <span class='ocrx_word' id='word_1_73' title='bbox 1663 781 1744 802; x_wconf 91' lang='lat' dir='ltr'>cum</span> <span class='ocrx_word' id='word_1_74' title='bbox 1771 769 1918 802; x_wconf 89' lang='lat' dir='ltr'>silentio</span> <span class='ocrx_word' id='word_1_75' title='bbox 1946 776 1981 802; x_wconf 91' lang='lat' dir='ltr'>ct</span> <span class='ocrx_word' id='word_1_76' title='bbox 2001 769 2135 814; x_wconf 83' lang='lat' dir='ltr'>quiete.</span> 
     </span>
     <span class='ocr_line' id='line_1_8' title="bbox 262 836 2136 882; baseline -0.001 -11"><span class='ocrx_word' id='word_1_77' title='bbox 262 837 467 871; x_wconf 88' lang='lat' dir='ltr'>Novissime</span> <span class='ocrx_word' id='word_1_78' title='bbox 488 843 607 870; x_wconf 90' lang='lat' dir='ltr'>autem</span> <span class='ocrx_word' id='word_1_79' title='bbox 628 836 760 870; x_wconf 89' lang='lat' dir='ltr'>diebus</span> <span class='ocrx_word' id='word_1_80' title='bbox 782 837 918 870; x_wconf 89' lang='lat' dir='ltr'>nostris</span> <span class='ocrx_word' id='word_1_81' title='bbox 943 836 1089 882; x_wconf 88' lang='lat' dir='ltr'>quidam</span> <span class='ocrx_word' id='word_1_82' title='bbox 1116 837 1183 870; x_wconf 89' lang='lat' dir='ltr'>viri</span> <span class='ocrx_word' id='word_1_83' title='bbox 1209 836 1411 882; x_wconf 76' lang='lat' dir='ltr'>regulares,</span> <span class='ocrx_word' id='word_1_84' title='bbox 1438 837 1499 882; x_wconf 91' lang='lat' dir='ltr'>qui</span> <span class='ocrx_word' id='word_1_85' title='bbox 1525 837 1655 870; x_wconf 84' lang='lat' dir='ltr'>fratres</span> <span class='ocrx_word' id='word_1_86' title='bbox 1681 837 1932 869; x_wconf 88' lang='lat' dir='ltr'>Predicatores</span> <span class='ocrx_word' id='word_1_87' title='bbox 1953 836 2136 878; x_wconf 84' lang='lat' dir='ltr'>dicuntur,</span> 
     </span>
     <span class='ocr_line' id='line_1_9' title="bbox 262 903 2139 949; baseline -0.001 -11"><span class='ocrx_word' id='word_1_88' title='bbox 262 904 423 938; x_wconf 87' lang='lat' dir='ltr'>Parisius</span> <span class='ocrx_word' id='word_1_89' title='bbox 443 904 480 937; x_wconf 93' lang='lat' dir='ltr'>in</span> <span class='ocrx_word' id='word_1_90' title='bbox 501 916 611 949; x_wconf 88' lang='lat' dir='ltr'>parvo</span> <span class='ocrx_word' id='word_1_91' title='bbox 637 916 789 937; x_wconf 89' lang='lat' dir='ltr'>numero</span> <span class='ocrx_word' id='word_1_92' title='bbox 815 903 980 937; x_wconf 88' lang='lat' dir='ltr'>viventes</span> <span class='ocrx_word' id='word_1_93' title='bbox 1007 903 1076 936; x_wconf 91' lang='lat' dir='ltr'>sub</span> <span class='ocrx_word' id='word_1_94' title='bbox 1103 903 1256 949; x_wconf 89' lang='lat' dir='ltr'>quadam</span> <span class='ocrx_word' id='word_1_95' title='bbox 1282 903 1426 949; x_wconf 88' lang='lat' dir='ltr'>pietatis</span> <span class='ocrx_word' id='word_1_96' title='bbox 1450 916 1490 936; x_wconf 86' lang='lat' dir='ltr'>ac</span> <span class='ocrx_word' id='word_1_97' title='bbox 1516 903 1660 948; x_wconf 87' lang='lat' dir='ltr'>publice</span> <span class='ocrx_word' id='word_1_98' title='bbox 1683 903 1847 936; x_wconf 80' lang='lat' dir='ltr'>utilitatis</span> <span class='ocrx_word' id='word_1_99' title='bbox 1868 903 1990 948; x_wconf 87' lang='lat' dir='ltr'>specie</span> <span class='ocrx_word' id='word_1_100' title='bbox 2012 903 2139 936; x_wconf 82' lang='lat' dir='ltr'>subin-</span> 
     </span>
     <span class='ocr_line' id='line_1_10' title="bbox 261 970 2139 1018; baseline -0.001 -13"><span class='ocrx_word' id='word_1_101' title='bbox 261 971 382 1018; x_wconf 87' lang='lat' dir='ltr'>gressi</span> <span class='ocrx_word' id='word_1_102' title='bbox 412 983 482 1004; x_wconf 88' lang='lat' dir='ltr'>una</span> <span class='ocrx_word' id='word_1_103' title='bbox 517 970 707 1004; x_wconf 91' lang='lat' dir='ltr'>nobiscum</span> <span class='ocrx_word' id='word_1_104' title='bbox 740 970 926 1016; x_wconf 80' lang='lat' dir='ltr'>theologie</span> <span class='ocrx_word' id='word_1_105' title='bbox 954 970 1114 1003; x_wconf 89' lang='lat' dir='ltr'>studium</span> <span class='ocrx_word' id='word_1_106' title='bbox 1146 970 1329 1004; x_wconf 80' lang='lat' dir='ltr'>ferventer</span> <span class='ocrx_word' id='word_1_107' title='bbox 1358 977 1394 1003; x_wconf 92' lang='lat' dir='ltr'>et</span> <span class='ocrx_word' id='word_1_108' title='bbox 1422 970 1608 1003; x_wconf 86' lang='lat' dir='ltr'>humiliter</span> <span class='ocrx_word' id='word_1_109' title='bbox 1637 977 1723 1003; x_wconf 87' lang='lat' dir='ltr'>sunt</span> <span class='ocrx_word' id='word_1_110' title='bbox 1750 970 1954 1016; x_wconf 73' lang='lat' dir='ltr'>aggressi&#39;,</span> <span class='ocrx_word' id='word_1_111' title='bbox 1990 978 2139 1016; x_wconf 87' lang='lat' dir='ltr'>propter</span> 
     </span>
     <span class='ocr_line' id='line_1_11' title="bbox 262 1037 2137 1083; baseline -0.001 -12"><span class='ocrx_word' id='word_1_112' title='bbox 262 1038 360 1083; x_wconf 92' lang='lat' dir='ltr'>quod</span> <span class='ocrx_word' id='word_1_113' title='bbox 380 1050 398 1071; x_wconf 88' lang='lat' dir='ltr'>a</span> <span class='ocrx_word' id='word_1_114' title='bbox 420 1037 620 1083; x_wconf 91' lang='lat' dir='ltr'>majoribus</span> <span class='ocrx_word' id='word_1_115' title='bbox 640 1038 777 1071; x_wconf 87' lang='lat' dir='ltr'>nostris</span> <span class='ocrx_word' id='word_1_116' title='bbox 798 1044 834 1070; x_wconf 88' lang='lat' dir='ltr'>et</span> <span class='ocrx_word' id='word_1_117' title='bbox 853 1037 962 1070; x_wconf 89' lang='lat' dir='ltr'>nobis</span> <span class='ocrx_word' id='word_1_118' title='bbox 983 1037 1143 1083; x_wconf 86' lang='lat' dir='ltr'>benigne</span> <span class='ocrx_word' id='word_1_119' title='bbox 1170 1038 1320 1083; x_wconf 71' lang='lat' dir='ltr'>recepti,</span> <span class='ocrx_word' id='word_1_120' title='bbox 1346 1037 1489 1070; x_wconf 90' lang='lat' dir='ltr'>sincere</span> <span class='ocrx_word' id='word_1_121' title='bbox 1510 1038 1668 1070; x_wconf 82' lang='lat' dir='ltr'>caritatis</span> <span class='ocrx_word' id='word_1_122' title='bbox 1689 1037 1848 1070; x_wconf 90' lang='lat' dir='ltr'>brachiis</span> <span class='ocrx_word' id='word_1_123' title='bbox 1868 1037 2073 1083; x_wconf 84' lang='lat' dir='ltr'>amplexati,</span> <span class='ocrx_word' id='word_1_124' title='bbox 2101 1038 2137 1071; x_wconf 90' lang='lat' dir='ltr'>in</span> 
     </span>
     <span class='ocr_line' id='line_1_12' title="bbox 262 1104 2136 1150; baseline -0.001 -12"><span class='ocrx_word' id='word_1_125' title='bbox 262 1104 371 1138; x_wconf 90' lang='lat' dir='ltr'>domo</span> <span class='ocrx_word' id='word_1_126' title='bbox 405 1111 529 1139; x_wconf 87' lang='lat' dir='ltr'>nostra</span> <span class='ocrx_word' id='word_1_127' title='bbox 563 1105 722 1150; x_wconf 86' lang='lat' dir='ltr'>propria,</span> <span class='ocrx_word' id='word_1_128' title='bbox 757 1105 793 1137; x_wconf 92' lang='lat' dir='ltr'>in</span> <span class='ocrx_word' id='word_1_129' title='bbox 828 1116 897 1149; x_wconf 91' lang='lat' dir='ltr'>qua</span> <span class='ocrx_word' id='word_1_130' title='bbox 932 1116 1047 1150; x_wconf 91' lang='lat' dir='ltr'>usquc</span> <span class='ocrx_word' id='word_1_131' title='bbox 1082 1104 1192 1137; x_wconf 90' lang='lat' dir='ltr'>hodie</span> <span class='ocrx_word' id='word_1_132' title='bbox 1225 1111 1509 1145; x_wconf 87' lang='lat' dir='ltr'>commorantur,</span> <span class='ocrx_word' id='word_1_133' title='bbox 1547 1116 1652 1149; x_wconf 89' lang='lat' dir='ltr'>quam</span> <span class='ocrx_word' id='word_1_134' title='bbox 1693 1105 1747 1137; x_wconf 87' lang='lat' dir='ltr'>eis</span> <span class='ocrx_word' id='word_1_135' title='bbox 1785 1104 1829 1137; x_wconf 90' lang='lat' dir='ltr'>ad</span> <span class='ocrx_word' id='word_1_136' title='bbox 1864 1104 2136 1138; x_wconf 88' lang='lat' dir='ltr'>inhabitandum</span> 
     </span>
     <span class='ocr_line' id='line_1_13' title="bbox 262 1171 2139 1217; baseline 0 -12"><span class='ocrx_word' id='word_1_137' title='bbox 262 1172 514 1205; x_wconf 85' lang='lat' dir='ltr'>concessimus</span> <span class='ocrx_word' id='word_1_138' title='bbox 525 1171 552 1214; x_wconf 80' lang='lat'>⁸,</span> <span class='ocrx_word' id='word_1_139' title='bbox 577 1171 762 1217; x_wconf 86' lang='lat' dir='ltr'>hospitati,</span> <span class='ocrx_word' id='word_1_140' title='bbox 783 1171 956 1205; x_wconf 88' lang='lat' dir='ltr'>alimento</span> <span class='ocrx_word' id='word_1_141' title='bbox 977 1178 1045 1204; x_wconf 90' lang='lat' dir='ltr'>tam</span> <span class='ocrx_word' id='word_1_142' title='bbox 1072 1171 1237 1204; x_wconf 84' lang='lat' dir='ltr'>doctrine</span> <span class='ocrx_word' id='word_1_143' title='bbox 1263 1183 1369 1216; x_wconf 86' lang='lat' dir='ltr'>quam</span> <span class='ocrx_word' id='word_1_144' title='bbox 1394 1171 1574 1216; x_wconf 88' lang='lat' dir='ltr'>corporali</span> <span class='ocrx_word' id='word_1_145' title='bbox 1601 1171 1816 1216; x_wconf 83' lang='lat' dir='ltr'>diligentius</span> <span class='ocrx_word' id='word_1_146' title='bbox 1842 1171 1997 1213; x_wconf 85' lang='lat' dir='ltr'>educati,</span> <span class='ocrx_word' id='word_1_147' title='bbox 2025 1171 2139 1217; x_wconf 90' lang='lat' dir='ltr'>pluri-</span> 
     </span>
     <span class='ocr_line' id='line_1_14' title="bbox 261 1237 2137 1283; baseline 0.001 -12"><span class='ocrx_word' id='word_1_148' title='bbox 261 1238 405 1283; x_wconf 87' lang='lat' dir='ltr'>misque</span> <span class='ocrx_word' id='word_1_149' title='bbox 430 1237 620 1271; x_wconf 86' lang='lat' dir='ltr'>beneficiis</span> <span class='ocrx_word' id='word_1_150' title='bbox 644 1238 781 1271; x_wconf 89' lang='lat' dir='ltr'>nostris</span> <span class='ocrx_word' id='word_1_151' title='bbox 806 1245 841 1271; x_wconf 86' lang='lat' dir='ltr'>et</span> <span class='ocrx_word' id='word_1_152' title='bbox 865 1245 1139 1271; x_wconf 85' lang='lat' dir='ltr'>antecessorum</span> <span class='ocrx_word' id='word_1_153' title='bbox 1166 1244 1375 1271; x_wconf 91' lang='lat' dir='ltr'>nostrorum</span> <span class='ocrx_word' id='word_1_154' title='bbox 1402 1238 1520 1283; x_wconf 86' lang='lat' dir='ltr'>potiti,</span> <span class='ocrx_word' id='word_1_155' title='bbox 1547 1249 1611 1283; x_wconf 92' lang='lat' dir='ltr'>per</span> <span class='ocrx_word' id='word_1_156' title='bbox 1630 1238 1839 1283; x_wconf 87' lang='lat' dir='ltr'>ingressum</span> <span class='ocrx_word' id='word_1_157' title='bbox 1861 1238 2137 1272; x_wconf 82' lang='lat' dir='ltr'>scolasticorum</span> 
     </span>
     <span class='ocr_line' id='line_1_15' title="bbox 262 1304 2186 1350; baseline 0 -12"><span class='ocrx_word' id='word_1_158' title='bbox 262 1311 470 1338; x_wconf 91' lang='lat' dir='ltr'>nostrorum</span> <span class='ocrx_word' id='word_1_159' title='bbox 497 1305 534 1337; x_wconf 91' lang='lat' dir='ltr'>in</span> <span class='ocrx_word' id='word_1_160' title='bbox 558 1305 710 1338; x_wconf 89' lang='lat' dir='ltr'>scientia</span> <span class='ocrx_word' id='word_1_161' title='bbox 736 1304 845 1338; x_wconf 90' lang='lat' dir='ltr'>simul</span> <span class='ocrx_word' id='word_1_162' title='bbox 870 1311 906 1338; x_wconf 91' lang='lat' dir='ltr'>et</span> <span class='ocrx_word' id='word_1_163' title='bbox 930 1305 966 1337; x_wconf 88' lang='lat' dir='ltr'>in</span> <span class='ocrx_word' id='word_1_164' title='bbox 993 1316 1145 1337; x_wconf 89' lang='lat' dir='ltr'>numero</span> <span class='ocrx_word' id='word_1_165' title='bbox 1169 1304 1261 1337; x_wconf 92' lang='lat' dir='ltr'>adeo</span> <span class='ocrx_word' id='word_1_166' title='bbox 1285 1311 1371 1338; x_wconf 92' lang='lat' dir='ltr'>sunt</span> <span class='ocrx_word' id='word_1_167' title='bbox 1397 1304 1547 1345; x_wconf 84' lang='lat' dir='ltr'>dilatati,</span> <span class='ocrx_word' id='word_1_168' title='bbox 1577 1305 1673 1349; x_wconf 92' lang='lat' dir='ltr'>quod</span> <span class='ocrx_word' id='word_1_169' title='bbox 1697 1306 1770 1349; x_wconf 87' lang='lat' dir='ltr'>jam</span> <span class='ocrx_word' id='word_1_170' title='bbox 1797 1304 1932 1350; x_wconf 91' lang='lat' dir='ltr'>ubique</span> <span class='ocrx_word' id='word_1_171' title='bbox 1960 1312 2135 1338; x_wconf 90' lang='lat' dir='ltr'>terrarum</span> <span class='ocrx_word' id='word_1_172' title='bbox 2182 1329 2186 1333; x_wconf 89' lang='lat'>-</span> 
     </span>
     <span class='ocr_line' id='line_1_16' title="bbox 262 1370 2137 1418; baseline 0.001 -14"><span class='ocrx_word' id='word_1_173' title='bbox 262 1383 327 1417; x_wconf 91' lang='lat' dir='ltr'>per</span> <span class='ocrx_word' id='word_1_174' title='bbox 355 1371 466 1405; x_wconf 89' lang='lat' dir='ltr'>multa</span> <span class='ocrx_word' id='word_1_175' title='bbox 494 1371 651 1417; x_wconf 90' lang='lat' dir='ltr'>collegia</span> <span class='ocrx_word' id='word_1_176' title='bbox 677 1378 763 1404; x_wconf 92' lang='lat' dir='ltr'>sunt</span> <span class='ocrx_word' id='word_1_177' title='bbox 789 1370 983 1416; x_wconf 73' lang='lat' dir='ltr'>dispersi‘.</span> <span class='ocrx_word' id='word_1_178' title='bbox 1011 1371 1182 1404; x_wconf 87' lang='lat' dir='ltr'>Ceterum</span> <span class='ocrx_word' id='word_1_179' title='bbox 1208 1383 1290 1404; x_wconf 90' lang='lat' dir='ltr'>cum</span> <span class='ocrx_word' id='word_1_180' title='bbox 1311 1370 1355 1404; x_wconf 89' lang='lat' dir='ltr'>ab</span> <span class='ocrx_word' id='word_1_181' title='bbox 1376 1371 1480 1404; x_wconf 90' lang='lat' dir='ltr'>initio</span> <span class='ocrx_word' id='word_1_182' title='bbox 1505 1383 1571 1404; x_wconf 89' lang='lat' dir='ltr'>sue</span> <span class='ocrx_word' id='word_1_183' title='bbox 1601 1371 1842 1405; x_wconf 90' lang='lat' dir='ltr'>institutionis</span> <span class='ocrx_word' id='word_1_184' title='bbox 1870 1372 2073 1418; x_wconf 85' lang='lat' dir='ltr'>elegissent</span> <span class='ocrx_word' id='word_1_185' title='bbox 2100 1373 2137 1406; x_wconf 92' lang='lat' dir='ltr'>in</span> 
     </span>
     <span class='ocr_line' id='line_1_17' title="bbox 260 1437 2137 1485; baseline 0.001 -15"><span class='ocrx_word' id='word_1_186' title='bbox 260 1437 462 1471; x_wconf 88' lang='lat' dir='ltr'>humilitate</span> <span class='ocrx_word' id='word_1_187' title='bbox 492 1438 650 1483; x_wconf 85' lang='lat' dir='ltr'>perfecta</span> <span class='ocrx_word' id='word_1_188' title='bbox 684 1437 831 1471; x_wconf 91' lang='lat' dir='ltr'>Christo</span> <span class='ocrx_word' id='word_1_189' title='bbox 864 1437 1019 1471; x_wconf 90' lang='lat' dir='ltr'>Domino</span> <span class='ocrx_word' id='word_1_190' title='bbox 1049 1437 1228 1479; x_wconf 80' lang='lat' dir='ltr'>famulari,</span> <span class='ocrx_word' id='word_1_191' title='bbox 1258 1444 1528 1482; x_wconf 87' lang='lat' dir='ltr'>consequenter</span> <span class='ocrx_word' id='word_1_192' title='bbox 1562 1438 1747 1471; x_wconf 88' lang='lat' dir='ltr'>nescimus</span> <span class='ocrx_word' id='word_1_193' title='bbox 1777 1451 1850 1484; x_wconf 94' lang='lat' dir='ltr'>quo</span> <span class='ocrx_word' id='word_1_194' title='bbox 1880 1439 1979 1472; x_wconf 89' lang='lat' dir='ltr'>ducti</span> <span class='ocrx_word' id='word_1_195' title='bbox 2006 1439 2137 1485; x_wconf 89' lang='lat' dir='ltr'>spiritu</span> 
     </span>
     <span class='ocr_line' id='line_1_18' title="bbox 260 1503 2138 1550; baseline 0.001 -12"><span class='ocrx_word' id='word_1_196' title='bbox 260 1510 386 1538; x_wconf 88' lang='lat' dir='ltr'>contra</span> <span class='ocrx_word' id='word_1_197' title='bbox 407 1503 654 1550; x_wconf 86' lang='lat' dir='ltr'>evangelicam</span> <span class='ocrx_word' id='word_1_198' title='bbox 675 1505 834 1549; x_wconf 86' lang='lat' dir='ltr'>perfecte</span> <span class='ocrx_word' id='word_1_199' title='bbox 855 1504 1070 1537; x_wconf 89' lang='lat' dir='ltr'>humilitatis</span> <span class='ocrx_word' id='word_1_200' title='bbox 1090 1516 1195 1549; x_wconf 89' lang='lat' dir='ltr'>quam</span> <span class='ocrx_word' id='word_1_201' title='bbox 1218 1505 1361 1537; x_wconf 85' lang='lat' dir='ltr'>fuerant</span> <span class='ocrx_word' id='word_1_202' title='bbox 1381 1504 1538 1549; x_wconf 84' lang='lat' dir='ltr'>professi</span> <span class='ocrx_word' id='word_1_203' title='bbox 1559 1504 1720 1550; x_wconf 86' lang='lat' dir='ltr'>regulam</span> <span class='ocrx_word' id='word_1_204' title='bbox 1750 1507 1831 1550; x_wconf 86' lang='lat' dir='ltr'>(qua</span> <span class='ocrx_word' id='word_1_205' title='bbox 1851 1506 1939 1539; x_wconf 88' lang='lat' dir='ltr'>dicit</span> <span class='ocrx_word' id='word_1_206' title='bbox 1959 1506 2138 1539; x_wconf 88' lang='lat' dir='ltr'>Dominus</span> 
     </span>
     <span class='ocr_line' id='line_1_19' title="bbox 260 1570 2137 1618; baseline 0.001 -14"><span class='ocrx_word' id='word_1_207' title='bbox 260 1571 304 1605; x_wconf 89' lang='lat' dir='ltr'>ad</span> <span class='ocrx_word' id='word_1_208' title='bbox 325 1571 529 1616; x_wconf 85' lang='lat' dir='ltr'>perfectos:</span> <span class='ocrx_word' id='word_1_209' title='bbox 553 1585 570 1603; x_wconf 90' lang='lat'>«</span> <span class='ocrx_word' id='word_1_210' title='bbox 591 1570 711 1604; x_wconf 88' lang='lat' dir='ltr'>Nolite</span> <span class='ocrx_word' id='word_1_211' title='bbox 735 1571 857 1604; x_wconf 89' lang='lat' dir='ltr'>vocari</span> <span class='ocrx_word' id='word_1_212' title='bbox 878 1570 992 1604; x_wconf 83' lang='lat' dir='ltr'>Rabbi</span> <span class='ocrx_word' id='word_1_213' title='bbox 1019 1585 1051 1613; x_wconf 80' lang='lat'>»,</span> <span class='ocrx_word' id='word_1_214' title='bbox 1077 1577 1114 1604; x_wconf 89' lang='lat' dir='ltr'>et</span> <span class='ocrx_word' id='word_1_215' title='bbox 1137 1570 1245 1616; x_wconf 89' lang='lat' dir='ltr'>paulo</span> <span class='ocrx_word' id='word_1_216' title='bbox 1267 1578 1350 1616; x_wconf 87' lang='lat' dir='ltr'>post</span> <span class='ocrx_word' id='word_1_217' title='bbox 1371 1582 1379 1604; x_wconf 89' lang='lat'>:</span> <span class='ocrx_word' id='word_1_218' title='bbox 1403 1585 1419 1603; x_wconf 74' lang='grc' dir='ltr'>ι(</span> <span class='ocrx_word' id='word_1_219' title='bbox 1442 1572 1494 1604; x_wconf 91' lang='lat' dir='ltr'>Ne</span> <span class='ocrx_word' id='word_1_220' title='bbox 1515 1572 1695 1605; x_wconf 87' lang='lat' dir='ltr'>vocemini</span> <span class='ocrx_word' id='word_1_221' title='bbox 1717 1573 1880 1618; x_wconf 85' lang='lat' dir='ltr'>magistri</span> <span class='ocrx_word' id='word_1_222' title='bbox 1903 1586 1935 1614; x_wconf 74' lang='lat' dir='ltr'>n,</span> <span class='ocrx_word' id='word_1_223' title='bbox 1961 1573 1998 1606; x_wconf 94' lang='lat' dir='ltr'>in</span> <span class='ocrx_word' id='word_1_224' title='bbox 2020 1573 2137 1618; x_wconf 90' lang='lat' dir='ltr'>primo</span> 
     </span>
     <span class='ocr_line' id='line_1_20' title="bbox 261 1637 2138 1684; baseline 0.001 -13"><span class='ocrx_word' id='word_1_225' title='bbox 261 1637 463 1684; x_wconf 82' lang='lat' dir='ltr'>magisterii</span> <span class='ocrx_word' id='word_1_226' title='bbox 505 1637 706 1683; x_wconf 91' lang='lat' dir='ltr'>prohibens</span> <span class='ocrx_word' id='word_1_227' title='bbox 748 1638 960 1684; x_wconf 88' lang='lat' dir='ltr'>appetitum,</span> <span class='ocrx_word' id='word_1_228' title='bbox 1005 1638 1042 1671; x_wconf 91' lang='lat' dir='ltr'>in</span> <span class='ocrx_word' id='word_1_229' title='bbox 1085 1638 1248 1671; x_wconf 88' lang='lat' dir='ltr'>secund&#39;o</span> <span class='ocrx_word' id='word_1_230' title='bbox 1292 1638 1457 1683; x_wconf 84' lang='lat' dir='ltr'>magistri</span> <span class='ocrx_word' id='word_1_231' title='bbox 1497 1638 1603 1672; x_wconf 90' lang='lat' dir='ltr'>etiam</span> <span class='ocrx_word' id='word_1_232' title='bbox 1647 1639 1871 1673; x_wconf 86' lang='lat' dir='ltr'>interdicens</span> <span class='ocrx_word' id='word_1_233' title='bbox 1910 1639 2138 1684; x_wconf 88' lang='lat' dir='ltr'>vocabulum)</span> 
     </span>
     <span class='ocr_line' id='line_1_21' title="bbox 260 1703 2140 1753; baseline 0.001 -15"><span class='ocrx_word' id='word_1_234' title='bbox 260 1703 437 1738; x_wconf 87' lang='lat' dir='ltr'>honorem</span> <span class='ocrx_word' id='word_1_235' title='bbox 481 1703 698 1750; x_wconf 89' lang='lat' dir='ltr'>sollempnis</span> <span class='ocrx_word' id='word_1_236' title='bbox 735 1705 936 1750; x_wconf 84' lang='lat' dir='ltr'>magisterii</span> <span class='ocrx_word' id='word_1_237' title='bbox 980 1711 1015 1738; x_wconf 87' lang='lat' dir='ltr'>ct</span> <span class='ocrx_word' id='word_1_238' title='bbox 1053 1705 1310 1751; x_wconf 86' lang='lat' dir='ltr'>magistrorum</span> <span class='ocrx_word' id='word_1_239' title='bbox 1348 1704 1539 1738; x_wconf 84' lang='lat' dir='ltr'>cathedras</span> <span class='ocrx_word' id='word_1_240' title='bbox 1577 1705 1793 1748; x_wconf 77' lang='lat' dir='ltr'>ambientes,</span> <span class='ocrx_word' id='word_1_241' title='bbox 1834 1713 1952 1740; x_wconf 89' lang='lat' dir='ltr'>tamen</span> <span class='ocrx_word' id='word_1_242' title='bbox 1990 1714 2140 1753; x_wconf 89' lang='lat' dir='ltr'>propter</span> 
     </span>
     <span class='ocr_line' id='line_1_22' title="bbox 261 1771 2140 1818; baseline 0.002 -13"><span class='ocrx_word' id='word_1_243' title='bbox 261 1771 440 1817; x_wconf 88' lang='lat' dir='ltr'>quandam</span> <span class='ocrx_word' id='word_1_244' title='bbox 469 1777 627 1805; x_wconf 87' lang='lat' dir='ltr'>atrocem</span> <span class='ocrx_word' id='word_1_245' title='bbox 657 1771 826 1817; x_wconf 86' lang='lat' dir='ltr'>injuriam</span> <span class='ocrx_word' id='word_1_246' title='bbox 854 1778 891 1805; x_wconf 88' lang='lat' dir='ltr'>et</span> <span class='ocrx_word' id='word_1_247' title='bbox 916 1772 1088 1806; x_wconf 78' lang='lat' dir='ltr'>famosam</span> <span class='ocrx_word' id='word_1_248' title='bbox 1120 1771 1228 1805; x_wconf 89' lang='lat' dir='ltr'>nobis</span> <span class='ocrx_word' id='word_1_249' title='bbox 1256 1771 1388 1805; x_wconf 86' lang='lat' dir='ltr'>illatam</span> <span class='ocrx_word' id='word_1_250' title='bbox 1420 1772 1590 1806; x_wconf 85' lang='lat' dir='ltr'>translata</span> <span class='ocrx_word' id='word_1_251' title='bbox 1618 1773 1744 1818; x_wconf 89' lang='lat' dir='ltr'>majori</span> <span class='ocrx_word' id='word_1_252' title='bbox 1774 1780 1874 1818; x_wconf 87' lang='lat' dir='ltr'>parte</span> <span class='ocrx_word' id='word_1_253' title='bbox 1901 1774 2013 1807; x_wconf 91' lang='lat' dir='ltr'>studii</span> <span class='ocrx_word' id='word_1_254' title='bbox 2041 1775 2140 1808; x_wconf 86' lang='lat' dir='ltr'>Pari-</span> 
     </span>
     <span class='ocr_line' id='line_1_23' title="bbox 223 1837 2137 1884; baseline 0.002 -12"><span class='ocrx_word' id='word_1_255' title='bbox 223 1851 233 1860; x_wconf 56' lang='lat'><em>(</em></span> <span class='ocrx_word' id='word_1_256' title='bbox 259 1837 396 1872; x_wconf 87' lang='lat' dir='ltr'>siensis</span> <span class='ocrx_word' id='word_1_257' title='bbox 428 1838 653 1884; x_wconf 81' lang='lat' dir='ltr'>Andegavis,</span> <span class='ocrx_word' id='word_1_258' title='bbox 693 1838 730 1872; x_wconf 91' lang='lat' dir='ltr'>in</span> <span class='ocrx_word' id='word_1_259' title='bbox 767 1838 828 1872; x_wconf 87' lang='lat' dir='ltr'>illa</span> <span class='ocrx_word' id='word_1_260' title='bbox 862 1839 1040 1884; x_wconf 86' lang='lat' dir='ltr'>paucitate</span> <span class='ocrx_word' id='word_1_261' title='bbox 1079 1839 1289 1880; x_wconf 86' lang='lat' dir='ltr'>scolarium,</span> <span class='ocrx_word' id='word_1_262' title='bbox 1329 1851 1400 1884; x_wconf 92' lang='lat' dir='ltr'>que</span> <span class='ocrx_word' id='word_1_263' title='bbox 1435 1840 1610 1873; x_wconf 87' lang='lat' dir='ltr'>remansit</span> <span class='ocrx_word' id='word_1_264' title='bbox 1642 1840 1817 1882; x_wconf 86' lang='lat' dir='ltr'>Parisius,</span> <span class='ocrx_word' id='word_1_265' title='bbox 1853 1841 2039 1875; x_wconf 87' lang='lat' dir='ltr'>desiderio</span> <span class='ocrx_word' id='word_1_266' title='bbox 2069 1854 2137 1875; x_wconf 87' lang='lat' dir='ltr'>suo</span> 
     </span>
     <span class='ocr_line' id='line_1_24' title="bbox 260 1904 2133 1952; baseline 0.002 -13"><span class='ocrx_word' id='word_1_267' title='bbox 260 1904 378 1951; x_wconf 87' lang='lat' dir='ltr'>potiti,</span> <span class='ocrx_word' id='word_1_268' title='bbox 410 1905 693 1939; x_wconf 83' lang='lat' dir='ltr'>conniventibus</span> <span class='ocrx_word' id='word_1_269' title='bbox 724 1906 899 1951; x_wconf 81' lang='lat' dir='ltr'>episcopo</span> <span class='ocrx_word' id='word_1_270' title='bbox 929 1913 965 1940; x_wconf 86' lang='lat' dir='ltr'>ct</span> <span class='ocrx_word' id='word_1_271' title='bbox 990 1906 1207 1940; x_wconf 89' lang='lat' dir='ltr'>cancellario</span> <span class='ocrx_word' id='word_1_272' title='bbox 1242 1906 1527 1948; x_wconf 87' lang='lat' dir='ltr'>Parisiensibus,</span> <span class='ocrx_word' id='word_1_273' title='bbox 1555 1907 1618 1952; x_wconf 90' lang='lat' dir='ltr'>qui</span> <span class='ocrx_word' id='word_1_274' title='bbox 1645 1913 1730 1940; x_wconf 89' lang='lat' dir='ltr'>tunc</span> <span class='ocrx_word' id='word_1_275' title='bbox 1761 1915 1875 1950; x_wconf 87' lang='lat' dir='ltr'>erant,</span> <span class='ocrx_word' id='word_1_276' title='bbox 1907 1909 1943 1941; x_wconf 91' lang='lat' dir='ltr'>in</span> <span class='ocrx_word' id='word_1_277' title='bbox 1971 1908 2133 1942; x_wconf 90' lang='lat' dir='ltr'>absentia</span> 
     </span>
     <span class='ocr_line' id='line_1_25' title="bbox 261 1971 2138 2021; baseline 0.002 -16"><span class='ocrx_word' id='word_1_278' title='bbox 261 1972 517 2018; x_wconf 89' lang='lat' dir='ltr'>magistrorum</span> <span class='ocrx_word' id='word_1_279' title='bbox 539 1971 743 2018; x_wconf 88' lang='lat' dir='ltr'>sollempne</span> <span class='ocrx_word' id='word_1_280' title='bbox 764 1973 1013 2019; x_wconf 87' lang='lat' dir='ltr'>magisterium</span> <span class='ocrx_word' id='word_1_281' title='bbox 1035 1980 1071 2006; x_wconf 89' lang='lat' dir='ltr'>et</span> <span class='ocrx_word' id='word_1_282' title='bbox 1092 1985 1198 2006; x_wconf 91' lang='lat' dir='ltr'>unam</span> <span class='ocrx_word' id='word_1_283' title='bbox 1220 1972 1464 2019; x_wconf 88' lang='lat' dir='ltr'>magistralem</span> <span class='ocrx_word' id='word_1_284' title='bbox 1486 1973 1691 2007; x_wconf 87' lang='lat' dir='ltr'>cathedram</span> <span class='ocrx_word' id='word_1_285' title='bbox 1713 1981 1799 2008; x_wconf 88' lang='lat' dir='ltr'>sunt</span> <span class='ocrx_word' id='word_1_286' title='bbox 1818 1975 1973 2021; x_wconf 77' lang='lat' dir='ltr'>adepti³.</span> <span class='ocrx_word' id='word_1_287' title='bbox 1996 1975 2138 2009; x_wconf 88' lang='lat' dir='ltr'>Deinde</span> 
     </span>
     <span class='ocr_line' id='line_1_26' title="bbox 261 2038 2139 2089; baseline 0.002 -17"><span class='ocrx_word' id='word_1_288' title='bbox 261 2038 383 2072; x_wconf 88' lang='lat' dir='ltr'>studio</span> <span class='ocrx_word' id='word_1_289' title='bbox 410 2045 537 2073; x_wconf 89' lang='lat' dir='ltr'>nostro</span> <span class='ocrx_word' id='word_1_290' title='bbox 567 2039 767 2085; x_wconf 88' lang='lat' dir='ltr'>apostolica</span> <span class='ocrx_word' id='word_1_291' title='bbox 795 2040 1006 2085; x_wconf 90' lang='lat' dir='ltr'>provisione</span> <span class='ocrx_word' id='word_1_292' title='bbox 1033 2040 1194 2073; x_wconf 85' lang='lat' dir='ltr'>Parisius</span> <span class='ocrx_word' id='word_1_293' title='bbox 1222 2040 1431 2081; x_wconf 79' lang='lat' dir='ltr'>reformato,</span> <span class='ocrx_word' id='word_1_294' title='bbox 1460 2052 1526 2086; x_wconf 91' lang='lat' dir='ltr'>per</span> <span class='ocrx_word' id='word_1_295' title='bbox 1553 2041 1703 2074; x_wconf 89' lang='lat' dir='ltr'>eandem</span> <span class='ocrx_word' id='word_1_296' title='bbox 1729 2041 1935 2075; x_wconf 87' lang='lat' dir='ltr'>cathedram</span> <span class='ocrx_word' id='word_1_297' title='bbox 1964 2043 2139 2089; x_wconf 86' lang='lat' dir='ltr'>multipli-</span> 
     </span>
     <span class='ocr_line' id='line_1_27' title="bbox 261 2105 2138 2155; baseline 0.003 -17"><span class='ocrx_word' id='word_1_298' title='bbox 261 2105 351 2139; x_wconf 84' lang='lat' dir='ltr'>catis</span> <span class='ocrx_word' id='word_1_299' title='bbox 381 2105 454 2139; x_wconf 89' lang='lat' dir='ltr'>sibi</span> <span class='ocrx_word' id='word_1_300' title='bbox 483 2105 698 2140; x_wconf 89' lang='lat' dir='ltr'>doctoribus</span> <span class='ocrx_word' id='word_1_301' title='bbox 727 2106 938 2140; x_wconf 85' lang='lat' dir='ltr'>successive</span> <span class='ocrx_word' id='word_1_302' title='bbox 967 2113 1088 2152; x_wconf 88' lang='lat' dir='ltr'>preter</span> <span class='ocrx_word' id='word_1_303' title='bbox 1115 2106 1335 2140; x_wconf 85' lang='lat' dir='ltr'>voluntatem</span> <span class='ocrx_word' id='word_1_304' title='bbox 1369 2107 1576 2140; x_wconf 89' lang='lat' dir='ltr'>cancellarii</span> <span class='ocrx_word' id='word_1_305' title='bbox 1611 2108 1671 2153; x_wconf 91' lang='lat' dir='ltr'>qui</span> <span class='ocrx_word' id='word_1_306' title='bbox 1703 2115 1787 2141; x_wconf 80' lang='lat' dir='ltr'>tunc</span> <span class='ocrx_word' id='word_1_307' title='bbox 1818 2116 1906 2151; x_wconf 83' lang='lat' dir='ltr'>erat,</span> <span class='ocrx_word' id='word_1_308' title='bbox 1939 2110 2138 2155; x_wconf 82' lang='lat' dir='ltr'>majoribus</span> 
     </span>
     <span class='ocr_line' id='line_1_28' title="bbox 262 2171 2136 2219; baseline 0.003 -14"><span class='ocrx_word' id='word_1_309' title='bbox 262 2171 413 2212; x_wconf 85' lang='lat' dir='ltr'>nostris,</span> <span class='ocrx_word' id='word_1_310' title='bbox 447 2172 510 2217; x_wconf 92' lang='lat' dir='ltr'>qui</span> <span class='ocrx_word' id='word_1_311' title='bbox 540 2172 701 2206; x_wconf 91' lang='lat' dir='ltr'>nondum</span> <span class='ocrx_word' id='word_1_312' title='bbox 734 2172 817 2206; x_wconf 88' lang='lat' dir='ltr'>aliis</span> <span class='ocrx_word' id='word_1_313' title='bbox 852 2173 1074 2219; x_wconf 85' lang='lat' dir='ltr'>regularium</span> <span class='ocrx_word' id='word_1_314' title='bbox 1105 2173 1382 2207; x_wconf 82' lang='lat' dir='ltr'>scolasticorum</span> <span class='ocrx_word' id='word_1_315' title='bbox 1412 2174 1655 2207; x_wconf 86' lang='lat' dir='ltr'>conventibus</span> <span class='ocrx_word' id='word_1_316' title='bbox 1684 2175 1928 2218; x_wconf 83' lang='lat' dir='ltr'>arctabantur,</span> <span class='ocrx_word' id='word_1_317' title='bbox 1963 2177 2136 2210; x_wconf 88' lang='lat' dir='ltr'>dissimu-</span> 
     </span>
     <span class='ocr_line' id='line_1_29' title="bbox 261 2237 2138 2288; baseline 0.003 -17"><span class='ocrx_word' id='word_1_318' title='bbox 261 2237 435 2279; x_wconf 77' lang='lat' dir='ltr'>lantibus,</span> <span class='ocrx_word' id='word_1_319' title='bbox 456 2250 521 2284; x_wconf 89' lang='lat' dir='ltr'>per</span> <span class='ocrx_word' id='word_1_320' title='bbox 541 2239 686 2285; x_wconf 87' lang='lat' dir='ltr'>seipsos</span> <span class='ocrx_word' id='word_1_321' title='bbox 706 2240 903 2273; x_wconf 89' lang='lat' dir='ltr'>secundam</span> <span class='ocrx_word' id='word_1_322' title='bbox 924 2239 1129 2274; x_wconf 89' lang='lat' dir='ltr'>cathedram</span> <span class='ocrx_word' id='word_1_323' title='bbox 1149 2247 1356 2282; x_wconf 75' lang='lat' dir='ltr'>erexerunt,</span> <span class='ocrx_word' id='word_1_324' title='bbox 1380 2247 1415 2274; x_wconf 91' lang='lat' dir='ltr'>et</span> <span class='ocrx_word' id='word_1_325' title='bbox 1434 2252 1496 2274; x_wconf 86' lang='lat' dir='ltr'>eas</span> <span class='ocrx_word' id='word_1_326' title='bbox 1513 2240 1637 2274; x_wconf 88' lang='lat' dir='ltr'>ambas</span> <span class='ocrx_word' id='word_1_327' title='bbox 1656 2241 1788 2275; x_wconf 86' lang='lat' dir='ltr'>talibus</span> <span class='ocrx_word' id='word_1_328' title='bbox 1807 2242 1921 2275; x_wconf 85' lang='lat' dir='ltr'>titulis</span> <span class='ocrx_word' id='word_1_329' title='bbox 1941 2243 2138 2288; x_wconf 89' lang='lat' dir='ltr'>acquisitas</span> 
     </span>
     <span class='ocr_line' id='line_1_30' title="bbox 261 2304 2134 2352; baseline 0.003 -14"><span class='ocrx_word' id='word_1_330' title='bbox 261 2304 471 2350; x_wconf 86' lang='lat' dir='ltr'>aliquandiu</span> <span class='ocrx_word' id='word_1_331' title='bbox 492 2311 699 2339; x_wconf 86' lang='lat' dir='ltr'>tenuerunt.</span> <span class='ocrx_word' id='word_1_332' title='bbox 722 2307 835 2340; x_wconf 91' lang='lat' dir='ltr'>Porro</span> <span class='ocrx_word' id='word_1_333' title='bbox 856 2313 1019 2352; x_wconf 89' lang='lat' dir='ltr'>tempore</span> <span class='ocrx_word' id='word_1_334' title='bbox 1042 2307 1262 2352; x_wconf 89' lang='lat' dir='ltr'>procedente</span> <span class='ocrx_word' id='word_1_335' title='bbox 1283 2307 1560 2340; x_wconf 89' lang='lat' dir='ltr'>considerantes</span> <span class='ocrx_word' id='word_1_336' title='bbox 1586 2309 1742 2352; x_wconf 81' lang='lat' dir='ltr'>majores</span> <span class='ocrx_word' id='word_1_337' title='bbox 1768 2310 1881 2341; x_wconf 88' lang='lat' dir='ltr'>nostri</span> <span class='ocrx_word' id='word_1_338' title='bbox 1909 2310 2134 2343; x_wconf 86' lang='lat' dir='ltr'>diversarum</span> 
     </span>
     <span class='ocr_line' id='line_1_31' title="bbox 262 2370 2136 2418; baseline 0.003 -13"><span class='ocrx_word' id='word_1_339' title='bbox 262 2370 481 2417; x_wconf 86' lang='lat' dir='ltr'>religionum</span> <span class='ocrx_word' id='word_1_340' title='bbox 515 2373 548 2417; x_wconf 85' lang='lat' dir='ltr'>vj</span> <span class='ocrx_word' id='word_1_341' title='bbox 582 2371 751 2418; x_wconf 80' lang='lat' dir='ltr'>collegia,</span> <span class='ocrx_word' id='word_1_342' title='bbox 786 2372 957 2407; x_wconf 91' lang='lat' dir='ltr'>videlicet</span> <span class='ocrx_word' id='word_1_343' title='bbox 989 2373 1119 2407; x_wconf 80' lang='lat' dir='ltr'>fratres</span> <span class='ocrx_word' id='word_1_344' title='bbox 1147 2373 1474 2414; x_wconf 84' lang='lat' dir='ltr'>Clarevallenses⁰,</span> <span class='ocrx_word' id='word_1_345' title='bbox 1510 2375 1905 2416; x_wconf 84' lang='lat' dir='ltr'>Premonstratcnses⁷,</span> <span class='ocrx_word' id='word_1_346' title='bbox 1940 2376 1985 2409; x_wconf 89' lang='lat' dir='ltr'>de</span> <span class='ocrx_word' id='word_1_347' title='bbox 2015 2377 2136 2411; x_wconf 88' lang='lat' dir='ltr'>Valle-</span> 
     </span>
    </p>
   </div>
   <div class='ocr_carea' id='block_1_4' title="bbox 262 2437 486 2472">
    <p class='ocr_par' dir='ltr' id='par_1_4' title="bbox 262 2437 486 2472">
     <span class='ocr_line' id='line_1_32' title="bbox 262 2437 486 2472; baseline 0 -1"><span class='ocrx_word' id='word_1_348' title='bbox 262 2437 461 2472; x_wconf 89' lang='lat' dir='ltr'>Scolarium</span> <span class='ocrx_word' id='word_1_349' title='bbox 473 2437 486 2455; x_wconf 86' lang='lat'>⁸</span> 
     </span>
    </p>
   </div>
   <div class='ocr_carea' id='block_1_5' title="bbox 258 2438 2135 2952">
    <p class='ocr_par' dir='ltr' id='par_1_5' title="bbox 258 2438 2135 2952">
     <span class='ocr_line' id='line_1_33' title="bbox 489 2438 2134 2488; baseline 0.003 -16"><span class='ocrx_word' id='word_1_350' title='bbox 489 2464 498 2480; x_wconf 86' lang='lat'>,</span> <span class='ocrx_word' id='word_1_351' title='bbox 533 2438 578 2472; x_wconf 92' lang='lat' dir='ltr'>de</span> <span class='ocrx_word' id='word_1_352' title='bbox 613 2438 751 2472; x_wconf 90' lang='lat' dir='ltr'>Ordine</span> <span class='ocrx_word' id='word_1_353' title='bbox 785 2439 1007 2480; x_wconf 83' lang='lat' dir='ltr'>Trinitatis’,</span> <span class='ocrx_word' id='word_1_354' title='bbox 1039 2440 1169 2473; x_wconf 84' lang='lat' dir='ltr'>fratres</span> <span class='ocrx_word' id='word_1_355' title='bbox 1199 2439 1411 2479; x_wconf 82' lang='lat' dir='ltr'>Minores¹⁸,</span> <span class='ocrx_word' id='word_1_356' title='bbox 1447 2446 1568 2484; x_wconf 91' lang='lat' dir='ltr'>preter</span> <span class='ocrx_word' id='word_1_357' title='bbox 1601 2439 1693 2473; x_wconf 83' lang='lat' dir='ltr'>alios</span> <span class='ocrx_word' id='word_1_358' title='bbox 1723 2441 1910 2486; x_wconf 83' lang='lat' dir='ltr'>regulares</span> <span class='ocrx_word' id='word_1_359' title='bbox 1940 2443 2035 2488; x_wconf 90' lang='lat' dir='ltr'>apud</span> <span class='ocrx_word' id='word_1_360' title='bbox 2066 2456 2134 2477; x_wconf 85' lang='lat' dir='ltr'>nos</span> 
     </span>
     <span class='ocr_line' id='line_1_34' title="bbox 261 2503 2135 2551; baseline 0.003 -13"><span class='ocrx_word' id='word_1_361' title='bbox 261 2503 416 2551; x_wconf 88' lang='lat' dir='ltr'>collegia</span> <span class='ocrx_word' id='word_1_362' title='bbox 455 2516 528 2538; x_wconf 93' lang='lat' dir='ltr'>non</span> <span class='ocrx_word' id='word_1_363' title='bbox 566 2504 755 2547; x_wconf 78' lang='lat' dir='ltr'>habentes,</span> <span class='ocrx_word' id='word_1_364' title='bbox 795 2518 902 2539; x_wconf 87' lang='lat' dir='ltr'>causa</span> <span class='ocrx_word' id='word_1_365' title='bbox 936 2505 1102 2539; x_wconf 90' lang='lat' dir='ltr'>discendi</span> <span class='ocrx_word' id='word_1_366' title='bbox 1142 2518 1263 2539; x_wconf 86' lang='lat' dir='ltr'>sacras</span> <span class='ocrx_word' id='word_1_367' title='bbox 1298 2506 1436 2539; x_wconf 87' lang='lat' dir='ltr'>litteras</span> <span class='ocrx_word' id='word_1_368' title='bbox 1470 2506 1631 2540; x_wconf 88' lang='lat' dir='ltr'>Parisius</span> <span class='ocrx_word' id='word_1_369' title='bbox 1664 2508 1896 2550; x_wconf 86' lang='lat' dir='ltr'>convenisse,</span> <span class='ocrx_word' id='word_1_370' title='bbox 1936 2516 1972 2543; x_wconf 91' lang='lat' dir='ltr'>et</span> <span class='ocrx_word' id='word_1_371' title='bbox 2010 2510 2046 2543; x_wconf 91' lang='lat' dir='ltr'>in</span> <span class='ocrx_word' id='word_1_372' title='bbox 2081 2512 2135 2545; x_wconf 86' lang='lat' dir='ltr'>eis</span> 
     </span>
     <span class='ocr_line' id='line_1_35' title="bbox 261 2571 2132 2621; baseline 0.003 -16"><span class='ocrx_word' id='word_1_373' title='bbox 261 2571 437 2617; x_wconf 86' lang='lat' dir='ltr'>quosdam</span> <span class='ocrx_word' id='word_1_374' title='bbox 466 2583 582 2617; x_wconf 87' lang='lat' dir='ltr'>usque</span> <span class='ocrx_word' id='word_1_375' title='bbox 608 2572 652 2606; x_wconf 88' lang='lat' dir='ltr'>ad</span> <span class='ocrx_word' id='word_1_376' title='bbox 679 2571 883 2606; x_wconf 87' lang='lat' dir='ltr'>cathedram</span> <span class='ocrx_word' id='word_1_377' title='bbox 914 2572 1114 2618; x_wconf 80' lang='lat' dir='ltr'>profecisse</span> <span class='ocrx_word' id='word_1_378' title='bbox 1138 2584 1144 2606; x_wconf 92' lang='lat'>:</span> <span class='ocrx_word' id='word_1_379' title='bbox 1167 2572 1258 2606; x_wconf 83' lang='lat' dir='ltr'>alios</span> <span class='ocrx_word' id='word_1_380' title='bbox 1286 2584 1372 2606; x_wconf 91' lang='lat' dir='ltr'>vero</span> <span class='ocrx_word' id='word_1_381' title='bbox 1403 2572 1564 2606; x_wconf 88' lang='lat' dir='ltr'>nondum</span> <span class='ocrx_word' id='word_1_382' title='bbox 1593 2580 1842 2619; x_wconf 85' lang='lat' dir='ltr'>competenter</span> <span class='ocrx_word' id='word_1_383' title='bbox 1872 2583 2064 2621; x_wconf 87' lang='lat' dir='ltr'>provectos</span> <span class='ocrx_word' id='word_1_384' title='bbox 2089 2578 2132 2611; x_wconf 87' lang='lat' dir='ltr'>ad</span> 
     </span>
     <span class='ocr_line' id='line_1_36' title="bbox 259 2637 2132 2689; baseline 0.003 -18"><span class='ocrx_word' id='word_1_385' title='bbox 259 2637 450 2672; x_wconf 86' lang='lat' dir='ltr'>cathedras</span> <span class='ocrx_word' id='word_1_386' title='bbox 484 2638 725 2685; x_wconf 82' lang='lat' dir='ltr'>magistrales,</span> <span class='ocrx_word' id='word_1_387' title='bbox 761 2639 962 2673; x_wconf 86' lang='lat' dir='ltr'>secundum</span> <span class='ocrx_word' id='word_1_388' title='bbox 998 2639 1096 2685; x_wconf 89' lang='lat' dir='ltr'>quod</span> <span class='ocrx_word' id='word_1_389' title='bbox 1131 2646 1167 2673; x_wconf 87' lang='lat' dir='ltr'>et</span> <span class='ocrx_word' id='word_1_390' title='bbox 1200 2639 1271 2685; x_wconf 87' lang='lat' dir='ltr'>ipsi</span> <span class='ocrx_word' id='word_1_391' title='bbox 1304 2646 1486 2682; x_wconf 82' lang='lat' dir='ltr'>asserunt,</span> <span class='ocrx_word' id='word_1_392' title='bbox 1522 2651 1698 2685; x_wconf 89' lang='lat' dir='ltr'>processu</span> <span class='ocrx_word' id='word_1_393' title='bbox 1734 2642 1908 2687; x_wconf 89' lang='lat' dir='ltr'>temporis</span> <span class='ocrx_word' id='word_1_394' title='bbox 1946 2644 2132 2689; x_wconf 85' lang='lat' dir='ltr'>aspirare;</span> 
     </span>
     <span class='ocr_line' id='line_1_37' title="bbox 259 2704 2131 2753; baseline 0.003 -15"><span class='ocrx_word' id='word_1_395' title='bbox 259 2704 536 2739; x_wconf 85' lang='lat' dir='ltr'>considerantes</span> <span class='ocrx_word' id='word_1_396' title='bbox 570 2705 691 2747; x_wconf 87' lang='lat' dir='ltr'>etiam,</span> <span class='ocrx_word' id='word_1_397' title='bbox 725 2706 922 2739; x_wconf 91' lang='lat' dir='ltr'>canonicos</span> <span class='ocrx_word' id='word_1_398' title='bbox 952 2705 1108 2739; x_wconf 85' lang='lat' dir='ltr'>ecclesie</span> <span class='ocrx_word' id='word_1_399' title='bbox 1139 2706 1370 2747; x_wconf 83' lang='lat' dir='ltr'>Parisiensis,</span> <span class='ocrx_word' id='word_1_400' title='bbox 1400 2718 1555 2751; x_wconf 89' lang='lat' dir='ltr'>quorum</span> <span class='ocrx_word' id='word_1_401' title='bbox 1587 2713 1660 2740; x_wconf 87' lang='lat' dir='ltr'>tres</span> <span class='ocrx_word' id='word_1_402' title='bbox 1689 2708 1784 2753; x_wconf 85' lang='lat' dir='ltr'>apud</span> <span class='ocrx_word' id='word_1_403' title='bbox 1819 2720 1887 2742; x_wconf 91' lang='lat' dir='ltr'>nos</span> <span class='ocrx_word' id='word_1_404' title='bbox 1921 2709 1957 2742; x_wconf 87' lang='lat' dir='ltr'>in</span> <span class='ocrx_word' id='word_1_405' title='bbox 1992 2710 2131 2744; x_wconf 84' lang='lat' dir='ltr'>eisdem</span> 
     </span>
     <span class='ocr_line' id='line_1_38' title="bbox 258 2770 2132 2823; baseline 0.004 -18"><span class='ocrx_word' id='word_1_406' title='bbox 258 2770 392 2805; x_wconf 81' lang='lat' dir='ltr'>litteris</span> <span class='ocrx_word' id='word_1_407' title='bbox 429 2778 516 2806; x_wconf 87' lang='lat' dir='ltr'>sunt</span> <span class='ocrx_word' id='word_1_408' title='bbox 552 2779 738 2818; x_wconf 82' lang='lat' dir='ltr'>regentes,</span> <span class='ocrx_word' id='word_1_409' title='bbox 774 2784 963 2806; x_wconf 86' lang='lat' dir='ltr'>numerum</span> <span class='ocrx_word' id='word_1_410' title='bbox 999 2785 1105 2806; x_wconf 89' lang='lat' dir='ltr'>suum</span> <span class='ocrx_word' id='word_1_411' title='bbox 1144 2773 1344 2806; x_wconf 83' lang='lat' dir='ltr'>secundum</span> <span class='ocrx_word' id='word_1_412' title='bbox 1381 2773 1479 2818; x_wconf 89' lang='lat' dir='ltr'>quod</span> <span class='ocrx_word' id='word_1_413' title='bbox 1512 2773 1567 2807; x_wconf 90' lang='lat' dir='ltr'>eis</span> <span class='ocrx_word' id='word_1_414' title='bbox 1604 2785 1761 2819; x_wconf 87' lang='lat' dir='ltr'>persone</span> <span class='ocrx_word' id='word_1_415' title='bbox 1801 2783 2000 2821; x_wconf 83' lang='lat' dir='ltr'>suppetunt</span> <span class='ocrx_word' id='word_1_416' title='bbox 2031 2778 2132 2823; x_wconf 84' lang='lat' dir='ltr'>juxta</span> 
     </span>
     <span class='ocr_line' id='line_1_39' title="bbox 259 2837 2133 2885; baseline 0.004 -14"><span class='ocrx_word' id='word_1_417' title='bbox 259 2847 398 2871; x_wconf 88' lang='lat' dir='ltr'>morem</span> <span class='ocrx_word' id='word_1_418' title='bbox 425 2837 581 2872; x_wconf 86' lang='lat' dir='ltr'>ecclesie</span> <span class='ocrx_word' id='word_1_419' title='bbox 607 2851 673 2873; x_wconf 88' lang='lat' dir='ltr'>sue</span> <span class='ocrx_word' id='word_1_420' title='bbox 702 2838 942 2885; x_wconf 87' lang='lat' dir='ltr'>multiplicare</span> <span class='ocrx_word' id='word_1_421' title='bbox 969 2840 1231 2881; x_wconf 80' lang='lat' dir='ltr'>consuevisse3</span> <span class='ocrx_word' id='word_1_422' title='bbox 1260 2839 1489 2873; x_wconf 87' lang='lat' dir='ltr'>attendentes</span> <span class='ocrx_word' id='word_1_423' title='bbox 1517 2840 1789 2883; x_wconf 81' lang='lat' dir='ltr'>nichilominus,</span> <span class='ocrx_word' id='word_1_424' title='bbox 1819 2849 1949 2876; x_wconf 86' lang='lat' dir='ltr'>statum</span> <span class='ocrx_word' id='word_1_425' title='bbox 1977 2844 2133 2878; x_wconf 81' lang='lat' dir='ltr'>civitatis</span> 
     </span>
     <span class='ocr_line' id='line_1_40' title="bbox 260 2902 2131 2952; baseline 0.003 -14"><span class='ocrx_word' id='word_1_426' title='bbox 260 2909 298 2938; x_wconf 75' lang='lat' dir='ltr'>et</span> <span class='ocrx_word' id='word_1_427' title='bbox 322 2902 548 2939; x_wconf 83' lang='lat' dir='ltr'>honestatem</span> <span class='ocrx_word' id='word_1_428' title='bbox 577 2904 782 2952; x_wconf 85' lang='lat' dir='ltr'>theologice</span> <span class='ocrx_word' id='word_1_429' title='bbox 813 2906 993 2940; x_wconf 83' lang='lat' dir='ltr'>facultatis</span> <span class='ocrx_word' id='word_1_430' title='bbox 1020 2906 1221 2940; x_wconf 81' lang='lat' dir='ltr'>secundum</span> <span class='ocrx_word' id='word_1_431' title='bbox 1250 2913 1422 2940; x_wconf 86' lang='lat' dir='ltr'>statutum</span> <span class='ocrx_word' id='word_1_432' title='bbox 1449 2906 1722 2952; x_wconf 79' lang='lat' dir='ltr'>apostolicum¹¹</span> <span class='ocrx_word' id='word_1_433' title='bbox 1749 2921 1767 2941; x_wconf 88' lang='lat' dir='ltr'>a</span> <span class='ocrx_word' id='word_1_434' title='bbox 1792 2909 2008 2943; x_wconf 86' lang='lat' dir='ltr'>cancellario</span> <span class='ocrx_word' id='word_1_435' title='bbox 2035 2911 2131 2944; x_wconf 88' lang='lat' dir='ltr'>Pari-</span> 
     </span>
    </p>
   </div>
   <div class='ocr_carea' id='block_1_6' title="bbox 261 2970 2130 3022">
    <p class='ocr_par' dir='ltr' id='par_1_6' title="bbox 261 2970 2130 3022">
     <span class='ocr_line' id='line_1_41' title="bbox 261 2970 2130 3022; baseline 0.004 -19"><span class='ocrx_word' id='word_1_436' title='bbox 261 2970 376 3007; x_wconf 72' lang='lat' dir='ltr'>aiensi</span> <span class='ocrx_word' id='word_1_437' title='bbox 409 2977 446 3005; x_wconf 89' lang='lat' dir='ltr'>et</span> <span class='ocrx_word' id='word_1_438' title='bbox 476 2982 494 3005; x_wconf 87' lang='lat' dir='ltr'>a</span> <span class='ocrx_word' id='word_1_439' title='bbox 522 2971 688 3018; x_wconf 66' lang='lat' dir='ltr'>‚singulis</span> <span class='ocrx_word' id='word_1_440' title='bbox 722 2973 978 3019; x_wconf 84' lang='lat' dir='ltr'>magistrorum</span> <span class='ocrx_word' id='word_1_441' title='bbox 1015 2972 1199 3019; x_wconf 82' lang='lat' dir='ltr'>theologie</span> <span class='ocrx_word' id='word_1_442' title='bbox 1229 2974 1388 3019; x_wconf 85' lang='lat' dir='ltr'>juratum</span> <span class='ocrx_word' id='word_1_443' title='bbox 1423 2973 1482 3007; x_wconf 90' lang='lat' dir='ltr'>vix</span> <span class='ocrx_word' id='word_1_444' title='bbox 1516 2985 1625 3019; x_wconf 87' lang='lat' dir='ltr'>posse</span> <span class='ocrx_word' id='word_1_445' title='bbox 1661 2974 1696 3007; x_wconf 92' lang='lat' dir='ltr'>in</span> <span class='ocrx_word' id='word_1_446' title='bbox 1730 2975 1854 3008; x_wconf 86' lang='lat' dir='ltr'>cadem</span> <span class='ocrx_word' id='word_1_447' title='bbox 1890 2976 2055 3010; x_wconf 76' lang='lat' dir='ltr'>stneultate</span> <span class='ocrx_word' id='word_1_448' title='bbox 2084 2978 2130 3022; x_wconf 87' lang='lat' dir='ltr'>xij</span> 
     </span>
    </p>
   </div>
  </div>
 </body>
</html>
