<?xml version="1.0" encoding="UTF-8"?>
<!DOCTYPE html PUBLIC "-//W3C//DTD XHTML 1.0 Transitional//EN"
    "http://www.w3.org/TR/xhtml1/DTD/xhtml1-transitional.dtd">
<html xmlns="http://www.w3.org/1999/xhtml" xml:lang="en" lang="en">
 <head>
  <title>
</title>
<meta http-equiv="Content-Type" content="text/html;charset=utf-8" />
  <meta name='ocr-system' content='tesseract 3.04.00' />
  <meta name='ocr-capabilities' content='ocr_page ocr_carea ocr_par ocr_line ocrx_word'/>
</head>
<body>
  <div class='ocr_page' id='page_1' title='image "./chartulariumuniv01univuoft_0505.png"; bbox 0 0 2580 3528; ppageno 0'>
   <div class='ocr_carea' id='block_1_1' title="bbox 0 0 87 3528">
    <p class='ocr_par' dir='ltr' id='par_1_1' title="bbox 0 0 87 3528">
     <span class='ocr_line' id='line_1_1' title="bbox 0 0 87 3528; baseline 0 0"><span class='ocrx_word' id='word_1_1' title='bbox 0 0 87 3528; x_wconf 95' lang='lat' dir='ltr'> </span> 
     </span>
    </p>
   </div>
   <div class='ocr_carea' id='block_1_2' title="bbox 255 403 2131 450">
    <p class='ocr_par' dir='ltr' id='par_1_2' title="bbox 255 403 2131 450">
     <span class='ocr_line' id='line_1_2' title="bbox 255 403 2131 450; baseline -0.001 -11"><span class='ocrx_word' id='word_1_2' title='bbox 255 403 356 450; x_wconf 86' lang='lat'>1267]</span> <span class='ocrx_word' id='word_1_3' title='bbox 597 413 645 437; x_wconf 68' lang='lat' dir='ltr'>An</span> <span class='ocrx_word' id='word_1_4' title='bbox 677 413 784 436; x_wconf 59' lang='lat' dir='ltr'>suno</span> <span class='ocrx_word' id='word_1_5' title='bbox 818 412 896 436; x_wconf 70' lang='lat' dir='ltr'>nec</span> <span class='ocrx_word' id='word_1_6' title='bbox 929 412 1063 442; x_wconf 78' lang='lat' dir='ltr'>usous.</span> <span class='ocrx_word' id='word_1_7' title='bbox 1097 412 1146 434; x_wconf 57' lang='lat' dir='ltr'>sn</span> <span class='ocrx_word' id='word_1_8' title='bbox 1181 412 1411 434; x_wconf 71' lang='lat' dir='ltr'>rmnrrun</span> <span class='ocrx_word' id='word_1_9' title='bbox 1445 412 1486 434; x_wconf 79' lang='lat' dir='ltr'>iv</span> <span class='ocrx_word' id='word_1_10' title='bbox 1519 411 1610 435; x_wconf 71' lang='lat' dir='ltr'>nse.</span> <span class='ocrx_word' id='word_1_11' title='bbox 1646 412 1784 435; x_wconf 66' lang='lat' dir='ltr'>ammo.</span> <span class='ocrx_word' id='word_1_12' title='bbox 2065 403 2131 437; x_wconf 89' lang='grc'>463</span> 
     </span>
    </p>
   </div>
   <div class='ocr_carea' id='block_1_3' title="bbox 247 484 2131 933">
    <p class='ocr_par' dir='ltr' id='par_1_3' title="bbox 249 484 2130 800">
     <span class='ocr_line' id='line_1_3' title="bbox 341 484 2130 522; baseline -0.001 -1"><span class='ocrx_word' id='word_1_13' title='bbox 341 489 431 522; x_wconf 89' lang='lat' dir='ltr'>Item</span> <span class='ocrx_word' id='word_1_14' title='bbox 455 486 544 521; x_wconf 82' lang='lat' dir='ltr'>alias</span> <span class='ocrx_word' id='word_1_15' title='bbox 569 486 708 520; x_wconf 74' lang='lat' dir='ltr'><strong>litteras</strong></span> <span class='ocrx_word' id='word_1_16' title='bbox 733 486 772 520; x_wconf 89' lang='lat' dir='ltr'>in</span> <span class='ocrx_word' id='word_1_17' title='bbox 795 485 863 520; x_wconf 89' lang='lat' dir='ltr'>hec</span> <span class='ocrx_word' id='word_1_18' title='bbox 887 485 998 520; x_wconf 87' lang='lat' dir='ltr'>verba</span> <span class='ocrx_word' id='word_1_19' title='bbox 1021 497 1028 519; x_wconf 92' lang='lat'>:</span> <span class='ocrx_word' id='word_1_20' title='bbox 1052 485 1119 519; x_wconf 90' lang='lat' dir='ltr'>Die</span> <span class='ocrx_word' id='word_1_21' title='bbox 1140 485 1312 519; x_wconf 86' lang='lat' dir='ltr'>mercurii</span> <span class='ocrx_word' id='word_1_22' title='bbox 1331 492 1414 519; x_wconf 88' lang='lat' dir='ltr'>ante</span> <span class='ocrx_word' id='word_1_23' title='bbox 1433 485 1567 519; x_wconf 85' lang='lat' dir='ltr'>festum</span> <span class='ocrx_word' id='word_1_24' title='bbox 1592 484 1688 519; x_wconf 88' lang='lat' dir='ltr'>beati</span> <span class='ocrx_word' id='word_1_25' title='bbox 1708 485 1932 519; x_wconf 86' lang='lat' dir='ltr'>Vincentii¹⁰</span> <span class='ocrx_word' id='word_1_26' title='bbox 1959 493 2015 520; x_wconf 88' lang='lat' dir='ltr'>est</span> <span class='ocrx_word' id='word_1_27' title='bbox 2038 487 2130 520; x_wconf 86' lang='lat' dir='ltr'>assi-</span> 
     </span>
     <span class='ocr_line' id='line_1_4' title="bbox 251 552 2130 601; baseline -0.001 -13"><span class='ocrx_word' id='word_1_28' title='bbox 251 561 360 601; x_wconf 80' lang='lat' dir='ltr'>gnata</span> <span class='ocrx_word' id='word_1_29' title='bbox 385 565 506 588; x_wconf 86' lang='lat' dir='ltr'>coram</span> <span class='ocrx_word' id='word_1_30' title='bbox 533 553 642 587; x_wconf 90' lang='lat' dir='ltr'>nobis</span> <span class='ocrx_word' id='word_1_31' title='bbox 669 553 844 599; x_wconf 82' lang='lat' dir='ltr'>magistro</span> <span class='ocrx_word' id='word_1_32' title='bbox 869 552 1074 587; x_wconf 89' lang='lat' dir='ltr'>Guillermo</span> <span class='ocrx_word' id='word_1_33' title='bbox 1099 552 1196 587; x_wconf 84' lang='lat' dir='ltr'>dicto</span> <span class='ocrx_word' id='word_1_34' title='bbox 1222 552 1354 598; x_wconf 85' lang='lat' dir='ltr'>Rigaut</span> <span class='ocrx_word' id='word_1_35' title='bbox 1374 564 1418 586; x_wconf 92' lang='lat' dir='ltr'>ex</span> <span class='ocrx_word' id='word_1_36' title='bbox 1443 563 1513 585; x_wconf 86' lang='lat' dir='ltr'>una</span> <span class='ocrx_word' id='word_1_37' title='bbox 1538 558 1652 597; x_wconf 87' lang='lat' dir='ltr'>parte,</span> <span class='ocrx_word' id='word_1_38' title='bbox 1679 558 1715 585; x_wconf 92' lang='lat' dir='ltr'>et</span> <span class='ocrx_word' id='word_1_39' title='bbox 1738 552 1912 598; x_wconf 87' lang='lat' dir='ltr'>magistro</span> <span class='ocrx_word' id='word_1_40' title='bbox 1937 552 2058 586; x_wconf 91' lang='lat' dir='ltr'>Odoni</span> <span class='ocrx_word' id='word_1_41' title='bbox 2085 553 2130 587; x_wconf 92' lang='lat' dir='ltr'>de</span> 
     </span>
     <span class='ocr_line' id='line_1_5' title="bbox 251 618 2129 664; baseline -0.001 -9"><span class='ocrx_word' id='word_1_42' title='bbox 251 621 352 655; x_wconf 81' lang='lat' dir='ltr'>Bella</span> <span class='ocrx_word' id='word_1_43' title='bbox 377 620 481 655; x_wconf 80' lang='lat' dir='ltr'>Valle</span> <span class='ocrx_word' id='word_1_44' title='bbox 508 632 553 654; x_wconf 89' lang='lat' dir='ltr'>ex</span> <span class='ocrx_word' id='word_1_45' title='bbox 578 620 702 662; x_wconf 86' lang='lat' dir='ltr'>altera,</span> <span class='ocrx_word' id='word_1_46' title='bbox 734 631 843 654; x_wconf 85' lang='lat' dir='ltr'>causa</span> <span class='ocrx_word' id='word_1_47' title='bbox 869 620 959 654; x_wconf 81' lang='lat' dir='ltr'>facta</span> <span class='ocrx_word' id='word_1_48' title='bbox 985 626 1154 654; x_wconf 87' lang='lat' dir='ltr'>manente</span> <span class='ocrx_word' id='word_1_49' title='bbox 1188 619 1225 652; x_wconf 93' lang='lat' dir='ltr'>in</span> <span class='ocrx_word' id='word_1_50' title='bbox 1253 619 1382 653; x_wconf 91' lang='lat' dir='ltr'>eodem</span> <span class='ocrx_word' id='word_1_51' title='bbox 1413 625 1509 653; x_wconf 86' lang='lat' dir='ltr'>statu</span> <span class='ocrx_word' id='word_1_52' title='bbox 1536 618 1574 652; x_wconf 92' lang='lat' dir='ltr'>in</span> <span class='ocrx_word' id='word_1_53' title='bbox 1601 630 1674 664; x_wconf 94' lang='lat' dir='ltr'>quo</span> <span class='ocrx_word' id='word_1_54' title='bbox 1701 625 1778 652; x_wconf 90' lang='lat' dir='ltr'>erat</span> <span class='ocrx_word' id='word_1_55' title='bbox 1803 618 1862 652; x_wconf 91' lang='lat' dir='ltr'>die</span> <span class='ocrx_word' id='word_1_56' title='bbox 1892 619 2016 652; x_wconf 86' lang='lat' dir='ltr'>martis</span> <span class='ocrx_word' id='word_1_57' title='bbox 2047 626 2129 653; x_wconf 87' lang='lat' dir='ltr'>ante</span> 
     </span>
     <span class='ocr_line' id='line_1_6' title="bbox 249 685 2130 731; baseline -0.001 -9"><span class='ocrx_word' id='word_1_58' title='bbox 249 688 383 722; x_wconf 71' lang='lat' dir='ltr'>festum</span> <span class='ocrx_word' id='word_1_59' title='bbox 409 687 506 722; x_wconf 88' lang='lat' dir='ltr'>beati</span> <span class='ocrx_word' id='word_1_60' title='bbox 532 687 768 722; x_wconf 86' lang='lat' dir='ltr'>Vincentii¹¹.</span> <span class='ocrx_word' id='word_1_61' title='bbox 797 688 927 721; x_wconf 90' lang='lat' dir='ltr'>Datum</span> <span class='ocrx_word' id='word_1_62' title='bbox 953 699 1048 720; x_wconf 89' lang='lat' dir='ltr'>anno</span> <span class='ocrx_word' id='word_1_63' title='bbox 1078 686 1226 720; x_wconf 89' lang='lat' dir='ltr'>Domini</span> <span class='ocrx_word' id='word_1_64' title='bbox 1252 685 1448 720; x_wconf 88' lang='lat' dir='ltr'>millesimo</span> <span class='ocrx_word' id='word_1_65' title='bbox 1476 685 1730 719; x_wconf 89' lang='lat' dir='ltr'>ducentesimo</span> <span class='ocrx_word' id='word_1_66' title='bbox 1755 685 1986 731; x_wconf 87' lang='lat' dir='ltr'>sexagesimo</span> <span class='ocrx_word' id='word_1_67' title='bbox 2013 693 2130 728; x_wconf 87' lang='lat' dir='ltr'>sexto,</span> 
     </span>
     <span class='ocr_line' id='line_1_7' title="bbox 250 754 649 800; baseline 0 -12"><span class='ocrx_word' id='word_1_68' title='bbox 250 754 310 788; x_wconf 89' lang='lat' dir='ltr'>die</span> <span class='ocrx_word' id='word_1_69' title='bbox 330 754 455 788; x_wconf 84' lang='lat' dir='ltr'>martis</span> <span class='ocrx_word' id='word_1_70' title='bbox 475 754 649 800; x_wconf 85' lang='lat' dir='ltr'>predicta.</span> 
     </span>
    </p>

    <p class='ocr_par' dir='ltr' id='par_1_4' title="bbox 247 819 2131 933">
     <span class='ocr_line' id='line_1_8' title="bbox 338 819 2131 867; baseline -0.001 -12"><span class='ocrx_word' id='word_1_71' title='bbox 338 821 489 867; x_wconf 88' lang='lat' dir='ltr'>Copiam</span> <span class='ocrx_word' id='word_1_72' title='bbox 513 827 633 855; x_wconf 83' lang='lat' dir='ltr'>autem</span> <span class='ocrx_word' id='word_1_73' title='bbox 656 820 868 867; x_wconf 88' lang='lat' dir='ltr'>hujusmodi</span> <span class='ocrx_word' id='word_1_74' title='bbox 893 820 1094 854; x_wconf 87' lang='lat' dir='ltr'>litterarum</span> <span class='ocrx_word' id='word_1_75' title='bbox 1119 820 1274 854; x_wconf 86' lang='lat' dir='ltr'><strong>fecimus</strong></span> <span class='ocrx_word' id='word_1_76' title='bbox 1300 819 1370 853; x_wconf 88' lang='lat' dir='ltr'>sub</span> <span class='ocrx_word' id='word_1_77' title='bbox 1395 819 1520 866; x_wconf 84' lang='lat' dir='ltr'>sigillo</span> <span class='ocrx_word' id='word_1_78' title='bbox 1542 820 1642 853; x_wconf 87' lang='lat' dir='ltr'>curie</span> <span class='ocrx_word' id='word_1_79' title='bbox 1663 819 1897 862; x_wconf 79' lang='lat' dir='ltr'>Parisiensis,</span> <span class='ocrx_word' id='word_1_80' title='bbox 1923 819 2024 854; x_wconf 87' lang='lat' dir='ltr'>salvo</span> <span class='ocrx_word' id='word_1_81' title='bbox 2045 820 2131 865; x_wconf 90' lang='lat' dir='ltr'>jure</span> 
     </span>
     <span class='ocr_line' id='line_1_9' title="bbox 247 887 1070 933; baseline -0.002 -11"><span class='ocrx_word' id='word_1_82' title='bbox 247 887 457 933; x_wconf 80' lang='lat' dir='ltr'>cujuslibet.</span> <span class='ocrx_word' id='word_1_83' title='bbox 480 888 611 922; x_wconf 90' lang='lat' dir='ltr'>Datum</span> <span class='ocrx_word' id='word_1_84' title='bbox 630 899 726 921; x_wconf 89' lang='lat' dir='ltr'>anno</span> <span class='ocrx_word' id='word_1_85' title='bbox 747 894 783 921; x_wconf 91' lang='lat' dir='ltr'>et</span> <span class='ocrx_word' id='word_1_86' title='bbox 803 887 862 921; x_wconf 92' lang='lat' dir='ltr'>die</span> <span class='ocrx_word' id='word_1_87' title='bbox 883 887 1070 933; x_wconf 77' lang='lat' dir='ltr'>predictis.</span> 
     </span>
    </p>
   </div>
   <div class='ocr_carea' id='block_1_4' title="bbox 342 984 2132 1018">
    <p class='ocr_par' dir='ltr' id='par_1_5' title="bbox 342 984 2132 1018">
     <span class='ocr_line' id='line_1_10' title="bbox 342 984 2132 1018; baseline -0.001 -9"><span class='ocrx_word' id='word_1_88' title='bbox 342 984 479 1018; x_wconf 73' lang='lat' dir='ltr'>Originnle</span> <span class='ocrx_word' id='word_1_89' title='bbox 492 985 519 1009; x_wconf 88' lang='lat' dir='ltr'>in</span> <span class='ocrx_word' id='word_1_90' title='bbox 534 985 611 1010; x_wconf 77' lang='lat' dir='ltr'>Areh.</span> <span class='ocrx_word' id='word_1_91' title='bbox 626 984 748 1010; x_wconf 70' lang='lat' dir='ltr'>univers.</span> <span class='ocrx_word' id='word_1_92' title='bbox 765 985 860 1014; x_wconf 77' lang='lat' dir='ltr'>Paris..</span> <span class='ocrx_word' id='word_1_93' title='bbox 875 985 952 1010; x_wconf 76' lang='lat' dir='ltr'>theca</span> <span class='ocrx_word' id='word_1_94' title='bbox 971 986 1000 1009; x_wconf 88' lang='lat' dir='ltr'>V.</span> <span class='ocrx_word' id='word_1_95' title='bbox 1023 985 1054 1010; x_wconf 88' lang='grc' dir='ltr'>Β.</span> <span class='ocrx_word' id='word_1_96' title='bbox 1074 985 1097 1009; x_wconf 82' lang='grc'>2.</span> <span class='ocrx_word' id='word_1_97' title='bbox 1117 993 1143 1009; x_wconf 81' lang='lat' dir='ltr'>a.</span> <span class='ocrx_word' id='word_1_98' title='bbox 1162 985 1241 1009; x_wconf 82' lang='lat' dir='ltr'>Deest</span> <span class='ocrx_word' id='word_1_99' title='bbox 1259 984 1387 1017; x_wconf 73' lang='lat' dir='ltr'>sigillum.</span> <span class='ocrx_word' id='word_1_100' title='bbox 1407 998 1439 1002; x_wconf 91' lang='lat'>—</span> <span class='ocrx_word' id='word_1_101' title='bbox 1457 984 1595 1014; x_wconf 78' lang='lat' dir='ltr'>Jourdain,</span> <span class='ocrx_word' id='word_1_102' title='bbox 1615 988 1645 1008; x_wconf 85' lang='lat' dir='ltr'>n⁰</span> <span class='ocrx_word' id='word_1_103' title='bbox 1664 984 1718 1008; x_wconf 84' lang='grc'>212.</span> <span class='ocrx_word' id='word_1_104' title='bbox 1739 984 1930 1008; x_wconf 76' lang='lat' dir='ltr'>Documentum</span> <span class='ocrx_word' id='word_1_105' title='bbox 1951 987 2079 1016; x_wconf 77' lang='lat' dir='ltr'>quantum</span> <span class='ocrx_word' id='word_1_106' title='bbox 2098 984 2132 1008; x_wconf 79' lang='lat' dir='ltr'>ad</span> 
     </span>
    </p>
   </div>
   <div class='ocr_carea' id='block_1_5' title="bbox 247 1030 843 1062">
    <p class='ocr_par' dir='ltr' id='par_1_6' title="bbox 247 1030 843 1062">
     <span class='ocr_line' id='line_1_11' title="bbox 247 1030 843 1062; baseline 0 -8"><span class='ocrx_word' id='word_1_107' title='bbox 247 1033 324 1055; x_wconf 69' lang='lat' dir='ltr'>notan</span> <span class='ocrx_word' id='word_1_108' title='bbox 338 1030 540 1062; x_wconf 73' lang='lat' dir='ltr'>chronologicas</span> <span class='ocrx_word' id='word_1_109' title='bbox 555 1030 662 1054; x_wconf 84' lang='lat' dir='ltr'>minime</span> <span class='ocrx_word' id='word_1_110' title='bbox 676 1030 779 1054; x_wconf 79' lang='lat' dir='ltr'>clerum</span> <span class='ocrx_word' id='word_1_111' title='bbox 794 1033 843 1054; x_wconf 74' lang='lat' dir='ltr'>est.</span> 
     </span>
    </p>
   </div>
   <div class='ocr_carea' id='block_1_6' title="bbox 247 1112 2130 1191">
    <p class='ocr_par' dir='ltr' id='par_1_7' title="bbox 247 1112 2130 1191">
     <span class='ocr_line' id='line_1_12' title="bbox 342 1112 2130 1145; baseline -0.001 -7"><span class='ocrx_word' id='word_1_112' title='bbox 342 1115 364 1138; x_wconf 86' lang='lat'>1.</span> <span class='ocrx_word' id='word_1_113' title='bbox 389 1114 511 1139; x_wconf 67' lang='lat' dir='ltr'>sax-uarii</span> <span class='ocrx_word' id='word_1_114' title='bbox 531 1114 570 1138; x_wconf 81' lang='lat'>19.</span> <span class='ocrx_word' id='word_1_115' title='bbox 594 1128 627 1133; x_wconf 84' lang='lat'>-·</span> <span class='ocrx_word' id='word_1_116' title='bbox 645 1115 668 1139; x_wconf 87' lang='lat'>2.</span> <span class='ocrx_word' id='word_1_117' title='bbox 691 1114 844 1138; x_wconf 74' lang='lat' dir='ltr'>Decembris</span> <span class='ocrx_word' id='word_1_118' title='bbox 859 1115 898 1143; x_wconf 84' lang='lat'>28,</span> <span class='ocrx_word' id='word_1_119' title='bbox 914 1114 986 1138; x_wconf 73' lang='lat'>12⁶6.</span> <span class='ocrx_word' id='word_1_120' title='bbox 1000 1127 1032 1132; x_wconf 91' lang='lat'><em>·-—-</em></span> <span class='ocrx_word' id='word_1_121' title='bbox 1055 1115 1078 1138; x_wconf 86' lang='grc'>3.</span> <span class='ocrx_word' id='word_1_122' title='bbox 1101 1113 1254 1138; x_wconf 74' lang='lat' dir='ltr'>Decembris</span> <span class='ocrx_word' id='word_1_123' title='bbox 1278 1114 1317 1138; x_wconf 80' lang='lat'>29.</span> <span class='ocrx_word' id='word_1_124' title='bbox 1339 1127 1369 1132; x_wconf 89' lang='lat'>—</span> <span class='ocrx_word' id='word_1_125' title='bbox 1391 1114 1416 1138; x_wconf 77' lang='lat'>4.</span> <span class='ocrx_word' id='word_1_126' title='bbox 1439 1113 1460 1137; x_wconf 87' lang='lat'>1.</span> <span class='ocrx_word' id='word_1_127' title='bbox 1484 1121 1507 1137; x_wconf 88' lang='lat' dir='ltr'>e.</span> <span class='ocrx_word' id='word_1_128' title='bbox 1531 1115 1593 1145; x_wconf 75' lang='lat' dir='ltr'>post</span> <span class='ocrx_word' id='word_1_129' title='bbox 1613 1112 1800 1144; x_wconf 77' lang='lat' dir='ltr'>Epiphaniam,</span> <span class='ocrx_word' id='word_1_130' title='bbox 1820 1113 1942 1137; x_wconf 80' lang='lat' dir='ltr'>Januarii</span> <span class='ocrx_word' id='word_1_131' title='bbox 1965 1114 1987 1142; x_wconf 89' lang='lat'>7,</span> <span class='ocrx_word' id='word_1_132' title='bbox 2009 1114 2078 1137; x_wconf 76' lang='lat'>1267.</span> <span class='ocrx_word' id='word_1_133' title='bbox 2099 1127 2130 1132; x_wconf 91' lang='lat'>—-</span> 
     </span>
     <span class='ocr_line' id='line_1_13' title="bbox 247 1157 2128 1191; baseline -0.001 -7"><span class='ocrx_word' id='word_1_134' title='bbox 247 1162 271 1184; x_wconf 77' lang='lat'>5.</span> <span class='ocrx_word' id='word_1_135' title='bbox 282 1159 434 1184; x_wconf 67' lang='lat' dir='ltr'>Decembri·</span> <span class='ocrx_word' id='word_1_136' title='bbox 444 1160 483 1184; x_wconf 77' lang='lat'>29.</span> <span class='ocrx_word' id='word_1_137' title='bbox 493 1173 525 1178; x_wconf 91' lang='lat'>—</span> <span class='ocrx_word' id='word_1_138' title='bbox 534 1161 558 1183; x_wconf 84' lang='grc'>6.</span> <span class='ocrx_word' id='word_1_139' title='bbox 571 1159 610 1184; x_wconf 75' lang='lat' dir='ltr'>Cf.</span> <span class='ocrx_word' id='word_1_140' title='bbox 627 1167 709 1191; x_wconf 73' lang='lat' dir='ltr'>supra</span> <span class='ocrx_word' id='word_1_141' title='bbox 719 1163 750 1183; x_wconf 79' lang='lat' dir='ltr'>n⁰</span> <span class='ocrx_word' id='word_1_142' title='bbox 763 1160 820 1184; x_wconf 66' lang='lat'>¹100.</span> <span class='ocrx_word' id='word_1_143' title='bbox 829 1172 861 1178; x_wconf 88' lang='lat'>—·</span> <span class='ocrx_word' id='word_1_144' title='bbox 871 1160 893 1183; x_wconf 95' lang='lat'>7.</span> <span class='ocrx_word' id='word_1_145' title='bbox 902 1158 1024 1183; x_wconf 81' lang='lat' dir='ltr'>Januarii</span> <span class='ocrx_word' id='word_1_146' title='bbox 1033 1160 1056 1183; x_wconf 83' lang='lat'>8.</span> <span class='ocrx_word' id='word_1_147' title='bbox 1067 1172 1100 1177; x_wconf 97' lang='lat'><strong>—</strong></span> <span class='ocrx_word' id='word_1_148' title='bbox 1113 1159 1136 1183; x_wconf 86' lang='grc'>8.</span> <span class='ocrx_word' id='word_1_149' title='bbox 1148 1158 1271 1183; x_wconf 68' lang='lat' dir='ltr'>,Ianuarii</span> <span class='ocrx_word' id='word_1_150' title='bbox 1283 1159 1322 1183; x_wconf 84' lang='lat'>18.</span> <span class='ocrx_word' id='word_1_151' title='bbox 1332 1172 1364 1176; x_wconf 97' lang='lat'><strong>—</strong></span> <span class='ocrx_word' id='word_1_152' title='bbox 1373 1159 1396 1182; x_wconf 88' lang='lat'>9.</span> <span class='ocrx_word' id='word_1_153' title='bbox 1407 1157 1529 1182; x_wconf 77' lang='lat' dir='ltr'>Januarii</span> <span class='ocrx_word' id='word_1_154' title='bbox 1541 1158 1578 1182; x_wconf 83' lang='lat'>15.</span> <span class='ocrx_word' id='word_1_155' title='bbox 1589 1171 1621 1176; x_wconf 91' lang='lat'><strong>—</strong></span> <span class='ocrx_word' id='word_1_156' title='bbox 1632 1158 1671 1182; x_wconf 88' lang='grc'>10.</span> <span class='ocrx_word' id='word_1_157' title='bbox 1679 1157 1801 1182; x_wconf 79' lang='lat' dir='ltr'>Januarii</span> <span class='ocrx_word' id='word_1_158' title='bbox 1813 1158 1851 1182; x_wconf 82' lang='lat'>19.</span> <span class='ocrx_word' id='word_1_159' title='bbox 1863 1171 1894 1176; x_wconf 89' lang='lat'>—</span> <span class='ocrx_word' id='word_1_160' title='bbox 1904 1158 1942 1182; x_wconf 90' lang='lat'>11.</span> <span class='ocrx_word' id='word_1_161' title='bbox 1958 1158 2080 1182; x_wconf 78' lang='lat' dir='ltr'>Januarii</span> <span class='ocrx_word' id='word_1_162' title='bbox 2091 1159 2128 1182; x_wconf 82' lang='lat'>18.</span> 
     </span>
    </p>
   </div>
   <div class='ocr_carea' id='block_1_7' title="bbox 245 1335 2126 1430">
    <p class='ocr_par' dir='ltr' id='par_1_8' title="bbox 245 1335 2126 1430">
     <span class='ocr_line' id='line_1_14' title="bbox 245 1335 2126 1379; baseline -0.001 -9"><span class='ocrx_word' id='word_1_163' title='bbox 245 1335 360 1373; x_wconf 76' lang='lat'>415.</span> <span class='ocrx_word' id='word_1_164' title='bbox 383 1344 532 1371; x_wconf 74' lang='lat' dir='ltr'><em>Sententia</em></span> <span class='ocrx_word' id='word_1_165' title='bbox 548 1343 672 1370; x_wconf 79' lang='lat' dir='ltr'><em>Simonis</em></span> <span class='ocrx_word' id='word_1_166' title='bbox 687 1343 779 1379; x_wconf 78' lang='lat' dir='ltr'>legati</span> <span class='ocrx_word' id='word_1_167' title='bbox 793 1346 894 1370; x_wconf 77' lang='lat' dir='ltr'>contra</span> <span class='ocrx_word' id='word_1_168' title='bbox 909 1343 1079 1378; x_wconf 78' lang='lat' dir='ltr'>magistrum</span> <span class='ocrx_word' id='word_1_169' title='bbox 1097 1342 1269 1378; x_wconf 72' lang='lat' dir='ltr'>Confi-idum</span> <span class='ocrx_word' id='word_1_170' title='bbox 1289 1343 1458 1369; x_wconf 81' lang='lat' dir='ltr'>canonicum</span> <span class='ocrx_word' id='word_1_171' title='bbox 1477 1342 1682 1378; x_wconf 63' lang='lat' dir='ltr'>et—efficialem</span> <span class='ocrx_word' id='word_1_172' title='bbox 1696 1343 1900 1378; x_wconf 51' lang='lat' dir='ltr'>Paridensem,</span> <span class='ocrx_word' id='word_1_173' title='bbox 1919 1351 1951 1370; x_wconf 82' lang='lat' dir='ltr'>eo</span> <span class='ocrx_word' id='word_1_174' title='bbox 1967 1343 2045 1379; x_wconf 81' lang='lat' dir='ltr'>quod</span> <span class='ocrx_word' id='word_1_175' title='bbox 2058 1351 2126 1369; x_wconf 85' lang='lat' dir='ltr'>suos</span> 
     </span>
     <span class='ocr_line' id='line_1_15' title="bbox 335 1387 1615 1430; baseline -0.002 -10"><span class='ocrx_word' id='word_1_176' title='bbox 335 1397 364 1421; x_wconf 71' lang='lat' dir='ltr'>et</span> <span class='ocrx_word' id='word_1_177' title='bbox 377 1393 506 1430; x_wconf 75' lang='lat' dir='ltr'><em>episcopi</em></span> <span class='ocrx_word' id='word_1_178' title='bbox 519 1393 674 1419; x_wconf 75' lang='lat' dir='ltr'>servientes</span> <span class='ocrx_word' id='word_1_179' title='bbox 687 1392 738 1428; x_wconf 79' lang='lat' dir='ltr'>qui</span> <span class='ocrx_word' id='word_1_180' title='bbox 751 1391 901 1419; x_wconf 73' lang='lat' dir='ltr'>scholares</span> <span class='ocrx_word' id='word_1_181' title='bbox 916 1392 1049 1427; x_wconf 73' lang='lat' dir='ltr'>aggressi</span> <span class='ocrx_word' id='word_1_182' title='bbox 1061 1395 1145 1418; x_wconf 79' lang='lat' dir='ltr'>erant</span> <span class='ocrx_word' id='word_1_183' title='bbox 1160 1387 1316 1429; x_wconf 65' lang='lat' dir='ltr'>impunitos</span> <span class='ocrx_word' id='word_1_184' title='bbox 1330 1391 1412 1418; x_wconf 84' lang='lat' dir='ltr'>abire</span> <span class='ocrx_word' id='word_1_185' title='bbox 1424 1392 1615 1428; x_wconf 82' lang='lat' dir='ltr'>permisisset.</span> 
     </span>
    </p>
   </div>
   <div class='ocr_carea' id='block_1_8' title="bbox 1253 1481 1836 1512">
    <p class='ocr_par' dir='ltr' id='par_1_9' title="bbox 1253 1481 1836 1512">
     <span class='ocr_line' id='line_1_16' title="bbox 1253 1481 1836 1512; baseline 0 -4"><span class='ocrx_word' id='word_1_186' title='bbox 1253 1481 1328 1512; x_wconf 79' lang='lat'><strong><em>1267,</em></strong></span> <span class='ocrx_word' id='word_1_187' title='bbox 1342 1482 1414 1508; x_wconf 70' lang='lat' dir='ltr'>dunis</span> <span class='ocrx_word' id='word_1_188' title='bbox 1423 1482 1462 1512; x_wconf 77' lang='grc'>21,</span> <span class='ocrx_word' id='word_1_189' title='bbox 1476 1482 1501 1508; x_wconf 77' lang='lat' dir='ltr'>in</span> <span class='ocrx_word' id='word_1_190' title='bbox 1515 1483 1632 1509; x_wconf 68' lang='lat' dir='ltr'>claustro</span> <span class='ocrx_word' id='word_1_191' title='bbox 1647 1483 1740 1508; x_wconf 72' lang='lat' dir='ltr'>eccles.</span> <span class='ocrx_word' id='word_1_192' title='bbox 1755 1482 1836 1508; x_wconf 63' lang='lat' dir='ltr'>Par-le.</span> 
     </span>
    </p>
   </div>
   <div class='ocr_carea' id='block_1_9' title="bbox 237 1555 2124 2939">
    <p class='ocr_par' dir='ltr' id='par_1_10' title="bbox 237 1555 2124 2939">
     <span class='ocr_line' id='line_1_17' title="bbox 335 1555 2124 1603; baseline 0 -12"><span class='ocrx_word' id='word_1_193' title='bbox 335 1557 460 1592; x_wconf 89' lang='lat' dir='ltr'>Simon</span> <span class='ocrx_word' id='word_1_194' title='bbox 486 1556 720 1591; x_wconf 86' lang='lat' dir='ltr'>miseratione</span> <span class='ocrx_word' id='word_1_195' title='bbox 749 1556 871 1591; x_wconf 89' lang='lat' dir='ltr'>divina</span> <span class='ocrx_word' id='word_1_196' title='bbox 900 1556 995 1590; x_wconf 93' lang='lat' dir='ltr'>tituli</span> <span class='ocrx_word' id='word_1_197' title='bbox 1026 1557 1156 1591; x_wconf 83' lang='lat' dir='ltr'>Sancte</span> <span class='ocrx_word' id='word_1_198' title='bbox 1185 1555 1323 1591; x_wconf 92' lang='lat' dir='ltr'>Cecilie</span> <span class='ocrx_word' id='word_1_199' title='bbox 1352 1555 1544 1603; x_wconf 87' lang='lat' dir='ltr'>presbyter</span> <span class='ocrx_word' id='word_1_200' title='bbox 1573 1556 1768 1590; x_wconf 88' lang='lat' dir='ltr'>cardinalis</span> <span class='ocrx_word' id='word_1_201' title='bbox 1797 1556 1997 1602; x_wconf 90' lang='lat' dir='ltr'>apostolice</span> <span class='ocrx_word' id='word_1_202' title='bbox 2024 1556 2124 1591; x_wconf 92' lang='lat' dir='ltr'>sedis</span> 
     </span>
     <span class='ocr_line' id='line_1_18' title="bbox 244 1622 2123 1671; baseline -0.001 -13"><span class='ocrx_word' id='word_1_203' title='bbox 244 1623 387 1671; x_wconf 78' lang='lat' dir='ltr'>legatus</span> <span class='ocrx_word' id='word_1_204' title='bbox 421 1624 466 1658; x_wconf 84' lang='lat' dir='ltr'>ad</span> <span class='ocrx_word' id='word_1_205' title='bbox 499 1624 655 1658; x_wconf 83' lang='lat' dir='ltr'>suturam</span> <span class='ocrx_word' id='word_1_206' title='bbox 685 1623 739 1657; x_wconf 90' lang='lat' dir='ltr'>rei</span> <span class='ocrx_word' id='word_1_207' title='bbox 769 1624 992 1658; x_wconf 79' lang='lat' dir='ltr'>memoriam.</span> <span class='ocrx_word' id='word_1_208' title='bbox 1021 1624 1090 1657; x_wconf 88' lang='lat' dir='ltr'>Per</span> <span class='ocrx_word' id='word_1_209' title='bbox 1117 1623 1308 1669; x_wconf 85' lang='lat' dir='ltr'>diligentis</span> <span class='ocrx_word' id='word_1_210' title='bbox 1338 1623 1590 1669; x_wconf 84' lang='lat' dir='ltr'>inquisitionis</span> <span class='ocrx_word' id='word_1_211' title='bbox 1619 1623 1787 1657; x_wconf 85' lang='lat' dir='ltr'>effectum</span> <span class='ocrx_word' id='word_1_212' title='bbox 1818 1622 1981 1656; x_wconf 90' lang='lat' dir='ltr'>debitum</span> <span class='ocrx_word' id='word_1_213' title='bbox 2014 1623 2123 1657; x_wconf 82' lang='lat' dir='ltr'>officii</span> 
     </span>
     <span class='ocr_line' id='line_1_19' title="bbox 244 1690 2123 1738; baseline -0.001 -13"><span class='ocrx_word' id='word_1_214' title='bbox 244 1691 467 1738; x_wconf 84' lang='lat' dir='ltr'>presidentis</span> <span class='ocrx_word' id='word_1_215' title='bbox 493 1692 673 1737; x_wconf 85' lang='lat' dir='ltr'>superno¹</span> <span class='ocrx_word' id='word_1_216' title='bbox 702 1690 871 1724; x_wconf 84' lang='lat' dir='ltr'>redditur</span> <span class='ocrx_word' id='word_1_217' title='bbox 890 1690 1104 1736; x_wconf 86' lang='lat' dir='ltr'>inspectori,</span> <span class='ocrx_word' id='word_1_218' title='bbox 1126 1690 1377 1736; x_wconf 87' lang='lat' dir='ltr'>corripiuntur</span> <span class='ocrx_word' id='word_1_219' title='bbox 1406 1690 1715 1736; x_wconf 88' lang='lat' dir='ltr'>prevaricatorum</span> <span class='ocrx_word' id='word_1_220' title='bbox 1743 1702 1930 1733; x_wconf 86' lang='lat' dir='ltr'>excessus,</span> <span class='ocrx_word' id='word_1_221' title='bbox 1952 1697 1989 1724; x_wconf 90' lang='lat' dir='ltr'>et</span> <span class='ocrx_word' id='word_1_222' title='bbox 2015 1690 2123 1724; x_wconf 91' lang='lat' dir='ltr'>inter-</span> 
     </span>
     <span class='ocr_line' id='line_1_20' title="bbox 242 1757 2122 1804; baseline -0.001 -12"><span class='ocrx_word' id='word_1_223' title='bbox 242 1758 328 1792; x_wconf 90' lang='lat' dir='ltr'>dum</span> <span class='ocrx_word' id='word_1_224' title='bbox 344 1757 433 1792; x_wconf 85' lang='lat' dir='ltr'>falsa</span> <span class='ocrx_word' id='word_1_225' title='bbox 453 1757 684 1804; x_wconf 83' lang='lat' dir='ltr'>malignaque</span> <span class='ocrx_word' id='word_1_226' title='bbox 703 1757 906 1792; x_wconf 91' lang='lat' dir='ltr'>criminatio</span> <span class='ocrx_word' id='word_1_227' title='bbox 928 1757 1150 1799; x_wconf 87' lang='lat' dir='ltr'>refrenatur;</span> <span class='ocrx_word' id='word_1_228' title='bbox 1173 1757 1378 1791; x_wconf 80' lang='lat' dir='ltr'>restituitur</span> <span class='ocrx_word' id='word_1_229' title='bbox 1397 1757 1495 1791; x_wconf 90' lang='lat' dir='ltr'>claro</span> <span class='ocrx_word' id='word_1_230' title='bbox 1517 1757 1648 1792; x_wconf 87' lang='lat' dir='ltr'>domus</span> <span class='ocrx_word' id='word_1_231' title='bbox 1668 1757 1791 1791; x_wconf 89' lang='lat' dir='ltr'>divina</span> <span class='ocrx_word' id='word_1_232' title='bbox 1812 1757 1949 1799; x_wconf 82' lang='lat' dir='ltr'>decori,</span> <span class='ocrx_word' id='word_1_233' title='bbox 1967 1757 2122 1803; x_wconf 91' lang='lat' dir='ltr'>utilique</span> 
     </span>
     <span class='ocr_line' id='line_1_21' title="bbox 241 1823 2122 1871; baseline -0.001 -12"><span class='ocrx_word' id='word_1_234' title='bbox 241 1825 460 1871; x_wconf 89' lang='lat' dir='ltr'>compendio</span> <span class='ocrx_word' id='word_1_235' title='bbox 494 1824 641 1871; x_wconf 91' lang='lat' dir='ltr'>publice</span> <span class='ocrx_word' id='word_1_236' title='bbox 674 1824 879 1859; x_wconf 86' lang='lat' dir='ltr'>consulitur</span> <span class='ocrx_word' id='word_1_237' title='bbox 911 1824 1107 1866; x_wconf 85' lang='lat' dir='ltr'>honestati,</span> <span class='ocrx_word' id='word_1_238' title='bbox 1144 1824 1328 1858; x_wconf 84' lang='lat' dir='ltr'>mortifera</span> <span class='ocrx_word' id='word_1_239' title='bbox 1363 1830 1566 1870; x_wconf 86' lang='lat' dir='ltr'>purgantur</span> <span class='ocrx_word' id='word_1_240' title='bbox 1602 1823 1707 1866; x_wconf 84' lang='lat' dir='ltr'>vicia,</span> <span class='ocrx_word' id='word_1_241' title='bbox 1743 1830 1917 1858; x_wconf 89' lang='lat' dir='ltr'>seruntur</span> <span class='ocrx_word' id='word_1_242' title='bbox 1955 1824 2122 1866; x_wconf 87' lang='lat' dir='ltr'>virtutes,</span> 
     </span>
     <span class='ocr_line' id='line_1_22' title="bbox 242 1891 2124 1937; baseline -0.001 -11"><span class='ocrx_word' id='word_1_243' title='bbox 242 1891 488 1926; x_wconf 74' lang='lat' dir='ltr'>rectificautur</span> <span class='ocrx_word' id='word_1_244' title='bbox 511 1903 633 1926; x_wconf 85' lang='lat' dir='ltr'>mores</span> <span class='ocrx_word' id='word_1_245' title='bbox 658 1898 694 1925; x_wconf 91' lang='lat' dir='ltr'>et</span> <span class='ocrx_word' id='word_1_246' title='bbox 713 1891 751 1925; x_wconf 88' lang='lat' dir='ltr'>in</span> <span class='ocrx_word' id='word_1_247' title='bbox 771 1891 904 1925; x_wconf 87' lang='lat' dir='ltr'>melius</span> <span class='ocrx_word' id='word_1_248' title='bbox 924 1891 1180 1933; x_wconf 79' lang='lat' dir='ltr'>reformantur,</span> <span class='ocrx_word' id='word_1_249' title='bbox 1202 1897 1373 1925; x_wconf 88' lang='lat' dir='ltr'>arcentur</span> <span class='ocrx_word' id='word_1_250' title='bbox 1392 1891 1539 1936; x_wconf 79' lang='lat' dir='ltr'>injurie,</span> <span class='ocrx_word' id='word_1_251' title='bbox 1561 1891 1797 1937; x_wconf 84' lang='lat' dir='ltr'>corriguntur</span> <span class='ocrx_word' id='word_1_252' title='bbox 1822 1897 1938 1924; x_wconf 89' lang='lat' dir='ltr'>errata</span> <span class='ocrx_word' id='word_1_253' title='bbox 1964 1898 2000 1924; x_wconf 88' lang='lat' dir='ltr'>et</span> <span class='ocrx_word' id='word_1_254' title='bbox 2023 1891 2124 1924; x_wconf 87' lang='lat' dir='ltr'>inso-</span> 
     </span>
     <span class='ocr_line' id='line_1_23' title="bbox 242 1957 2123 2005; baseline -0.001 -13"><span class='ocrx_word' id='word_1_255' title='bbox 242 1958 360 1993; x_wconf 87' lang='lat' dir='ltr'>lencie</span> <span class='ocrx_word' id='word_1_256' title='bbox 385 1959 645 2005; x_wconf 88' lang='lat' dir='ltr'>reprimuntur,</span> <span class='ocrx_word' id='word_1_257' title='bbox 671 1958 803 1992; x_wconf 81' lang='lat' dir='ltr'>offensi</span> <span class='ocrx_word' id='word_1_258' title='bbox 828 1958 1064 2004; x_wconf 87' lang='lat' dir='ltr'>pacificantur</span> <span class='ocrx_word' id='word_1_259' title='bbox 1087 1958 1212 2000; x_wconf 85' lang='lat' dir='ltr'>animi,</span> <span class='ocrx_word' id='word_1_260' title='bbox 1238 1957 1417 1992; x_wconf 90' lang='lat' dir='ltr'>tolluntur</span> <span class='ocrx_word' id='word_1_261' title='bbox 1442 1957 1611 1992; x_wconf 87' lang='lat' dir='ltr'>scandala</span> <span class='ocrx_word' id='word_1_262' title='bbox 1637 1964 1673 1992; x_wconf 92' lang='lat' dir='ltr'>et</span> <span class='ocrx_word' id='word_1_263' title='bbox 1697 1957 1934 2004; x_wconf 89' lang='lat' dir='ltr'>dispendiosa</span> <span class='ocrx_word' id='word_1_264' title='bbox 1962 1957 2123 2003; x_wconf 90' lang='lat' dir='ltr'>pericula</span> 
     </span>
     <span class='ocr_line' id='line_1_24' title="bbox 241 2024 2124 2071; baseline -0.001 -12"><span class='ocrx_word' id='word_1_265' title='bbox 241 2024 482 2067; x_wconf 77' lang='lat' dir='ltr'>declinantur,</span> <span class='ocrx_word' id='word_1_266' title='bbox 499 2025 663 2071; x_wconf 89' lang='lat' dir='ltr'>fiuntque</span> <span class='ocrx_word' id='word_1_267' title='bbox 679 2037 787 2071; x_wconf 88' lang='lat' dir='ltr'>prava</span> <span class='ocrx_word' id='word_1_268' title='bbox 803 2025 841 2058; x_wconf 95' lang='lat' dir='ltr'>in</span> <span class='ocrx_word' id='word_1_269' title='bbox 856 2025 993 2058; x_wconf 87' lang='lat' dir='ltr'>directa</span> <span class='ocrx_word' id='word_1_270' title='bbox 1012 2031 1048 2058; x_wconf 91' lang='lat' dir='ltr'>et</span> <span class='ocrx_word' id='word_1_271' title='bbox 1063 2024 1100 2058; x_wconf 92' lang='lat' dir='ltr'>in</span> <span class='ocrx_word' id='word_1_272' title='bbox 1115 2025 1192 2059; x_wconf 85' lang='lat' dir='ltr'>vias</span> <span class='ocrx_word' id='word_1_273' title='bbox 1209 2024 1334 2070; x_wconf 89' lang='lat' dir='ltr'>planas</span> <span class='ocrx_word' id='word_1_274' title='bbox 1348 2036 1476 2070; x_wconf 89' lang='lat' dir='ltr'>aspera</span> <span class='ocrx_word' id='word_1_275' title='bbox 1492 2030 1766 2058; x_wconf 90' lang='lat' dir='ltr'>convertuntur.</span> <span class='ocrx_word' id='word_1_276' title='bbox 1785 2024 1943 2058; x_wconf 90' lang='lat' dir='ltr'>Proinde</span> <span class='ocrx_word' id='word_1_277' title='bbox 1959 2036 2040 2057; x_wconf 88' lang='lat' dir='ltr'>cum</span> <span class='ocrx_word' id='word_1_278' title='bbox 2057 2036 2124 2070; x_wconf 90' lang='lat' dir='ltr'>per</span> 
     </span>
     <span class='ocr_line' id='line_1_25' title="bbox 241 2090 2124 2138; baseline -0.001 -12"><span class='ocrx_word' id='word_1_279' title='bbox 241 2102 387 2138; x_wconf 76' lang='lat' dir='ltr'>gravem</span> <span class='ocrx_word' id='word_1_280' title='bbox 412 2091 593 2126; x_wconf 82' lang='lat' dir='ltr'>infamiam</span> <span class='ocrx_word' id='word_1_281' title='bbox 613 2091 847 2138; x_wconf 88' lang='lat' dir='ltr'>validumque</span> <span class='ocrx_word' id='word_1_282' title='bbox 871 2091 1066 2125; x_wconf 87' lang='lat' dir='ltr'>clamorem</span> <span class='ocrx_word' id='word_1_283' title='bbox 1086 2090 1218 2125; x_wconf 89' lang='lat' dir='ltr'>diebus</span> <span class='ocrx_word' id='word_1_284' title='bbox 1239 2091 1404 2137; x_wconf 88' lang='lat' dir='ltr'>proximo</span> <span class='ocrx_word' id='word_1_285' title='bbox 1429 2091 1615 2137; x_wconf 89' lang='lat' dir='ltr'>preteritis</span> <span class='ocrx_word' id='word_1_286' title='bbox 1635 2091 1680 2124; x_wconf 87' lang='lat' dir='ltr'>ad</span> <span class='ocrx_word' id='word_1_287' title='bbox 1701 2097 1866 2124; x_wconf 90' lang='lat' dir='ltr'>nostrum</span> <span class='ocrx_word' id='word_1_288' title='bbox 1893 2091 2124 2136; x_wconf 88' lang='lat' dir='ltr'>pervenisset</span> 
     </span>
     <span class='ocr_line' id='line_1_26' title="bbox 240 2157 2121 2205; baseline -0.001 -13"><span class='ocrx_word' id='word_1_289' title='bbox 240 2157 403 2192; x_wconf 81' lang='lat' dir='ltr'>auditum</span> <span class='ocrx_word' id='word_1_290' title='bbox 428 2158 527 2205; x_wconf 90' lang='lat' dir='ltr'>quod</span> <span class='ocrx_word' id='word_1_291' title='bbox 553 2159 744 2193; x_wconf 89' lang='lat' dir='ltr'>mandante</span> <span class='ocrx_word' id='word_1_292' title='bbox 768 2158 827 2193; x_wconf 92' lang='lat' dir='ltr'>vel</span> <span class='ocrx_word' id='word_1_293' title='bbox 854 2165 969 2193; x_wconf 86' lang='lat' dir='ltr'>ratum</span> <span class='ocrx_word' id='word_1_294' title='bbox 996 2158 1153 2192; x_wconf 83' lang='lat' dir='ltr'>habente</span> <span class='ocrx_word' id='word_1_295' title='bbox 1179 2158 1339 2192; x_wconf 87' lang='lat' dir='ltr'>discreto</span> <span class='ocrx_word' id='word_1_296' title='bbox 1364 2158 1443 2192; x_wconf 87' lang='lat' dir='ltr'>viro</span> <span class='ocrx_word' id='word_1_297' title='bbox 1469 2157 1685 2198; x_wconf 81' lang='lat' dir='ltr'>Gaufrido’,</span> <span class='ocrx_word' id='word_1_298' title='bbox 1713 2157 1889 2191; x_wconf 86' lang='lat' dir='ltr'>canonico</span> <span class='ocrx_word' id='word_1_299' title='bbox 1916 2164 1951 2191; x_wconf 90' lang='lat' dir='ltr'>et</span> <span class='ocrx_word' id='word_1_300' title='bbox 1977 2157 2121 2191; x_wconf 85' lang='lat' dir='ltr'>officiali</span> 
     </span>
     <span class='ocr_line' id='line_1_27' title="bbox 242 2223 2120 2272; baseline -0.001 -13"><span class='ocrx_word' id='word_1_301' title='bbox 242 2225 452 2267; x_wconf 78' lang='lat' dir='ltr'>Parisiensi‚</span> <span class='ocrx_word' id='word_1_302' title='bbox 487 2225 691 2260; x_wconf 81' lang='lat' dir='ltr'>servientes</span> <span class='ocrx_word' id='word_1_303' title='bbox 724 2226 842 2272; x_wconf 85' lang='lat' dir='ltr'>ipsius</span> <span class='ocrx_word' id='word_1_304' title='bbox 875 2225 1040 2259; x_wconf 82' lang='lat' dir='ltr'>officialis</span> <span class='ocrx_word' id='word_1_305' title='bbox 1073 2237 1113 2259; x_wconf 88' lang='lat' dir='ltr'>ac</span> <span class='ocrx_word' id='word_1_306' title='bbox 1148 2225 1352 2259; x_wconf 88' lang='lat' dir='ltr'>servientes</span> <span class='ocrx_word' id='word_1_307' title='bbox 1382 2225 1479 2258; x_wconf 84' lang='lat' dir='ltr'>furni</span> <span class='ocrx_word' id='word_1_308' title='bbox 1507 2224 1729 2259; x_wconf 84' lang='lat' dir='ltr'>venerabilis</span> <span class='ocrx_word' id='word_1_309' title='bbox 1760 2224 1796 2257; x_wconf 93' lang='lat' dir='ltr'>in</span> <span class='ocrx_word' id='word_1_310' title='bbox 1826 2223 1973 2258; x_wconf 89' lang='lat' dir='ltr'>Christo</span> <span class='ocrx_word' id='word_1_311' title='bbox 2009 2224 2120 2269; x_wconf 88' lang='lat' dir='ltr'>patris</span> 
     </span>
     <span class='ocr_line' id='line_1_28' title="bbox 242 2290 2120 2338; baseline -0.001 -13"><span class='ocrx_word' id='word_1_312' title='bbox 242 2291 460 2326; x_wconf 84' lang='lat' dir='ltr'>Parisiensis</span> <span class='ocrx_word' id='word_1_313' title='bbox 479 2291 643 2338; x_wconf 84' lang='lat' dir='ltr'>episcopi</span> <span class='ocrx_word' id='word_1_314' title='bbox 663 2291 722 2325; x_wconf 90' lang='lat' dir='ltr'>die</span> <span class='ocrx_word' id='word_1_315' title='bbox 743 2291 883 2326; x_wconf 86' lang='lat' dir='ltr'>sabbati</span> <span class='ocrx_word' id='word_1_316' title='bbox 904 2292 1085 2338; x_wconf 74' lang='lat' dir='ltr'>proxima¹</span> <span class='ocrx_word' id='word_1_317' title='bbox 1100 2298 1183 2338; x_wconf 86' lang='lat' dir='ltr'>post</span> <span class='ocrx_word' id='word_1_318' title='bbox 1203 2291 1298 2325; x_wconf 89' lang='lat' dir='ltr'>diem</span> <span class='ocrx_word' id='word_1_319' title='bbox 1320 2291 1483 2325; x_wconf 88' lang='lat' dir='ltr'>cinerum</span> <span class='ocrx_word' id='word_1_320' title='bbox 1505 2290 1793 2336; x_wconf 84' lang='lat' dir='ltr'>Quadragesime</span> <span class='ocrx_word' id='word_1_321' title='bbox 1814 2290 1978 2336; x_wconf 84' lang='lat' dir='ltr'>proximo</span> <span class='ocrx_word' id='word_1_322' title='bbox 2001 2296 2120 2336; x_wconf 88' lang='lat' dir='ltr'>prete-</span> 
     </span>
     <span class='ocr_line' id='line_1_29' title="bbox 242 2357 2118 2404; baseline -0.001 -12"><span class='ocrx_word' id='word_1_323' title='bbox 242 2359 308 2392; x_wconf 87' lang='lat' dir='ltr'>rite</span> <span class='ocrx_word' id='word_1_324' title='bbox 329 2358 374 2392; x_wconf 88' lang='lat' dir='ltr'>de</span> <span class='ocrx_word' id='word_1_325' title='bbox 394 2358 503 2392; x_wconf 91' lang='lat' dir='ltr'>domo</span> <span class='ocrx_word' id='word_1_326' title='bbox 524 2358 640 2404; x_wconf 85' lang='lat' dir='ltr'>ipsius</span> <span class='ocrx_word' id='word_1_327' title='bbox 654 2359 756 2404; x_wconf 83' lang='lat' dir='ltr'>juxta</span> <span class='ocrx_word' id='word_1_328' title='bbox 777 2358 1020 2392; x_wconf 84' lang='lat' dir='ltr'>Parisiensem</span> <span class='ocrx_word' id='word_1_329' title='bbox 1041 2357 1233 2392; x_wconf 83' lang='lat' dir='ltr'>ecclesiam</span> <span class='ocrx_word' id='word_1_330' title='bbox 1255 2357 1336 2400; x_wconf 90' lang='lat' dir='ltr'>sita,</span> <span class='ocrx_word' id='word_1_331' title='bbox 1358 2357 1396 2391; x_wconf 91' lang='lat' dir='ltr'>in</span> <span class='ocrx_word' id='word_1_332' title='bbox 1416 2369 1486 2403; x_wconf 87' lang='lat' dir='ltr'>qua</span> <span class='ocrx_word' id='word_1_333' title='bbox 1507 2357 1672 2390; x_wconf 83' lang='lat' dir='ltr'>officialis</span> <span class='ocrx_word' id='word_1_334' title='bbox 1693 2357 1772 2402; x_wconf 87' lang='lat' dir='ltr'>ipse</span> <span class='ocrx_word' id='word_1_335' title='bbox 1798 2363 1971 2399; x_wconf 87' lang='lat' dir='ltr'>moratur,</span> <span class='ocrx_word' id='word_1_336' title='bbox 1993 2363 2118 2391; x_wconf 87' lang='lat' dir='ltr'>contra</span> 
     </span>
     <span class='ocr_line' id='line_1_30' title="bbox 240 2423 2119 2470; baseline -0.002 -11"><span class='ocrx_word' id='word_1_337' title='bbox 240 2425 374 2459; x_wconf 83' lang='lat' dir='ltr'>multos</span> <span class='ocrx_word' id='word_1_338' title='bbox 398 2424 559 2459; x_wconf 83' lang='lat' dir='ltr'>scolares</span> <span class='ocrx_word' id='word_1_339' title='bbox 584 2425 811 2459; x_wconf 79' lang='lat' dir='ltr'>parisienses</span> <span class='ocrx_word' id='word_1_340' title='bbox 831 2424 999 2467; x_wconf 87' lang='lat' dir='ltr'>clericos,</span> <span class='ocrx_word' id='word_1_341' title='bbox 1021 2424 1084 2470; x_wconf 93' lang='lat' dir='ltr'>qui</span> <span class='ocrx_word' id='word_1_342' title='bbox 1104 2431 1185 2458; x_wconf 90' lang='lat' dir='ltr'>ante</span> <span class='ocrx_word' id='word_1_343' title='bbox 1207 2430 1330 2470; x_wconf 81' lang='lat' dir='ltr'>portas</span> <span class='ocrx_word' id='word_1_344' title='bbox 1349 2423 1514 2469; x_wconf 89' lang='lat' dir='ltr'>ejusdem</span> <span class='ocrx_word' id='word_1_345' title='bbox 1536 2423 1692 2457; x_wconf 88' lang='lat' dir='ltr'>ecclesie</span> <span class='ocrx_word' id='word_1_346' title='bbox 1718 2423 1755 2456; x_wconf 93' lang='lat' dir='ltr'>in</span> <span class='ocrx_word' id='word_1_347' title='bbox 1780 2423 1875 2465; x_wconf 84' lang='lat' dir='ltr'>loco,</span> <span class='ocrx_word' id='word_1_348' title='bbox 1897 2423 1959 2469; x_wconf 92' lang='lat' dir='ltr'>qui</span> <span class='ocrx_word' id='word_1_349' title='bbox 1985 2423 2119 2457; x_wconf 87' lang='lat' dir='ltr'>dicitur</span> 
     </span>
     <span class='ocr_line' id='line_1_31' title="bbox 238 2489 2118 2537; baseline -0.002 -10"><span class='ocrx_word' id='word_1_350' title='bbox 238 2492 484 2534; x_wconf 77' lang='lat' dir='ltr'>Parvisium·‚</span> <span class='ocrx_word' id='word_1_351' title='bbox 520 2498 556 2526; x_wconf 87' lang='lat' dir='ltr'>et</span> <span class='ocrx_word' id='word_1_352' title='bbox 586 2491 637 2525; x_wconf 89' lang='lat' dir='ltr'>ibi</span> <span class='ocrx_word' id='word_1_353' title='bbox 667 2492 763 2525; x_wconf 89' lang='lat' dir='ltr'>circa</span> <span class='ocrx_word' id='word_1_354' title='bbox 789 2491 877 2525; x_wconf 85' lang='lat' dir='ltr'>hora</span> <span class='ocrx_word' id='word_1_355' title='bbox 906 2491 1067 2525; x_wconf 88' lang='lat' dir='ltr'>serotina</span> <span class='ocrx_word' id='word_1_356' title='bbox 1095 2497 1168 2525; x_wconf 90' lang='lat' dir='ltr'>tum</span> <span class='ocrx_word' id='word_1_357' title='bbox 1196 2490 1505 2537; x_wconf 81' lang='lat' dir='ltr'>peregrinationis</span> <span class='ocrx_word' id='word_1_358' title='bbox 1533 2497 1607 2524; x_wconf 86' lang='lat' dir='ltr'>tum</span> <span class='ocrx_word' id='word_1_359' title='bbox 1640 2489 1898 2536; x_wconf 82' lang='lat' dir='ltr'>disputationis</span> <span class='ocrx_word' id='word_1_360' title='bbox 1929 2490 2044 2536; x_wconf 82' lang='lat' dir='ltr'>gratia</span> <span class='ocrx_word' id='word_1_361' title='bbox 2074 2502 2118 2524; x_wconf 92' lang='lat' dir='ltr'>ex</span> 
     </span>
     <span class='ocr_line' id='line_1_32' title="bbox 240 2556 2117 2604; baseline -0.002 -11"><span class='ocrx_word' id='word_1_362' title='bbox 240 2571 339 2593; x_wconf 90' lang='lat' dir='ltr'>more</span> <span class='ocrx_word' id='word_1_363' title='bbox 366 2565 624 2598; x_wconf 85' lang='lat' dir='ltr'>convenerant,</span> <span class='ocrx_word' id='word_1_364' title='bbox 651 2565 827 2592; x_wconf 87' lang='lat' dir='ltr'>exeuntes</span> <span class='ocrx_word' id='word_1_365' title='bbox 853 2557 978 2592; x_wconf 84' lang='lat' dir='ltr'>armati</span> <span class='ocrx_word' id='word_1_366' title='bbox 1006 2564 1041 2591; x_wconf 90' lang='lat' dir='ltr'>et</span> <span class='ocrx_word' id='word_1_367' title='bbox 1067 2557 1104 2591; x_wconf 90' lang='lat' dir='ltr'>in</span> <span class='ocrx_word' id='word_1_368' title='bbox 1131 2557 1232 2604; x_wconf 87' lang='lat' dir='ltr'>ipsos</span> <span class='ocrx_word' id='word_1_369' title='bbox 1259 2557 1421 2591; x_wconf 80' lang='lat' dir='ltr'>scolares</span> <span class='ocrx_word' id='word_1_370' title='bbox 1448 2563 1584 2590; x_wconf 88' lang='lat' dir='ltr'>temere</span> <span class='ocrx_word' id='word_1_371' title='bbox 1611 2556 1794 2590; x_wconf 83' lang='lat' dir='ltr'>irruentes</span> <span class='ocrx_word' id='word_1_372' title='bbox 1823 2568 1866 2590; x_wconf 90' lang='lat' dir='ltr'>ex</span> <span class='ocrx_word' id='word_1_373' title='bbox 1893 2556 1947 2591; x_wconf 86' lang='lat' dir='ltr'>eis</span> <span class='ocrx_word' id='word_1_374' title='bbox 1973 2556 2117 2603; x_wconf 90' lang='lat' dir='ltr'>aliquos</span> 
     </span>
     <span class='ocr_line' id='line_1_33' title="bbox 238 2623 2117 2670; baseline -0.001 -10"><span class='ocrx_word' id='word_1_375' title='bbox 238 2625 409 2660; x_wconf 88' lang='lat' dir='ltr'>videlicet</span> <span class='ocrx_word' id='word_1_376' title='bbox 433 2625 616 2660; x_wconf 88' lang='lat' dir='ltr'>Hellinum</span> <span class='ocrx_word' id='word_1_377' title='bbox 642 2625 687 2659; x_wconf 90' lang='lat' dir='ltr'>de</span> <span class='ocrx_word' id='word_1_378' title='bbox 713 2626 883 2667; x_wconf 57' lang='lat' dir='ltr'>Possem,</span> <span class='ocrx_word' id='word_1_379' title='bbox 903 2624 1106 2659; x_wconf 72' lang='lat' dir='ltr'>Iohannem</span> <span class='ocrx_word' id='word_1_380' title='bbox 1128 2624 1173 2658; x_wconf 84' lang='lat' dir='ltr'>de</span> <span class='ocrx_word' id='word_1_381' title='bbox 1195 2624 1303 2666; x_wconf 85' lang='lat' dir='ltr'>vimi,</span> <span class='ocrx_word' id='word_1_382' title='bbox 1324 2623 1526 2658; x_wconf 71' lang='lat' dir='ltr'>Iohannem</span> <span class='ocrx_word' id='word_1_383' title='bbox 1552 2629 1722 2669; x_wconf 85' lang='lat' dir='ltr'>nepotem</span> <span class='ocrx_word' id='word_1_384' title='bbox 1743 2623 1926 2669; x_wconf 89' lang='lat' dir='ltr'>quondam</span> <span class='ocrx_word' id='word_1_385' title='bbox 1952 2624 2117 2670; x_wconf 83' lang='lat' dir='ltr'>magistri</span> 
     </span>
     <span class='ocr_line' id='line_1_34' title="bbox 239 2690 2115 2739; baseline -0.001 -12"><span class='ocrx_word' id='word_1_386' title='bbox 239 2693 395 2739; x_wconf 80' lang='lat' dir='ltr'>Remigii</span> <span class='ocrx_word' id='word_1_387' title='bbox 414 2692 560 2739; x_wconf 83' lang='lat' dir='ltr'>phisici,</span> <span class='ocrx_word' id='word_1_388' title='bbox 582 2692 783 2727; x_wconf 90' lang='lat' dir='ltr'>Guillotum</span> <span class='ocrx_word' id='word_1_389' title='bbox 805 2692 941 2726; x_wconf 88' lang='lat' dir='ltr'>dictum</span> <span class='ocrx_word' id='word_1_390' title='bbox 967 2691 1001 2725; x_wconf 91' lang='lat' dir='ltr'>le</span> <span class='ocrx_word' id='word_1_391' title='bbox 1027 2691 1244 2733; x_wconf 81' lang='lat' dir='ltr'>Cotonnier,</span> <span class='ocrx_word' id='word_1_392' title='bbox 1264 2690 1434 2732; x_wconf 80' lang='lat' dir='ltr'>clericos,</span> <span class='ocrx_word' id='word_1_393' title='bbox 1455 2690 1546 2724; x_wconf 83' lang='lat' dir='ltr'>adeo</span> <span class='ocrx_word' id='word_1_394' title='bbox 1570 2690 1730 2736; x_wconf 84' lang='lat' dir='ltr'>graviter</span> <span class='ocrx_word' id='word_1_395' title='bbox 1749 2690 1995 2733; x_wconf 73' lang='lat' dir='ltr'>vulnerarent,</span> <span class='ocrx_word' id='word_1_396' title='bbox 2017 2691 2115 2737; x_wconf 93' lang='lat' dir='ltr'>quod</span> 
     </span>
     <span class='ocr_line' id='line_1_35' title="bbox 237 2756 2114 2806; baseline -0.002 -12"><span class='ocrx_word' id='word_1_397' title='bbox 237 2758 283 2794; x_wconf 91' lang='lat' dir='ltr'>de</span> <span class='ocrx_word' id='word_1_398' title='bbox 307 2766 423 2793; x_wconf 88' lang='lat' dir='ltr'>morte</span> <span class='ocrx_word' id='word_1_399' title='bbox 447 2759 611 2806; x_wconf 90' lang='lat' dir='ltr'>ipsorum</span> <span class='ocrx_word' id='word_1_400' title='bbox 637 2759 767 2793; x_wconf 89' lang='lat' dir='ltr'>merito</span> <span class='ocrx_word' id='word_1_401' title='bbox 789 2758 995 2800; x_wconf 82' lang='lat' dir='ltr'>timebatur,</span> <span class='ocrx_word' id='word_1_402' title='bbox 1016 2764 1052 2792; x_wconf 91' lang='lat' dir='ltr'>et</span> <span class='ocrx_word' id='word_1_403' title='bbox 1073 2758 1217 2792; x_wconf 81' lang='lat' dir='ltr'>infamia</span> <span class='ocrx_word' id='word_1_404' title='bbox 1238 2764 1274 2791; x_wconf 86' lang='lat' dir='ltr'>et</span> <span class='ocrx_word' id='word_1_405' title='bbox 1293 2757 1429 2791; x_wconf 88' lang='lat' dir='ltr'>clamor</span> <span class='ocrx_word' id='word_1_406' title='bbox 1452 2756 1663 2803; x_wconf 89' lang='lat' dir='ltr'>hujusmodi</span> <span class='ocrx_word' id='word_1_407' title='bbox 1683 2757 1757 2802; x_wconf 89' lang='lat' dir='ltr'>jam</span> <span class='ocrx_word' id='word_1_408' title='bbox 1782 2757 1820 2791; x_wconf 92' lang='lat' dir='ltr'>in</span> <span class='ocrx_word' id='word_1_409' title='bbox 1846 2763 1981 2792; x_wconf 80' lang='lat' dir='ltr'>tantum</span> <span class='ocrx_word' id='word_1_410' title='bbox 2008 2757 2114 2791; x_wconf 88' lang='lat' dir='ltr'>etiam</span> 
     </span>
     <span class='ocr_line' id='line_1_36' title="bbox 237 2823 2114 2872; baseline -0.002 -12"><span class='ocrx_word' id='word_1_411' title='bbox 237 2826 492 2860; x_wconf 77' lang='lat' dir='ltr'>ascendissent</span> <span class='ocrx_word' id='word_1_412' title='bbox 514 2826 613 2872; x_wconf 92' lang='lat' dir='ltr'>quod</span> <span class='ocrx_word' id='word_1_413' title='bbox 637 2826 782 2860; x_wconf 84' lang='lat' dir='ltr'>diucius</span> <span class='ocrx_word' id='word_1_414' title='bbox 806 2826 887 2860; x_wconf 83' lang='lat' dir='ltr'>siue</span> <span class='ocrx_word' id='word_1_415' title='bbox 912 2825 1014 2872; x_wconf 81' lang='lat' dir='ltr'>gravi</span> <span class='ocrx_word' id='word_1_416' title='bbox 1039 2824 1211 2859; x_wconf 80' lang='lat' dir='ltr'>scandalo</span> <span class='ocrx_word' id='word_1_417' title='bbox 1232 2823 1457 2859; x_wconf 88' lang='lat' dir='ltr'>dissimulari</span> <span class='ocrx_word' id='word_1_418' title='bbox 1478 2835 1552 2857; x_wconf 91' lang='lat' dir='ltr'>non</span> <span class='ocrx_word' id='word_1_419' title='bbox 1578 2830 1756 2870; x_wconf 84' lang='lat' dir='ltr'>poterant,</span> <span class='ocrx_word' id='word_1_420' title='bbox 1783 2835 1850 2858; x_wconf 88' lang='lat' dir='ltr'>nec</span> <span class='ocrx_word' id='word_1_421' title='bbox 1876 2824 1956 2858; x_wconf 87' lang='lat' dir='ltr'>sine</span> <span class='ocrx_word' id='word_1_422' title='bbox 1982 2836 2114 2870; x_wconf 81' lang='lat' dir='ltr'>magno</span> 
     </span>
     <span class='ocr_line' id='line_1_37' title="bbox 237 2889 2113 2939; baseline -0.002 -13"><span class='ocrx_word' id='word_1_423' title='bbox 237 2898 274 2926; x_wconf 85' lang='lat' dir='ltr'>et</span> <span class='ocrx_word' id='word_1_424' title='bbox 305 2892 464 2927; x_wconf 84' lang='lat' dir='ltr'>evidenti</span> <span class='ocrx_word' id='word_1_425' title='bbox 498 2892 662 2939; x_wconf 89' lang='lat' dir='ltr'>periculo</span> <span class='ocrx_word' id='word_1_426' title='bbox 692 2892 853 2927; x_wconf 80' lang='lat' dir='ltr'>tollerari</span> <span class='ocrx_word' id='word_1_427' title='bbox 881 2904 888 2926; x_wconf 94' lang='lat'><strong>:</strong></span> <span class='ocrx_word' id='word_1_428' title='bbox 925 2903 993 2926; x_wconf 85' lang='lat' dir='ltr'>nos</span> <span class='ocrx_word' id='word_1_429' title='bbox 1026 2890 1281 2938; x_wconf 77' lang='lat' dir='ltr'>frequentibus</span> <span class='ocrx_word' id='word_1_430' title='bbox 1314 2889 1537 2924; x_wconf 79' lang='lat' dir='ltr'>clamoribus</span> <span class='ocrx_word' id='word_1_431' title='bbox 1575 2889 1718 2925; x_wconf 85' lang='lat' dir='ltr'>excitati</span> <span class='ocrx_word' id='word_1_432' title='bbox 1753 2897 1788 2923; x_wconf 92' lang='lat' dir='ltr'>et</span> <span class='ocrx_word' id='word_1_433' title='bbox 1820 2889 1920 2924; x_wconf 89' lang='lat' dir='ltr'>illius</span> <span class='ocrx_word' id='word_1_434' title='bbox 1954 2889 2113 2924; x_wconf 89' lang='lat' dir='ltr'>vindicte</span> 
     </span>
    </p>
   </div>
   <div class='ocr_carea' id='block_1_10' title="bbox 238 2956 2113 3006">
    <p class='ocr_par' dir='ltr' id='par_1_11' title="bbox 238 2956 2113 3006">
     <span class='ocr_line' id='line_1_38' title="bbox 238 2956 2113 3006; baseline -0.002 -14"><span class='ocrx_word' id='word_1_435' title='bbox 238 2970 431 3002; x_wconf 83' lang='lat' dir='ltr'>memores,</span> <span class='ocrx_word' id='word_1_436' title='bbox 458 2970 565 3005; x_wconf 85' lang='lat' dir='ltr'>quam</span> <span class='ocrx_word' id='word_1_437' title='bbox 592 2959 683 3006; x_wconf 81' lang='lat' dir='ltr'>Hely</span> <span class='ocrx_word' id='word_1_438' title='bbox 707 2971 873 2994; x_wconf 78' lang='lat' dir='ltr'>summus</span> <span class='ocrx_word' id='word_1_439' title='bbox 901 2958 1075 2993; x_wconf 83' lang='lat' dir='ltr'>sacerdos</span> <span class='ocrx_word' id='word_1_440' title='bbox 1102 2958 1245 3005; x_wconf 86' lang='lat' dir='ltr'>excepit</span> <span class='ocrx_word' id='word_1_441' title='bbox 1274 2970 1340 3004; x_wconf 89' lang='lat' dir='ltr'>pro</span> <span class='ocrx_word' id='word_1_442' title='bbox 1371 2969 1415 2991; x_wconf 91' lang='lat' dir='ltr'>eo</span> <span class='ocrx_word' id='word_1_443' title='bbox 1445 2956 1543 3003; x_wconf 89' lang='lat' dir='ltr'>quod</span> <span class='ocrx_word' id='word_1_444' title='bbox 1574 2956 1731 2991; x_wconf 83' lang='lat' dir='ltr'>filiorum</span> <span class='ocrx_word' id='word_1_445' title='bbox 1760 2968 1909 2991; x_wconf 90' lang='lat' dir='ltr'>suorum</span> <span class='ocrx_word' id='word_1_446' title='bbox 1939 2967 2113 2990; x_wconf 81' lang='lat' dir='ltr'>excessus</span> 
     </span>
    </p>
   </div>
  </div>
 </body>
</html>
