2580 3528
482 381 547 414 240
1063 388 1379 412 οιιΑιιτυιΑιιιυΜ
1415 386 1604 408 UNIVERS.
1642 385 1770 407 PAuls.
2253 376 2352 417 [1252

480 465 531 488 ista
554 465 717 493 documenta,
739 472 806 496 quae
820 464 965 495 respiciunt
989 463 1022 486 ad
1041 463 1154 494 primam
1174 463 1280 485 domum
1301 459 1602 484 praemonstratensium
1621 458 1740 482 Parisiis.
1762 458 1801 482 Ibi
1821 458 1925 482 venisse
1941 459 2215 483 Praemonstratenses
2234 459 2352 484 discendi

480 517 561 533 causa
576 509 674 532 seimus
689 517 720 532 ex
734 508 847 540 epistola
861 507 1046 532 universitatis
1061 515 1102 530 an.
1119 507 1179 530 1254
1193 505 1329 529 Februarii
1346 506 1359 528 Ιι
1377 505 1455 535 (infra
1471 508 1500 527 n⁰
1515 504 1580 533 230).
1597 503 1636 527 Cf.
1650 502 1760 534 insuper
1774 502 1845 526 infra
1857 503 1890 526 ud
1903 511 2042 527 numerum
2053 504 2107 528 254.

482 698 594 735 215.
618 706 798 732 Innocentius
817 706 861 731 IV
875 704 1003 731 concedit
1024 704 1170 738 magistris
1195 706 1222 728 et
1243 701 1424 727 scholaribus
1447 700 1665 726 Parisiensibus
1687 703 1726 735 ut,
1753 701 1780 726 si
1799 700 1864 736 quis
1883 709 1979 727 eorum
1998 702 2086 728 etiam
2105 706 2190 728 extr-a
2209 703 2351 729 civitatem

569 755 761 781 Parisiensem
777 763 878 780 manus
894 753 1031 779 violentas
1047 753 1074 778 in
1091 752 1208 778 clericos
1225 751 1361 785 injecerit,
1380 759 1398 775 α
1414 749 1590 775 cancellario
1605 749 1770 775 Parisiensi
1781 758 1836 786 per·
1851 749 2018 776 decennium
2033 750 2144 777 absolvi
2154 752 2259 788 possit.

1689 848 1765 878 1252,
1780 848 1889 881 Augusti
1898 850 1945 879 2³,
1959 849 2064 875 Pet-unii.

569 926 803 959 Innocentius
838 925 1032 970 episcopus
1068 935 1197 956 servus
1232 934 1421 956 servorum
1457 923 1524 956 Dei
1559 922 1703 956 dilectis
1739 922 1825 956 filiis
1859 923 2044 969 magistris
2078 930 2113 957 et
2147 923 2351 958 scolaribus

479 992 745 1026 Parisiensibus
776 991 926 1024 salutem
963 997 998 1023 et
1026 990 1259 1035 apostolicam
1291 989 1598 1022 benedictionem.
1635 991 1715 1022 Non
1745 990 1850 1023 decet
1878 1001 1946 1023 nos
1975 989 2081 1024 vobis
2110 991 2349 1036 apostolicum

478 1071 610 1104 negare
637 1059 808 1099 savorem,
838 1069 943 1102 quem
970 1057 1103 1090 vestris
1130 1056 1304 1089 videmini
1333 1056 1473 1089 meritis
1502 1056 1710 1098 vendicare,
1740 1056 1825 1089 dum
1853 1056 1982 1090 dantes
2009 1069 2155 1102 operam
2183 1058 2348 1100 scientie,

476 1137 546 1170 que
572 1125 765 1170 plurimum
792 1135 859 1157 nos
885 1123 1051 1164 delectat,
1083 1129 1207 1156 nostre
1237 1134 1303 1156 vos
1331 1123 1447 1168 gratie
1475 1123 1664 1168 coaptatis,
1692 1123 1754 1168 qui
1779 1123 1974 1168 aliquando
2000 1123 2206 1169 disciplinis
2234 1125 2351 1159 scola-

475 1192 575 1226 sticis
596 1191 821 1231 insudantes,
853 1191 896 1223 ad
924 1202 1103 1223 summum
1130 1201 1257 1223 sumus
1283 1189 1369 1222 licet
1393 1190 1564 1223 immeriti
1591 1190 1841 1235 magisterium
1870 1190 2020 1224 evocati.
2050 1191 2141 1224 Hinc
2167 1198 2224 1224 est
2251 1191 2350 1237 quod

475 1259 586 1304 quieti
621 1264 740 1291 vestre
775 1264 922 1302 paterna
956 1256 1123 1290 volentes
1159 1256 1408 1289 sollicitudine
1443 1257 1651 1302 providere,
1686 1269 1766 1290 cum
1803 1256 1891 1290 alias
1925 1256 2030 1290 vobis
2065 1257 2277 1291 duxerimus
2311 1265 2351 1292 ut

475 1325 607 1359 dicitur
641 1324 942 1369 indulgendmn¹,
980 1330 1019 1356 ut
1050 1350 1071 1356 ..
1103 1323 1342 1356 cancellarius
1377 1323 1596 1357 Parisiensis
1636 1323 1840 1357 scolaribus
1878 1336 1944 1369 pro
1983 1336 2153 1357 manuum
2191 1324 2349 1359 violenta

475 1392 670 1437 injectione
691 1391 727 1423 in
748 1390 902 1423 clericos
923 1390 1014 1423 infra
1035 1390 1213 1423 civitatem
1236 1390 1480 1424 Parisiensem
1502 1390 1696 1423 commissa
1721 1391 2106 1424 excommunicationis
2133 1392 2347 1425 sententiam

474 1457 747 1491 incurrentibus
774 1458 890 1502 possit
917 1457 1160 1490 absolutionis
1188 1456 1406 1490 beneficium
1433 1458 1535 1502 juxta
1559 1457 1710 1490 formam
1736 1457 1892 1491 ecclesie
1922 1458 2113 1502 impertiri,
2142 1470 2210 1491 nos
2239 1470 2351 1504 super

474 1525 542 1558 hoc
571 1524 676 1558 vobis
702 1524 908 1557 uberiorem
934 1524 1084 1569 gratiam
1113 1523 1287 1557 facientes
1313 1523 1419 1556 vobis
1446 1524 1660 1557 auctoritate
1687 1524 1911 1569 presentium
1938 1524 2174 1570 indulgemus
2203 1531 2242 1558 ut
2265 1537 2350 1558 can-

474 1592 644 1625 cellarius
664 1591 894 1632 Parisiensis,
917 1591 978 1635 qui
1000 1602 1064 1635 pro
1086 1597 1249 1636 tempore
1277 1591 1399 1630 fuerit,
1427 1590 1517 1624 tales
1543 1602 1661 1636 usque
1687 1591 1731 1623 ad
1757 1590 1975 1623 decennium
1999 1590 2190 1625 absolvere
2219 1591 2349 1634 valeat,
2397 1586 2404 1589 1

475 1659 579 1691 etiam
607 1658 637 1690 si
665 1658 794 1690 factum
826 1664 923 1690 extra
953 1657 1132 1690 civitatem
1162 1657 1404 1690 Parisiensem
1436 1657 1527 1690 infra
1559 1657 1699 1690 miliare
1727 1657 1838 1690 fuerit
1863 1664 2121 1703 perpetratum,
2151 1658 2349 1692 dummodo

475 1725 592 1770 passis
618 1724 783 1769 injuriam
812 1724 1031 1757 satisfaciant
1051 1730 1313 1769 competenter,
1343 1730 1378 1757 et
1404 1724 1494 1757 adeo
1523 1736 1596 1757 non
1624 1724 1734 1757 suerit
1759 1724 1880 1769 gravis
1908 1731 1943 1757 et
1971 1724 2133 1758 enormis
2161 1736 2348 1767 excessus,

475 1798 622 1836 propter
643 1803 749 1835 quem
770 1791 813 1823 ad
836 1791 959 1823 sedem
981 1790 1216 1836 apostolicam
1237 1791 1366 1823 merito
1393 1791 1467 1823 sint
1491 1791 1670 1823 mittendi.
1698 1790 1796 1823 Nulli
1822 1802 1925 1836 ergo,
1949 1796 2028 1832 eta,
2052 1798 2177 1825 nostre
2198 1803 2350 1825 conces-

473 1859 599 1899 sionis7
630 1863 693 1891 etc.
722 1857 758 1890 Si
782 1858 864 1902 quis
893 1864 1025 1899 autem,
1051 1863 1115 1891 etc.
1148 1859 1226 1890 Dat*
1258 1858 1400 1890 Perusii
1430 1870 1451 1890 x
1480 1857 1549 1890 kal.
1583 1857 1821 1902 Septembris,
1850 1858 2081 1903 pontificatus
2109 1858 2225 1891 nostri
2254 1870 2349 1892 anno

474 1925 626 1958 decimo.

566 2022 700 2053 Originale
716 2022 742 2044 iu
758 2022 833 2045 Areh.
851 2025 903 2045 nat.
920 2022 1003 2045 Paris.
1022 2022 1048 2045 L.
1066 2023 1120 2050 248,
1137 2027 1166 2045 n⁰
1181 2023 1235 2045 213.
1259 2022 1336 2045 Bulla
1358 2022 1483 2053 plumbea
1503 2022 1555 2045 filis
1577 2021 1652 2045 serie.
1676 2021 1736 2045 ssavi
1761 2025 1786 2045 et
1806 2022 1882 2045 rubei
1906 2022 2002 2045 eoloris
2023 2022 2191 2054 appenditur.
2212 2023 2241 2046 In
2256 2030 2350 2046 uvel-eu

474 2067 626 2089 membrana
648 2066 764 2097 legiturz
782 2076 793 2090 «
810 2067 857 2090 Th.
879 2067 910 2090 de
931 2067 1025 2090 Sancto
1041 2066 1135 2098 Egidio
1152 2076 1173 2090 ».
1190 2067 1342 2090 Pertinebut
1361 2067 1395 2090 nd
1414 2066 1490 2090 Arch.
1515 2066 1636 2090 Univers.
1658 2080 1689 2083 —
1703 2066 1823 2097 Epistola
1842 2070 1882 2090 est
1906 2067 2005 2090 inserta
2023 2067 2198 2090 instrumento
2219 2075 2261 2091 an.
2289 2067 2350 2091 1³1⁸

474 2112 590 2134 confecto
614 2110 640 2134 in
667 2111 742 2134 Arch.
766 2111 843 2134 Univ.
867 2111 941 2134 theca
962 2112 1002 2134 lv.
1024 2112 1051 2134 Α.
1069 2112 1106 2134 18.
1124 2120 1147 2135 a.
1165 2111 1241 2135 Aliud
1264 2111 1451 2143 apographum
1471 2110 1549 2143 (saec.
1566 2111 1644 2140 xm),
1666 2110 1693 2134 in
1708 2111 1786 2134 Arch.
1810 2114 1863 2135 nat.
1881 2111 1965 2135 Paris.
1987 2112 2020 2135 M.
2040 2112 2097 2140 66⁸,
2117 2115 2147 2134 11⁰
2166 2112 2188 2135 3.
2210 2111 2348 2141 Jourdain,

473 2159 503 2179 11⁰
518 2156 571 2179 101.

567 2240 589 2263 1.
609 2240 662 2262 Hoc
676 2239 847 2271 privilegium
863 2240 1005 2263 Innocentii
1021 2241 1054 2263 lv
1074 2240 1190 2272 reperire
1211 2249 1263 2264 non
1282 2240 1426 2272 potuimus.
1448 2241 1633 2265 Verisimiliter
1652 2249 1694 2264 an.
1717 2242 1778 2264 1245
1793 2242 1834 2265 vel
1855 2241 1924 2269 1246,
1946 2241 2014 2264 sicut.
2033 2241 2115 2264 multa
2135 2240 2196 2269 aliu,
2213 2248 2296 2272 usque
2315 2241 2349 2265 ad

475 2284 640 2315 septennium
655 2292 807 2307 eoncessum
824 2287 871 2308 est.
890 2285 961 2312 Quae
977 2285 1012 2308 sit
1028 2286 1111 2308 forma
1126 2285 1261 2316 privilegii
1278 2294 1309 2309 ex
1323 2285 1436 2317 epistola
1451 2286 1582 2317 superiori
1596 2286 1686 2317 liquet.

479 2471 507 2506 2
517 2471 770 2508 16.11aime1·ici
784 2482 953 2509 cancellarii
967 2484 1144 2509 Parisiensis
1164 2487 1377 2519 ceterorumque
1392 2483 1539 2510 doctor-um
1558 2492 1662 2510 sacrae
1678 2483 1839 2518 theologiae
1860 2487 1950 2509 votum
1965 2483 2001 2509 de
2017 2483 2142 2519 quodam
2157 2491 2227 2509 casu
2243 2483 2272 2509 in
2285 2485 2349 2518 for-o

563 2530 770 2564 paenitentiae.

1571 2582 1648 2612 1253,
1663 2589 1753 2608 mense
1767 2582 1896 2611 danum-lo,
1911 2581 1930 2616 [
1931 2581 2037 2607 Pertalis
2037 2580 2063 2615 J.

569 2651 747 2685 Omnibus
773 2661 962 2697 presentes
987 2654 1125 2688 litteras
1151 2656 1373 2701 inspecturis
1398 2656 1572 2701 magister
1601 2657 1642 2688 H.
1665 2656 1904 2689 cancellarius
1925 2655 2142 2688 Parisiensis
2163 2655 2348 2700 ceterique
2385 2654 2388 2657 ”

481 2729 581 2749 sacre
614 2719 791 2763 scripture
826 2720 1051 2753 Parisienses
1082 2722 1264 2763 doctores,
1296 2734 1449 2767 quorum
1482 2722 1603 2767 sigilla
1633 2722 1867 2767 presentibus
1896 2721 2027 2754 litteris
2058 2728 2143 2754 sunt
2175 2733 2347 2766 appensa,

482 2782 632 2815 salutem
664 2784 699 2815 in
734 2785 900 2818 Domino.
936 2787 1170 2820 Universitati
1204 2795 1324 2821 vestre
1358 2788 1527 2822 volumus
1563 2800 1645 2821 esse
1680 2794 1818 2829 notum,
1851 2787 1949 2833 quod
1979 2787 2136 2820 consulti
2167 2787 2301 2820 fuimus
2330 2800 2348 2820 a

482 2849 711 2893 quibusdam,
733 2857 851 2883 utrum
873 2853 1060 2885 sacerdote
1082 2854 1297 2898 parrochiali
1317 2855 1587 2888 contradicente
1608 2854 1666 2888 vel
1686 2854 1798 2888 invito
1819 2853 2080 2900 parrochianus
2101 2855 2180 2898 ejus
2200 2853 2348 2887 domino

482 2927 570 2960 pape
606 2928 669 2948 seu
704 2917 972 2961 penitenciariis
1007 2919 1084 2952 suis
1118 2920 1175 2953 vel
1210 2933 1276 2953 suo
1307 2922 1481 2966 episcopo
1512 2928 1572 2955 aut
1601 2921 1866 2966 penitentiariis
1896 2921 2026 2966 ipsius,
2061 2932 2142 2953 cum
2176 2920 2346 2962 voluerit,
