2580 3528
482 386 547 419 292
1061 394 1379 418 CHARTULARlUM
1414 392 1604 414 UNIVEns.
1642 392 1770 414 Panis.
2255 385 2355 427 [1255

483 525 594 562 256.
619 535 754 569 Magistri
769 538 796 560 et
810 533 957 560 scholares
973 534 1071 561 Paris.
1089 533 1211 559 omnium
1230 531 1404 566 facultatum
1426 530 1599 556 denuntiant
1619 530 1787 557 Alexandro
1808 533 1852 558 IV
1860 540 1892 558 se
1911 532 2041 559 omnibus
2061 533 2245 560 renuntiasse
2261 533 2354 570 privi-

572 583 664 618 legiis,
689 582 798 609 nullam
819 592 880 608 cum
899 583 1042 617 fratribus
1063 580 1319 607 Praedicator-ibus
1338 579 1504 605 societatem
1527 579 1595 605 iniri
1610 588 1706 615 posse,
1728 579 1900 606 dissolutam
1920 590 1983 607 esse
2003 582 2130 618 ipsorum
2152 582 2354 618 magistrorum

571 633 736 658 societatem
744 643 754 667 ,-
769 632 796 658 si
811 631 851 657 ad
865 631 1018 658 ineundam
1034 640 1095 656 cum
1110 628 1365 655 praedicatoribus
1382 628 1513 654 unionem
1528 632 1703 664 cogerentur,
1721 638 1752 656 se
1767 629 1855 656 malle
1869 638 1889 656 a
1904 630 2018 657 civitate
2032 630 2189 658 discedere.

1688 719 1762 748 1255,
1779 718 1896 746 octobris
1910 721 1936 750 2,
1952 720 2066 747 Parisiis.

574 795 807 829 Sanctissimo
829 795 919 839 patri
941 806 979 827 ac
1000 793 1146 826 domino
1168 804 1234 825 suo
1250 792 1457 825 Alexandro
1479 792 1599 826 divina
1619 793 1847 838 providentia
1868 806 2010 828 summo
2030 795 2194 840 pontifici
2214 795 2352 842 singuli

482 862 645 907 magistri
674 868 708 894 et
737 861 895 894 scolares
925 860 1082 893 omnium
1119 858 1339 900 facultatum,
1372 858 1526 904 reliquie
1557 859 1799 905 dispersionis
1826 861 2044 895 Parisiensis
2074 862 2199 904 studii,
2229 869 2352 908 preter

482 927 735 961 Universitatis
756 927 951 971 collegium
973 925 1132 958 Parisius
1157 931 1437 967 commorantes,
1460 925 1695 959 devotissima
1715 926 1849 971 pedum
1870 927 1995 960 oscula
2014 920 2352 979 beatorquRadix

480 994 737 1039 amaritudinis
759 1005 902 1025 sursum
932 992 1154 1037 germinans,
1186 991 1351 1037 apostolo
1384 992 1599 1034 detestante,
1633 1000 1910 1038 persecutorum
1945 1001 2168 1036 nostrorum,
2200 996 2349 1029 fratrum

479 1059 648 1093 videlicet
676 1059 958 1099 Predicatorum,
986 1059 1023 1090 in
1049 1057 1223 1091 cordibus
1251 1057 1475 1100 coalescens,
1504 1058 1541 1091 in
1571 1059 1710 1093 fructus
1737 1071 1879 1093 amaros
1908 1060 2000 1094 adeo
2025 1061 2230 1106 pullulavit,
2252 1061 2351 1108 quod

479 1126 637 1159 studium
659 1132 836 1167 nostrum,
863 1137 928 1170 per
953 1125 1051 1170 quod
1077 1125 1301 1158 desideratas
1327 1125 1453 1158 mundi
1478 1125 1616 1171 glorias
1641 1133 1869 1169 assecuntur,
1897 1139 1971 1160 non
1996 1128 2076 1161 sine
2096 1135 2180 1162 nota
2199 1128 2351 1175 ingrati-

478 1192 614 1225 tudinis
642 1199 714 1225 tum
743 1204 807 1237 per
838 1192 921 1225 lites
951 1199 986 1224 et
1009 1192 1145 1237 jurgia,
1177 1198 1251 1224 tum
1282 1203 1347 1237 per
1376 1192 1552 1226 secularis
1580 1194 1770 1238 potestatis
1798 1200 1958 1228 terrores
1982 1195 2057 1239 jam
2086 1195 2162 1228 fere
2191 1195 2350 1230 triennio

477 1259 676 1304 impedivit,
699 1266 734 1292 et
754 1258 948 1292 multorum
975 1259 1218 1292 conscientias
1243 1259 1457 1304 inquinavit.
1485 1260 1609 1305 Nuper
1633 1266 1751 1293 autem
1774 1261 1859 1310 dicti
1885 1268 2142 1306 persecutores
2162 1274 2228 1308 per
2247 1274 2348 1296 suam

476 1326 680 1358 instantiam
709 1326 963 1370 importunam,
993 1325 1051 1358 cui
1080 1325 1203 1358 resisti
1233 1326 1292 1359 vix
1321 1332 1454 1371 potest,
1481 1325 1550 1359 sub
1576 1333 1742 1372 pretextu
1771 1327 2012 1361 ordinationis
2042 1328 2207 1373 ejusdem
2237 1329 2349 1363 studii

476 1392 652 1437 quandam
674 1404 692 1424 a
712 1399 830 1425 vestra
852 1392 1041 1425 clementia
1062 1391 1313 1438 subreptitiam
1333 1392 1489 1426 litteram
1511 1399 1754 1435 extorserunt,
1777 1406 1862 1439 que,
1880 1394 1994 1439 Quasi
2013 1394 2150 1440 lignum
2169 1395 2241 1429 vite
2259 1407 2349 1430 voce

475 1449 580 1491 tenus
616 1458 828 1503 incipiens⁴,
854 1465 975 1504 preter
1002 1459 1242 1492 intentionem
1269 1466 1427 1493 vestram
1457 1466 1494 1492 et
1521 1460 1670 1493 fratrum
1700 1467 1920 1503 vestrorum,
1949 1467 1989 1494 ut
2017 1461 2215 1504 credimus,
2241 1460 2348 1496 nobis

474 1526 563 1558 facta
584 1532 639 1558 est
658 1525 796 1571 lignum
818 1526 957 1567 mortis,
979 1526 1166 1571 antiquum
1197 1525 1309 1559 studii
1337 1526 1525 1559 memorati
1552 1526 1717 1560 ordinem
1743 1533 1779 1560 et
1803 1527 2099 1572 tranquillitatem
2126 1528 2202 1561 fere
2230 1540 2348 1574 usque

473 1592 517 1625 ad
544 1577 823 1625 exinanitionem
854 1592 1103 1638 multipliciter
1129 1592 1389 1638 perturbando.
1414 1594 1461 1626 Ut
1485 1593 1581 1626 enim
1607 1593 1652 1626 ad
1675 1605 1829 1639 presens
1858 1593 1903 1627 de
1927 1594 2060 1627 ceteris
2089 1594 2140 1627 ibi
2165 1595 2347 1632 contentis

472 1658 755 1704 gravaminibus,
778 1671 847 1704 que
869 1659 980 1692 studii
1001 1659 1200 1705 supradicti
1220 1660 1401 1693 fervorem
1423 1660 1626 1706 extingunt,
1648 1660 1813 1706 vigorem
1835 1667 1998 1703 enecant,
2020 1667 2202 1695 taceamus
2225 1673 2232 1694 :
2255 1661 2347 1695 illud

473 1737 583 1758 unum
604 1726 641 1758 in
662 1738 701 1758 ca
723 1725 829 1759 nobis
851 1713 1080 1759 intolerabile
1102 1733 1137 1759 et
1155 1726 1262 1759 letale
1284 1726 1488 1772 periculum
1509 1727 1727 1769 continetur,
1751 1733 1790 1760 ut
1810 1739 1890 1760 cum
1917 1727 2032 1761 simus
2058 1727 2346 1773 alienigenarum

471 1792 663 1825 multitudo
694 1792 881 1834 inhermis,
912 1793 1045 1838 quibus
1071 1793 1115 1826 ab
1144 1793 1330 1839 indigenis
1357 1800 1499 1827 atroces
1529 1800 1565 1827 et
1593 1788 1803 1839 corporales
1835 1794 1968 1839 injurie
1995 1795 2224 1839 frequentius
2253 1795 2346 1829 irro-

469 1865 613 1903 gantur,
635 1871 701 1892 ncc
726 1859 824 1892 aliud
850 1860 963 1893 dietas
989 1860 1142 1904 injurias
1166 1860 1415 1905 prosequendi
1441 1860 1575 1894 habere
1602 1860 1785 1894 soleamus
1810 1860 1998 1903 auxilium,
2026 1873 2133 1906 quam
2157 1873 2276 1906 usque
2301 1861 2346 1897 ad

470 1925 720 1958 excitationem
750 1926 926 1971 principis
955 1926 1176 1971 generaliter
1210 1933 1353 1960 nostras
1386 1927 1614 1972 suspendere
1647 1927 1839 1968 lectiones,
1871 1927 1963 1960 illud
1995 1927 2142 1960 unicum
2176 1931 2342 1963 nosti-uni

470 1992 669 2024 remedium
694 1991 800 2025 nobis
825 2005 889 2037 per
910 2000 1140 2026 memoratam
1167 1993 1322 2026 litteram
1350 2000 1407 2027 est
1430 1993 1600 2036 ablatum,
1623 1993 1686 2027 ubi
1706 2000 1865 2036 cavetur,
1887 1993 1986 2039 quod
2004 2006 2078 2027 non
2099 1994 2171 2027 nisi
2190 1993 2235 2027 de
2256 2006 2343 2028 con-

470 2069 581 2090 sensu
609 2058 759 2091 duarum
786 2059 937 2104 partium
966 2060 1223 2105 magistrorum
1248 2059 1445 2105 cujuslibet
1463 2060 1644 2093 facultatis
1672 2059 1917 2106 obligationes
1937 2060 2122 2094 valeamus
2149 2061 2269 2094 faeere
2296 2060 2342 2096 de

469 2124 659 2157 cessando.
682 2125 772 2158 Cum
799 2126 894 2158 enim
921 2126 1177 2171 magistrorum
1207 2126 1333 2159 saltem
1363 2126 1547 2172 theologie
1574 2139 1657 2172 pars
1683 2128 1797 2172 major
1822 2139 1927 2172 quam
1954 2127 2058 2160 tertia
2084 2127 2128 2160 de
2154 2126 2341 2161 canonicis

468 2191 685 2224 Parisiensis
714 2192 868 2225 ecclesie
896 2199 931 2225 et
959 2192 1131 2226 fratribus
1165 2193 1318 2226 aliorum
1353 2199 1596 2226 conventuum
1629 2193 1804 2227 Parisien.
1836 2193 1988 2226 maxime
2023 2193 2215 2227 occasione
2246 2192 2341 2227 dicte

469 2257 708 2291 ordinationis
730 2270 874 2303 semper
893 2259 1034 2301 existat,
1052 2259 1114 2304 qui
1135 2260 1263 2292 timore
1285 2259 1533 2293 translationis
1555 2259 1666 2293 studii
1687 2266 1748 2293 aut
1767 2271 1938 2293 recessus
1959 2259 2154 2293 scolarium
2175 2259 2213 2293 in
2232 2271 2340 2305 gene-

470 2324 578 2356 ralem
605 2325 844 2357 cessationem
872 2326 966 2358 sicut
990 2326 1129 2371 experti
1154 2326 1370 2359 didiscimus
1396 2338 1623 2371 nequaquam
1648 2333 1802 2372 possent
1825 2326 1962 2368 induci,
1985 2333 2108 2368 restat,
2130 2333 2170 2359 ut
2188 2338 2255 2359 nec
2275 2337 2341 2371 per

468 2389 559 2423 hanc
586 2391 692 2432 viam,
728 2403 793 2424 nec
826 2404 891 2436 per
924 2392 1041 2434 aliam,
1077 2405 1158 2425 cum
1193 2392 1261 2426 alia
1291 2405 1364 2426 non
1394 2393 1536 2434 existat,
1571 2393 1723 2438 injurias
1758 2399 1901 2427 nostras
1934 2393 2109 2438 prosequi
2142 2392 2339 2427 valeamus„

470 2457 620 2501 Propter
645 2458 743 2502 quod
768 2458 904 2503 singuli
931 2466 1094 2492 nostrum
1123 2466 1289 2504 tanquam
1316 2470 1403 2493 oves
1429 2459 1596 2505 disperse
1622 2460 1769 2505 impune
1795 2459 1868 2492 dati
1893 2471 2020 2492 sumus
2050 2458 2202 2492 cedibus
2228 2458 2341 2504 pesti-

470 2522 619 2555 lentium
654 2530 689 2556 et
723 2525 905 2568 perversis
940 2525 1149 2559 incursibus
1184 2526 1439 2571 malignorum.
1476 2527 1554 2569 Que
1588 2532 1721 2568 autem,
1756 2533 1857 2571 pater
1891 2533 2027 2568 sancte,
2063 2531 2339 2571 persecutorum

472 2595 677 2621 nostrorum
700 2590 834 2623 utilitas
855 2591 892 2624 in
913 2592 1092 2637 sanguine
1113 2599 1254 2634 nostro,
1277 2592 1361 2625 dum
1382 2605 1447 2638 per
1468 2592 1573 2626 talem
1596 2592 1862 2626 ordinationem
1883 2592 1926 2625 ab
1948 2592 2000 2625 eis
2021 2592 2190 2637 nequiter
2208 2603 2340 2638 procu-

471 2661 579 2687 ratam
616 2655 872 2692 descendimus
906 2657 942 2690 iu
975 2658 1238 2691 occisionem²P
1274 2659 1350 2692 Etsi
1385 2659 1481 2692 enim
1516 2671 1589 2692 non
1624 2659 1741 2692 solum
1777 2658 1897 2701 nobis,
1927 2658 1992 2692 sed
2022 2665 2058 2691 et
2085 2658 2152 2700 eis,
2183 2664 2222 2691 ut
2253 2669 2339 2692 vere

471 2728 651 2763 asserunt,
674 2721 765 2754 dicta
786 2723 964 2757 ordinatio
986 2725 1033 2757 sit
1053 2725 1193 2767 nociva,
1215 2738 1288 2759 non
1315 2725 1382 2759 hec
1412 2732 1530 2758 tamen
1557 2737 1621 2759 eos
1646 2732 1794 2759 excusat
1817 2725 1985 2767 assertio,
2011 2725 2077 2758 sed
2102 2725 2139 2757 in
2163 2724 2232 2758 hoe
2257 2724 2339 2770 ipso

472 2787 587 2832 magis
607 2795 754 2832 apparet
773 2800 897 2822 eorum
919 2791 1065 2833 malitia,
1083 2792 1144 2836 qui
1165 2799 1204 2825 ut
1224 2792 1331 2826 nobis
1353 2804 1484 2826 nocere
1500 2792 1654 2834 valeant,
1673 2792 1817 2838 propria
1839 2804 1912 2825 non
1933 2792 2132 2825 timuerunt
2151 2791 2338 2824 incurrere

473 2853 697 2886 detrimenta.
735 2855 902 2887 Ceterum
935 2868 1015 2889 cum
1047 2857 1139 2890 duos
1174 2858 1352 2891 dictorum
1389 2859 1552 2901 fratrum,
1586 2858 1913 2892 Bonumhominem
1949 2864 1984 2891 et
2017 2857 2179 2902 Helyam,
2213 2863 2339 2891 contra

473 2931 572 2952 suam
595 2920 858 2964 professionem
881 2934 944 2955 eos
964 2923 1008 2955 ad
1029 2924 1238 2969 evangelica
1259 2924 1394 2958 Christi
1420 2925 1573 2959 consilia
1599 2925 1820 2971 obligantem
1842 2931 1990 2958 vocatos
2011 2923 2221 2969 magistros,
2241 2923 2336 2968 olym
