2580 3528
481 396 546 429 480
1060 402 1379 425 annTULAntum
1417 401 1608 423 UMVERS.
1646 400 1775 432 ranis.
2257 392 2358 433 [1268

488 479 650 513 Romelie
677 485 905 512 assumentes
933 478 969 510 in
996 477 1064 511 viis
1093 476 1213 521 Egipti
1241 487 1351 520 aquas
1377 474 1541 507 turbidas
1568 474 1724 514 auriunt,
1754 473 1838 506 dum
1867 485 1906 507 se
1933 486 2007 507 non
2034 474 2114 508 sine
2141 475 2357 509 confusione

488 546 596 579 nimia
630 546 793 591 gravium
829 544 1070 577 turbationum
1107 542 1286 587 angustiis
1321 541 1562 581 involventeS,
1598 551 1636 572 se
1672 539 1772 585 ipsos
1801 540 1845 573 ad
1875 540 2028 574 invicem
2065 553 2146 574 cuin
2180 541 2359 576 deberent

490 613 648 658 perfecto
683 623 803 645 amore
839 610 1023 655 prosequi,
1059 620 1231 654 perverso
1266 607 1377 640 nimio
1408 607 1491 639 odio
1527 613 1770 651 persecuntur
1803 607 1898 640 inter
1929 619 1981 650 se,
2018 619 2091 641 non
2125 608 2204 642 sine
2234 615 2356 655 strage

488 690 695 724 corporum,
730 678 925 710 animarum
961 675 1134 721 periculis
1168 681 1203 707 et
1232 675 1323 706 same
1358 673 1569 706 discrimine
1599 672 1693 706 bella
1729 673 1886 707 excitant
1917 673 2077 716 illorum,
2112 686 2151 708 se
2184 676 2358 721 frangunt

489 745 676 778 laboribus
706 750 740 777 et
768 744 976 788 frequenter
1005 753 1183 774 armorum
1217 739 1451 773 varietatibus
1481 740 1661 772 variantes
1691 740 1873 773 interdum
1904 740 2049 786 publice
2081 753 2147 787 per
2175 742 2355 776 civitatem

489 811 727 844 Parisiensem
758 809 935 854 explicitis
963 808 1105 841 vexillis
1137 807 1322 840 incedunt.
1355 806 1485 839 Prefati
1516 818 1662 851 quoque
1691 807 1802 839 studii
1829 806 1960 840 honori
1987 807 2157 850 detrahit,
2185 809 2355 854 preconia

489 878 617 910 minuit
647 883 678 909 et
706 888 777 908 non
803 875 983 908 modicum
1010 873 1198 906 obnubilat
1226 873 1436 911 claritatem,
1468 873 1565 918 quod
1595 873 1631 905 in
1652 885 1695 906 eo
1725 873 1770 906 ad
1799 874 2055 919 magistrorum
2085 875 2249 908 ordinem
2282 888 2354 910 non

486 928 760 980 examinationis
795 948 915 974 exacte
944 941 1083 985 judicio
1118 946 1156 972 ut
1190 939 1268 972 fleri
1303 939 1438 972 assolet
1467 939 1632 972 ordinate
1662 947 1924 985 promoventur
1956 941 2104 986 ydonei,
2139 942 2204 975 sed
2239 942 2354 988 gratie

487 1015 675 1054 procurate
710 1008 874 1041 subsidio
914 1007 1116 1039 inordinate
1153 1007 1273 1051 potius
1307 1006 1546 1039 admittuntur
1580 1006 1735 1052 indigni.
1773 1007 1959 1052 Siquidem
1995 1008 2069 1052 jam
2104 1008 2355 1043 indifferenter

486 1075 573 1108 inibi
606 1074 802 1119 magisterii
834 1080 1028 1118 usurpatur
1058 1073 1227 1113 officium,
1257 1073 1300 1105 ad
1322 1073 1419 1118 quod
1447 1073 1601 1106 1nunus³
1624 1080 1774 1119 repente
1802 1074 2005 1119 prosilitur,
2027 1081 2063 1108 et
2082 1081 2219 1108 temere
2245 1075 2289 1109 ad
2317 1075 2354 1110 id

485 1142 563 1174 sine
584 1141 756 1186 temporis
778 1140 963 1185 suffragio,
983 1140 1061 1172 sine
1083 1139 1219 1172 laboris
1240 1139 1369 1172 merito
1391 1140 1614 1184 pervenitur.
1637 1140 1802 1186 Magistri
1824 1147 1993 1174 creantur
2013 1141 2149 1183 subito,
2167 1154 2240 1175 non
2261 1154 2354 1188 quos

477 1209 603 1253 juvant
634 1219 771 1239 morum
804 1207 1028 1251 scientieque
1059 1206 1243 1251 suffragia,
1275 1206 1340 1239 sed
1371 1206 1505 1251 quibus
1535 1207 1636 1240 favor
1665 1213 1700 1240 et
1729 1219 1858 1252 preces
1888 1220 1933 1240 ne
1963 1209 2118 1253 pretium
2154 1208 2354 1243 dixerimus

484 1274 736 1319 suffragantur.
770 1273 859 1305 Hinc
895 1273 1010 1318 ipsius
1046 1273 1156 1305 studii
1187 1272 1379 1318 disciplina
1409 1272 1637 1315 dissolvitur,
1672 1274 1904 1319 vagationum
1935 1275 2109 1319 frequens
2139 1281 2354 1320 procuratur

483 1341 636 1380 occasio,
668 1340 846 1385 ingeritur
876 1339 1173 1372 convocationum
1205 1340 1418 1378 necessitas,
1450 1346 1487 1373 ut
1518 1340 1804 1385 disputationum
1838 1341 1972 1374 vitetur
1999 1341 2194 1383 discussio,
2225 1349 2260 1375 et
2288 1353 2353 1388 per

481 1418 711 1451 consequens
741 1405 876 1438 utilitas
907 1406 1092 1438 amittitur.
1116 1405 1247 1450 Sicque
1275 1406 1360 1438 dum
1390 1406 1601 1451 frequenter
1629 1406 1907 1452 interrumpitur
1937 1407 2111 1449 studium,
2142 1408 2227 1441 dum
2257 1409 2350 1442 circa

482 1473 570 1506 illud
594 1473 695 1518 jugis
723 1472 927 1505 observatio
955 1485 1028 1505 non
1055 1479 1232 1514 servatur,
1264 1473 1368 1505 etiam
1400 1472 1534 1518 quibus
1562 1479 1617 1506 est
1643 1485 1728 1506 cura
1756 1474 1928 1507 studendi
1956 1474 2082 1507 sedula
2110 1486 2154 1508 ex
2180 1475 2352 1509 intercisa

482 1540 643 1573 doctrina
670 1540 729 1572 vix
755 1539 988 1572 diuturnitate
1015 1539 1151 1571 laboris
1179 1539 1388 1584 prolixioris
1413 1540 1624 1584 acquiritur,
1651 1540 1749 1585 quod
1777 1552 1820 1573 ex
1845 1541 2054 1574 continuato
2082 1548 2209 1586 posset
2234 1542 2351 1587 spatio

483 1606 655 1651 temporis
689 1605 868 1638 brevioris
901 1605 1050 1650 acquiri.
1085 1605 1178 1638 Illud
1214 1606 1364 1651 insuper
1394 1605 1528 1639 ibidem
1565 1607 1787 1639 studentium
1819 1606 2044 1652 profectibus
2078 1607 2228 1650 invidet,
2265 1608 2350 1641 dum

482 1672 643 1717 ejusdem
675 1672 830 1716 quietem
861 1672 971 1705 studii
1001 1671 1250 1716 multipliciter
1279 1672 1468 1717 inquietat,
1501 1673 1598 1718 quod
1629 1673 1763 1706 debitis
1792 1673 1836 1706 ab
1866 1674 2110 1707 Universitate
2140 1674 2257 1720 ipsius
2285 1686 2350 1720 pro

481 1738 732 1771 communibus
754 1739 910 1784 negotiis
932 1745 967 1771 et
988 1738 1138 1771 utilitate
1160 1739 1354 1772 contractis
1375 1739 1523 1772 cottidie
1545 1739 1796 1773 crescentibus
1822 1752 1887 1785 per
1908 1752 2051 1782 usuras,
2080 1753 2161 1773 cum
2183 1753 2257 1774 non
2278 1741 2352 1775 sint

481 1805 595 1837 eidem
626 1805 858 1838 Universitati
884 1805 978 1838 bona
1004 1805 1207 1838 communia
1234 1817 1299 1838 nec
1327 1805 1512 1839 seculares
1537 1806 1731 1840 voluntarii
1758 1807 1801 1840 ad
1826 1806 2131 1840 contributionem
2154 1819 2220 1852 pro
2245 1808 2351 1842 satis·

478 1872 631 1904 factione
652 1871 860 1916 hujusmodi
879 1871 1083 1904 debitorum
1105 1879 1310 1914 occurrant,
1333 1873 1417 1905 dum
1439 1873 1476 1905 in
1497 1873 1642 1906 illorum
1664 1873 1847 1907 solutione
1868 1880 2045 1915 cessatur,
2067 1874 2347 1908 Universitatem

480 1938 591 1983 ipsam
614 1939 839 1971 incessanter
859 1945 893 1971 et
913 1950 1104 1972 usurarum
1125 1951 1261 1985 vorago
1283 1939 1452 1973 molestat
1472 1946 1507 1973 et
1526 1940 1679 1973 molesta
1699 1940 1869 1974 instantia
1890 1940 2095 1973 debitorum
2117 1940 2257 1986 affligit.

567 2005 764 2049 Cupientes
785 2005 903 2049 itaque
924 2016 1034 2050 super
1054 2004 1125 2038 hiis
1146 2005 1369 2050 provisionis
1389 2006 1601 2039 acommode
1618 2006 1819 2039 remedium
1836 2005 2009 2039 adhibere
2026 2006 2348 2052 circumspectioni

480 2077 611 2111 vestre,
641 2071 684 2103 de
712 2083 779 2115 qua
808 2071 947 2116 plenam
977 2071 1013 2103 in
1039 2072 1194 2104 Domino
1223 2071 1389 2104 fiduciam
1412 2071 1634 2114 obtinemus,
1663 2084 1728 2117 per
1753 2072 1951 2117 apostolica
1977 2073 2110 2118 scripta
2136 2073 2349 2107 mandamus

479 2137 647 2181 quatinus
677 2137 719 2169 ad
749 2137 926 2170 civitatem
961 2138 1111 2170 eandem
1142 2138 1384 2182 personaliter
1411 2139 1627 2172 accedentes
1656 2138 1841 2184 aliquibus
1869 2151 1912 2172 ex
1939 2139 2152 2173 doctoribus
2182 2146 2218 2173 et
2243 2139 2348 2173 aliis*

478 2203 645 2247 personis
676 2203 929 2236 Universitatis
960 2204 1137 2248 ejusdem,
1167 2216 1259 2249 quos
1286 2204 1330 2237 ad
1358 2203 1425 2237 hoc
1452 2205 1616 2250 ydoneos
1644 2217 1728 2238 esse
1749 2206 2012 2250 cognoveritis,
2034 2206 2244 2239 convocatis
2264 2218 2346 2239 cum

477 2269 635 2313 ipsorum
663 2269 817 2302 consilio
846 2270 1042 2314 exquiratis
1071 2276 1106 2303 et
1132 2270 1237 2303 etiam
1266 2271 1444 2304 ordinetis
1471 2271 1547 2304 vias
1573 2278 1609 2304 et
1635 2271 1763 2305 modos
1789 2284 1854 2316 per
1880 2284 1973 2317 quos
1998 2272 2194 2305 insolentie
2220 2271 2348 2318 hujus-

478 2335 573 2368 modi
603 2343 880 2380 conpescantur,
916 2337 1058 2369 occasio
1089 2337 1339 2370 vacationibus
1369 2337 1516 2371 tollatur
1546 2338 1734 2380 indebitis,
1771 2345 1806 2371 et
1838 2339 1987 2384 prefatis
2023 2338 2156 2372 debitis
2191 2338 2347 2373 exolutis

478 2401 642 2434 molestie
676 2403 948 2447 conquiescant,
984 2415 1028 2435 ne
1063 2415 1127 2448 per
1161 2415 1222 2436 eas
1257 2404 1419 2448 ejusdem
1456 2405 1577 2438 fervor
1610 2411 1771 2450 tepescat
1805 2406 1917 2438 studii
1949 2405 2006 2439 vel
2040 2405 2258 2451 impediatur
2288 2405 2347 2439 vel

478 2467 657 2499 minuatur
691 2468 825 2501 utilitas
859 2475 894 2501 et
928 2469 1112 2513 profectus
1145 2470 1382 2511 studentium,
1414 2471 1478 2503 sed
1514 2470 1668 2504 sublatis
1702 2471 1842 2505 eisdem
1876 2478 2132 2517 promoveatur
2161 2472 2282 2517 potius
2312 2478 2348 2505 et

479 2532 612 2565 utilitas
636 2541 819 2578 augeatur.
848 2536 926 2567 Non
954 2535 1196 2578 obstantibus,
1225 2542 1288 2570 etc.
1317 2537 1423 2580 Quod
1449 2538 1480 2570 si
1506 2538 1628 2571 forsan
1654 2538 1849 2583 exquisitio
1875 2545 1910 2571 et
1935 2538 2115 2571 ordinatio
2136 2538 2346 2583 hujusmodi

479 2598 521 2630 ad
549 2599 704 2632 votivum
728 2600 857 2632 exitum
882 2600 1019 2634 obicem
1047 2602 1312 2647 inexplicabilis
1334 2604 1555 2637 difficultatis
1580 2605 1778 2647 inveniant,
1801 2617 1874 2638 non
1902 2605 2020 2638 solum
2049 2611 2178 2637 statum
2207 2604 2346 2650 negotii

480 2664 543 2695 sed
578 2671 613 2696 et
646 2672 763 2697 vestra
798 2673 833 2698 et
866 2666 1053 2699 doctorum
1089 2680 1127 2700 ac
1161 2669 1312 2701 aliorum
1344 2682 1436 2714 quos
1467 2671 1647 2704 duxeritis
1682 2671 1937 2704 convocandos
1971 2670 2078 2704 nobis
2108 2682 2173 2715 per
2205 2677 2345 2704 vestras

479 2728 615 2762 litteras
641 2729 763 2762 harum
791 2732 922 2764 seriem
948 2733 1176 2767 continentes
1197 2735 1348 2768 consilia
1371 2736 1559 2778 intimetis,
1582 2743 1621 2770 ut
1641 2749 1684 2770 ex
1710 2737 1783 2770 illis
1804 2737 1972 2770 instructi
1998 2737 2143 2781 plenius
2169 2743 2202 2769 et
2228 2736 2346 2770 effica-

479 2795 558 2828 cius
578 2796 671 2828 circa
691 2796 758 2829 hoc
785 2804 891 2841 prout
915 2799 1084 2843 expedire
1111 2800 1317 2844 putabimus
1338 2803 1479 2836 favente
1501 2803 1657 2836 Domino
1684 2803 1878 2836 consilium
1899 2815 2136 2848 apponamus.
2166 2804 2210 2836 Et
2229 2803 2346 2836 nichi-

479 2860 636 2894 lominus
667 2862 782 2894 eidem
811 2863 1043 2896 Universitati
1073 2866 1250 2899 mandetis
1279 2874 1316 2900 ut
1341 2868 1497 2913 aliquem
1528 2869 1586 2902 vel
1612 2869 1754 2914 aliquos
1778 2869 1878 2902 viros
1898 2869 2062 2914 ydoneos
2089 2869 2181 2902 infra
2209 2869 2343 2902 dictum

480 2933 620 2971 tempus
651 2928 747 2972 quod
778 2928 830 2961 eis
861 2929 1035 2962 duxeritis
1065 2931 1316 2976 prefigendum
1347 2946 1427 2967 cum
1459 2935 1652 2968 sufficienti
1686 2935 1853 2968 mandato
1882 2935 1926 2968 ad
1960 2941 2120 2968 nostram
2150 2947 2340 2980 personam

2572 2480 2580 2576 ..an-0.-.
2572 2179 2580 2465 —A-n-n-.d—n-.nh.x—nr-n
2577 2158 2580 2163 .
2575 2113 2580 2135 ψ.
2575 2037 2580 2089 .t...„

2575 3095 2580 3111 ..
2565 2861 2580 3087 „aa-*Qaz-..e-ffl-
2575 2821 2580 2846 „-
2569 2706 2580 2812 ...ΒΞ-ἁμμ-
2571 2596 2580 2694 infimis»
2571 2577 2580 2590 ι.
