2580 3528
491 411 556 444 570
1071 418 1389 441 CltAn'rULAmUM
1424 416 1615 439 uuivssns.
1652 416 1781 438 PAnis.
2261 407 2361 448 [1278

490 494 707 527 Parisiensis
737 494 895 527 diocesis
926 493 1063 526 ratione
1091 492 1268 525 libertatis
1295 504 1313 524 a
1343 490 1448 524 vobis
1476 497 1559 523 tunc
1586 489 1714 523 abbate
1743 490 1913 535 dictoque
1940 497 2121 524 conventu
2142 490 2228 523 olim
2248 490 2360 524 homi-

490 555 599 589 nibus
624 567 799 588 concesse
825 555 972 600 prefatis
997 555 1101 587 annis
1124 553 1281 599 singulis
1307 552 1578 598 persolvuntur,
1601 564 1619 585 a
1646 551 1764 594 vobis,
1787 552 1906 598 quoad
1926 553 2103 595 vixeritis,
2125 552 2361 598 possidendis

490 622 700 655 auctoritate
731 634 799 667 qua
823 622 1010 666 fungimur
1040 621 1287 665 providemus,
1314 619 1496 652 universis
1523 625 1558 651 et
1583 618 1741 664 singulis
1771 619 1815 652 de
1845 626 2026 653 conventu
2056 620 2221 665 predicto
2250 631 2362 665 super

489 688 557 722 hoc
594 688 799 734 specialiter
835 687 1020 732 requisitis
1057 687 1302 731 provisionem
1340 685 1549 730 hujusmodi
1588 692 1696 718 ratam
1734 685 1952 720 habentibus
1990 693 2026 720 et
2060 693 2254 732 acceptam.
2286 687 2360 719 Nos

490 755 585 787 enim
609 754 866 787 nichilominus
892 754 1030 786 irritum
1058 753 1289 785 decernimus
1313 759 1347 784 et
1376 752 1495 792 inane,
1521 752 1551 784 si
1575 763 1683 785 secus
1709 752 1753 785 de
1775 752 1873 786 villis
1899 759 1934 786 et
1957 753 2038 786 aliis
2061 753 2280 799 supradictis
2302 753 2360 787 vel

489 821 610 866 aliquo
631 833 694 854 seu
716 819 898 864 aliquibus
919 819 1117 852 eorundem
1139 825 1262 851 contra
1284 819 1456 863 prefatam
1477 819 1725 863 provisionem
1747 825 1907 853 nostram
1928 820 2124 866 contigerit
2143 820 2358 866 attemptari.

491 889 530 919 In
567 888 670 931 cujus
708 887 758 919 rei
796 886 1040 918 testimonium
1071 891 1262 930 presentes
1292 885 1430 918 litteras
1460 885 1539 918 fieri
1576 885 1729 919 fecimus
1767 893 1803 919 et
1841 886 1954 932 sigilli
1985 887 2101 920 nostri
2135 887 2360 932 appensione

490 953 633 985 muniri.
665 953 792 985 Actum
823 952 859 984 in
889 952 1108 984 monasterio
1138 951 1346 996 supradicto
1377 951 1435 984 die
1463 952 1647 985 dominico
1674 953 1748 997 xiiij
1784 952 1854 986 kal.
1884 953 2058 987 Octobris
2087 966 2182 987 anno
2213 954 2359 988 Domini

490 1019 616 1052 M⁰CC⁰
637 1018 906 1063 septuagesimo
928 1025 1066 1059 octavo,
1089 1017 1320 1063 pontificatus
1342 1018 1480 1051 domini
1500 1019 1638 1052 Nicolai
1660 1031 1751 1065 pape
1772 1021 1822 1052 ΙΙΙ
1844 1032 1938 1053 anno
1960 1021 2090 1065 primo.

581 1116 698 1147 Epistola
712 1116 810 1138 inserta
820 1115 915 1138 litteris
927 1115 1031 1139 Martini
1043 1116 1076 1138 lV
1086 1116 1158 1145 (olim
1170 1116 1285 1139 Simonis
1296 1117 1376 1148 legati
1390 1125 1471 1148 supra
1482 1117 1619 1147 nominati)
1632 1117 1666 1150 xij
1676 1119 1727 1142 kal,
1740 1118 1866 1142 Februar.
1877 1127 1918 1142 nn.
1930 1119 2017 1150 primo
2028 1119 2100 1151 (Reg.
2114 1119 2170 1143 Vnt.
2180 1110 2256 1148 111041,
2266 1127 2308 1151 ep.
2319 1119 2359 1148 9⁹,

488 1161 532 1184 fol.
548 1162 595 1190 27).
613 1160 651 1183 Cs.
669 1160 737 1183 infra
752 1164 780 1182 110
790 1162 843 1183 509.
859 1160 1009 1191 Sequuntur
1025 1161 1069 1184 fol.
1084 1160 1131 1183 27¹²
1145 1161 1212 1183 duae
1227 1161 1354 1192 epistolae
1367 1161 1485 1193 ejusdem
1500 1162 1615 1186 Simonis
1628 1163 1660 1186 de
1672 1163 1764 1186 eodem
1777 1166 1933 1195 argumento
1947 1164 1981 1186 ad
1991 1163 2191 1187 archidiaconos
2205 1163 2360 1188 Car-notem.

487 1208 512 1228 et
533 1205 709 1227 Melodunens.
727 1204 752 1227 in
768 1204 877 1227 ecclesia
898 1205 1039 1228 Senonens.
1058 1206 1118 1234 (una
1137 1205 1255 1236 ejusdem
1274 1206 1401 1237 temporis
1422 1209 1507 1234 notae,
1528 1206 1581 1230 alia
1600 1207 1634 1238 xij
1656 1208 1709 1231 kal.
1729 1208 1876 1238 Novemb.),
1897 1208 1942 1239 qui
1962 1211 2127 1231 exsecutores
2146 1208 2359 1237 constituuntur;

486 1293 659 1316 parisiensem
675 1293 818 1324 respiciens
834 1293 931 1324 ubique
946 1294 1036 1316 codem
1052 1294 1129 1317 modo
1143 1295 1264 1317 retertur.

579 1378 601 1400 1.
621 1378 648 1400 In
670 1378 764 1401 Gallia
785 1377 898 1407 Christ„
918 1378 973 1406 vn,
994 1378 1048 1406 454,
1069 1378 1166 1401 dicitur
1183 1379 1306 1402 abbatem
1322 1379 1469 1403 Germ-dum
1485 1380 1516 1403 de
1532 1381 1630 1403 Moreto
1652 1389 1719 1404 anno
1740 1382 1801 1404 1279
1818 1389 1876 1405 esse
1896 1385 2040 1411 mortuum,
2056 1383 2126 1414 quod
2146 1386 2234 1406 tamen
2253 1382 2359 1406 veritati

487 1421 591 1444 minime
602 1421 731 1453 congruit,
741 1429 799 1444 cum
813 1422 940 1445 Martinus
955 1422 988 1445 IV
1000 1423 1032 1445 ad
1049 1431 1107 1446 eum
1120 1423 1206 1446 adhuc
1219 1431 1260 1446 an.
1276 1424 1336 1447 1282
1349 1424 1450 1447 litteras
1466 1432 1528 1448 suas
1542 1425 1676 1449 direxerit.
1686 1425 1750 1449 Vide
1763 1426 1831 1450 infra
1847 1430 1876 1449 n⁰
1890 1428 1945 1450 509.
1954 1427 2016 1450 -2.
2032 1427 2071 1450 Cf.
2089 1435 2171 1458 supra
2183 1427 2218 1450 n¹¹
2232 1428 2288 1456 480,
2302 1427 2358 1451 482.

485 1597 598 1634 485.
620 1608 769 1632 Decretum
781 1606 934 1641 facultatis
950 1608 1056 1633 artium
1072 1611 1103 1633 ut
1116 1608 1190 1634 nulli
1204 1608 1266 1634 dies
1282 1609 1322 1634 ad
1337 1609 1531 1645 incipiendum
1546 1610 1711 1644 assignetur
1726 1610 1881 1646 nullusque
1897 1610 1938 1637 ad
1957 1619 2078 1638 atamen
2097 1613 2232 1648 superius
2251 1612 2358 1639 admit-

575 1659 660 1690 tatur,
678 1655 735 1681 nisi
744 1656 885 1691 juraverit
899 1665 930 1682 se
945 1656 1153 1683 determinasse
1167 1658 1292 1683 Parisiis
1309 1657 1351 1684 vel
1365 1658 1415 1684 ubi
1428 1658 1487 1684 sint
1501 1658 1541 1684 ad.
1556 1659 1648 1684 minus
1664 1659 1814 1685 duodecim
1830 1661 1963 1695 magistri
1976 1664 2114 1695 regentes.

1644 1758 1720 1788 1279,
1736 1758 1869 1785 Februarii
1879 1760 1905 1789 3,
1921 1759 1940 1794 [
1941 1759 2047 1786 Parisiis
2046 1759 2072 1794 J.

574 1828 763 1861 Universis
791 1828 926 1862 Christi
957 1829 1128 1863 fidelibus
1156 1837 1275 1864 rector
1302 1838 1336 1864 et
1364 1839 1619 1877 procuratores
1640 1833 1725 1878 iiij0‘
1751 1834 1957 1876 nacionum,
1980 1835 2165 1880 ceterique
2193 1836 2358 1882 magistri

485 1901 655 1939 regentes
684 1896 844 1928 Parisius
874 1896 910 1928 in
940 1896 1078 1930 artibus
1108 1897 1261 1930 salutem
1291 1898 1328 1931 in
1359 1899 1519 1932 omnium
1549 1899 1744 1934 Salvatore.
1776 1901 1963 1935 Noveritis
1993 1902 2093 1946 quod
2127 1914 2194 1935 nos
2229 1915 2358 1937 omnes

487 1967 521 1993 et
558 1962 693 2006 singuli
739 1963 1014 1996 considerantes
1053 1971 1212 1997 nostram
1252 1965 1454 1998 facultatem
1496 1966 1746 2012 multipliciter
1785 1980 1867 2001 esse
1907 1968 2057 2013 lapsam,
2095 1969 2237 2014 lapsum
2277 1970 2357 2015 ejus

486 2028 673 2072 cupientes
694 2041 758 2073 pro
780 2029 864 2062 totis
885 2029 1025 2063 viribus
1046 2043 1212 2076 reparare
1235 2038 1270 2064 et
1289 2032 1332 2064 ad
1354 2032 1422 2065 hoc
1442 2033 1537 2078 apud
1559 2034 1729 2067 Sanctum
1750 2034 1933 2068 sulianum
1955 2036 2072 2069 vocati
2093 2042 2129 2068 et
2149 2036 2357 2081 specialiter

485 2095 695 2139 congregati
719 2095 763 2128 de
784 2108 966 2129 consensu
990 2098 1165 2139 unanimi,
1183 2098 1284 2131 nullo
1305 2099 1588 2142 contradicente,
1612 2100 1723 2146 longo
1740 2107 1890 2135 tractatu
1914 2109 1949 2135 et
1971 2102 2138 2148 diligenti
2155 2114 2267 2148 super
2287 2103 2356 2137 hoc

485 2159 619 2202 habito,
647 2162 836 2195 statuimus
864 2170 897 2196 et
928 2164 1139 2197 ordinamus
1167 2165 1264 2209 quod
1292 2165 1382 2198 nulli
1409 2165 1628 2200 bachellario
1650 2167 1870 2213 ubicumque
1892 2168 2099 2202 licentiatus
2121 2170 2242 2212 fuerit,
2270 2170 2357 2204 infe-

485 2227 560 2259 rius
590 2228 646 2260 vel
677 2229 880 2273 superius¹,
920 2230 998 2263 dies
1035 2231 1078 2263 ad
1115 2231 1362 2276 incipiendum
1401 2233 1570 2266 decetero
1609 2234 1830 2280 assignetur,
1862 2235 1933 2268 nisi
1963 2236 2065 2281 prius
2101 2237 2199 2269 omni
2228 2237 2355 2271 fraude

484 2301 635 2327 ammota
670 2296 801 2327 rectori
826 2297 1003 2340 juraverit
1033 2309 1072 2330 se
1103 2297 1366 2331 determinasse
1397 2300 1557 2333 Parisius
1582 2301 1639 2334 vel
1669 2301 1755 2334 alibi
1783 2302 1820 2334 in
1846 2302 1916 2335 alio
1943 2303 2064 2335 studio
2090 2303 2266 2348 generali,
2293 2303 2356 2337 ubi

485 2360 556 2392 sint
576 2361 619 2392 ad
641 2361 760 2393 minus
782 2362 827 2407 xij
850 2363 1013 2408 magistri
1035 2371 1219 2409 regentes.

571 2427 727 2461 Secundo
757 2429 947 2462 statuimus
975 2430 1073 2474 quod
1102 2431 1237 2472 nullus,
1265 2433 1516 2478 cujuscunque
1539 2434 1760 2468 conditionis
1790 2436 1910 2477 fuerit,
1943 2435 2059 2469 donec
2086 2448 2125 2469 se
2157 2437 2204 2470 ita
2236 2437 2356 2470 deter-

484 2492 639 2525 minasse
661 2495 965 2528 examinatoribus
982 2497 1171 2540 juraverit,
1193 2498 1237 2530 ad
1259 2511 1408 2532 examen
1430 2501 1600 2546 superius
1621 2501 1839 2535 admittatur.

577 2558 703 2592 Tercio
724 2561 914 2593 statuimus
936 2563 1033 2606 quod
1055 2565 1318 2598 examinatores
1339 2566 1375 2598 in
1397 2578 1460 2599 sua
1482 2567 1711 2601 institutione
1727 2568 1904 2614 jurabunt
1924 2569 2022 2614 quod
2049 2569 2188 2602 nullum
2212 2568 2354 2602 bachel-

483 2622 608 2655 larium
631 2625 674 2656 ad
695 2638 843 2658 examen
865 2629 1033 2672 superius
1055 2630 1230 2675 recipient
1253 2632 1368 2665 donec
1390 2633 1491 2677 prius
1508 2635 1698 2678 juraverit,
1721 2646 1760 2667 se
1781 2635 2045 2668 determinasse
2068 2635 2163 2668 sicut
2183 2635 2354 2680 superius

484 2695 539 2720 est
559 2701 783 2734 expressum.

573 2756 712 2800 Quarto
742 2758 932 2791 statuimus
962 2762 1059 2804 quod
1090 2763 1120 2794 si
1150 2763 1393 2799 bachellarius
1422 2766 1628 2800 licentiatus
1659 2768 1695 2800 in
1725 2768 1805 2801 istis
1836 2768 2005 2812 perjurus
2033 2768 2204 2801 inventus
2229 2768 2351 2809 fuerit,

487 2822 567 2865 ejus
589 2822 746 2864 licentia,
773 2824 804 2855 si
830 2824 1005 2869 inceperit
1035 2829 1113 2871 ejus
1140 2831 1401 2875 magisterium,
1429 2833 1548 2878 quoad
1573 2833 1640 2867 hoc
1667 2834 1736 2867 sibi
1763 2846 1915 2879 prorsus
1939 2834 2116 2878 denegata
2145 2834 2259 2879 gratia
2289 2845 2354 2879 per

482 2887 599 2920 scolas
620 2895 655 2921 et
675 2901 863 2922 sermones
885 2891 1029 2935 publice
1052 2903 1254 2929 revocetur.

572 2955 705 2997 Quinto
738 2956 929 2989 statuimus
955 2959 1052 3002 quod
1076 2960 1201 3003 jurent
1231 2965 1393 3008 magistri
1424 2965 1664 2999 bachellarios
1694 2974 1959 3011 presentantes,
1990 2974 2181 3012 antequam
2211 2966 2353 3000 bachel-

607 3013 644 3035 72.
