2580 3528
249 415 347 456 1254]
591 426 639 449 ΑΒ
671 427 778 450 Anno
812 427 890 451 mcc
924 427 1058 457 usqua
1092 429 1151 453 An·
1176 429 1405 452 ramerum
1440 431 1480 452 iv
1514 431 1603 454 nnc.
1641 433 1777 455 Fame.
2057 427 2129 461 259>

245 499 451 541 videantur,
481 500 694 535 ordinamus
721 507 757 535 et
783 501 988 543 statuimus,
1016 508 1056 536 ut
1083 502 1240 548 quilibet
1265 503 1419 537 scolaris
1446 511 1573 538 noster
1597 505 1728 539 dictam
1754 506 1994 541 rebellionem
2019 521 2120 543 suam

246 565 339 600 insra
359 572 441 600 octo
467 566 548 600 dies
575 573 659 612 post
684 567 894 602 brandones
923 568 1118 602 emendare
1144 581 1184 603 ac
1211 569 1255 604 ad
1282 570 1456 604 unitatem
1485 578 1646 605 nostram
1675 572 1796 607 redire
1825 585 1898 606 non
1927 575 2119 616 curaverit,

247 638 379 666 extunc
398 632 443 666 ad
464 632 605 668 nullum
625 634 779 680 gradum
799 634 838 668 in
862 634 1021 681 collegio
1043 647 1109 670 seu
1129 637 1323 670 consorcio
1345 643 1473 671 nostro
1494 637 1610 671 valeat
1635 639 1855 684 promoveri,
1878 646 2002 685 utpote
2024 642 2121 686 quod

246 710 313 738 nec
339 699 384 732 ad
412 700 711 745 respondendum
738 700 784 734 de
810 713 906 736 novo
936 701 982 735 de
1010 702 1234 748 sophismate
1263 715 1330 737 seu
1355 704 1562 749 questione,
1593 717 1660 738 nec
1680 705 1725 739 ad
1750 706 2050 740 examinationem
2078 708 2121 741 ad

245 765 484 812 optinendum
511 766 701 802 licenciam
716 767 995 807 ‚determinandi
1019 769 1078 803 vel
1104 770 1257 815 regendi
1282 769 1326 804 ab
1351 771 1660 806 examinatoribus
1679 783 1698 805 a
1718 771 1826 806 nobis
1846 773 1890 807 ad
1916 774 2122 819 supradicta

244 831 440 878 deputatis,
461 844 528 866 nec
547 833 591 867 ad
612 834 844 868 consorcium
865 835 1183 870 determinantium
1201 836 1259 870 vel
1278 837 1549 883 magistrorum,
1568 838 1599 871 si
1620 838 1729 872 suerit
1744 839 1789 872 ad
1804 838 1873 872 hoc
1894 839 2120 881 licenciatus,

246 898 476 944 aliquatenus
514 899 734 934 admittatur.
777 901 884 945 Quod
921 908 960 935 ut
997 902 1138 936 firmius
1176 902 1406 946 observetur,
1445 904 1658 938 ordinamus
1701 912 1737 938 et
1771 906 1982 947 statuimus,
2023 907 2121 952 quod

247 965 418 999 deeetero
450 965 575 999 nullus
614 967 788 1013 magister
815 967 973 1014 aliquem
1011 969 1189 1002 scolarem
1223 970 1268 1003 ad
1294 971 1593 1016 respondendum
1621 971 1666 1004 de
1697 983 1791 1005 novo
1824 972 1868 1005 de
1898 972 2121 1018 sophismate

246 1030 305 1078 vel
325 1032 518 1078 questione
539 1032 596 1066 vel
623 1033 667 1067 ad
695 1033 1010 1068 determinandum
1033 1035 1070 1069 in
1090 1035 1202 1070 scolis
1223 1036 1301 1070 suis
1321 1037 1496 1077 admittat,
1517 1037 1575 1071 vel
1601 1037 1646 1071 ad
1667 1038 1904 1084 optinendum
1933 1038 2122 1073 licenciam

247 1097 515 1133 determinandi
549 1110 615 1133 seu
649 1099 798 1146 legendi
832 1101 994 1135 Parisius
1029 1109 1229 1148 presentet,
1264 1103 1322 1137 vel
1357 1105 1436 1148 ejus
1471 1104 1690 1150 principium
1725 1111 1857 1146 teneat,
1888 1105 1946 1139 vel
1976 1106 2122 1139 nomine

247 1171 375 1198 nostro
400 1165 444 1199 ad
469 1166 708 1211 optinendum
737 1166 925 1201 licenciam
951 1168 1219 1202 determinandi
1247 1169 1306 1203 vel
1335 1169 1483 1216 legendi
1504 1171 1665 1204 Parisius
1692 1171 1884 1212 examinet,
1908 1172 1964 1205 vel
1993 1184 2124 1218 procu-

248 1237 345 1265 rator
374 1243 440 1265 seu
468 1239 589 1266 rector
615 1232 711 1266 diem
740 1234 784 1267 ad
814 1234 1063 1280 incipiendum
1093 1235 1285 1270 licenciato
1313 1237 1490 1282 assignet,
1513 1237 1583 1270 nisi
1614 1237 1767 1270 scolaris
1794 1237 1856 1271 ille
1886 1238 1988 1284 prius
2015 1238 2123 1272 fidem

248 1297 389 1332 dederit
422 1298 662 1344 corporalem,
689 1300 787 1345 quod
812 1312 830 1334 a
859 1301 1021 1346 predicta
1047 1301 1249 1336 rebellione
1277 1303 1325 1336 sit
1352 1303 1537 1344 immunis,
1561 1310 1601 1337 'et
1627 1304 1725 1349 quod
1755 1304 1786 1337 si
1814 1304 1859 1337 de
1887 1317 1926 1338 ea
1954 1305 2124 1339 inventus

248 1364 296 1398 sit
309 1363 516 1410 culpabilis,
534 1365 644 1399 modo
660 1366 870 1411 supradicto
888 1367 1071 1412 puniatur,
1090 1368 1161 1401 nisi
1178 1381 1340 1414 congrua
1363 1370 1609 1403 satisfactione
1626 1382 1745 1404 coram
1764 1371 1948 1416 magistris
1970 1378 2124 1417 quatuor

248 1431 433 1464 nationum
453 1431 498 1464 ad
519 1431 708 1465 arbitrium
730 1444 855 1467 eorum
877 1433 935 1467 vel
956 1434 1211 1480 deputatorum
1232 1435 1276 1468 ab
1297 1436 1351 1469 eis
1375 1436 1553 1482 premissa
1574 1437 1730 1482 graciam
1753 1437 2010 1483 magistrorum
2031 1439 2124 1484 opti-

247 1503 342 1539 neat,
364 1497 463 1543 quod
483 1484 584 1532 more
611 1498 764 1532 aliorum
792 1499 910 1540 yaleat
936 1501 1157 1546 promoveri.
1181 1503 1256 1535 Hoc
1281 1509 1399 1535 autem
1422 1509 1592 1536 statutum
1621 1502 1693 1536 fide
1713 1509 1746 1536 et
1763 1504 1971 1548 juramento
1997 1505 2125 1550 singu-

247 1562 365 1597 lorum
387 1564 644 1611 magistrorum
666 1572 875 1600 nostrorum
892 1566 1075 1610 vallatum,
1094 1574 1129 1601 et
1145 1568 1188 1601 ad
1208 1567 1318 1614 hujus
1339 1569 1587 1602 testimonium
1610 1569 1744 1614 sigillis
1765 1576 1920 1615 quatuor
1939 1571 2124 1604 nationum

248 1628 446 1677 sigillatum
480 1631 650 1666 volumus
680 1631 817 1666 firmam
846 1640 882 1667 et
911 1633 1158 1668 inviolabilem
1190 1634 1325 1668 habere
1355 1635 1573 1678 firmitatem,
1606 1648 1799 1682 quousque
1831 1636 1916 1670 inde
1946 1649 1990 1670 ex
2019 1649 2125 1671 causa

247 1697 453 1731 rationabili
475 1698 687 1733 duxerimus
708 1700 965 1742 revocandum,
988 1700 1089 1735 salvo
1111 1707 1230 1735 tamen
1245 1703 1330 1747 jure
1351 1701 1549 1747 cujuslibet
1568 1709 1603 1736 et
1623 1703 1660 1736 in
1681 1702 1857 1748 quolibet.
1879 1704 2008 1737 Actum
2030 1716 2125 1738 anno

249 1764 395 1797 Domini
415 1765 514 1799 MCC
531 1765 837 1812 quinquagesimo
858 1767 979 1810 tertio,
1001 1767 1059 1801 die
1075 1768 1174 1813 jovis
1193 1775 1275 1802 ante
1296 1768 1517 1803 brandones.

341 1861 477 1894 Originale
490 1862 519 1886 in
532 1862 609 1887 Arch.
626 1863 748 1888 Univern.
765 1864 848 1888 Puri..
865 1864 942 1889 theca
957 1865 998 1889 w.
1015 1866 1043 1889 Α.
1061 1865 1098 1889 18.
1116 1867 1133 1890 t'.
1150 1865 1250 1890 Desunt
1262 1870 1376 1898 quatuor
1390 1867 1488 1898 sigilla.
1506 1881 1533 1885 —
1548 1867 1686 1895 Jourdain,
1703 1871 1732 1890 n⁰
1748 1868 1802 1892 108.

342 1946 364 1970 t.
384 1946 471 1978 Supra
486 1950 515 1970 n⁰
529 1947 583 1971 225.

248 2072 360 2110 232.
383 2084 566 2110 Innocentius
590 2085 635 2110 IV
647 2085 790 2121 provisori
810 2089 838 2111 et
861 2085 1009 2112 monachis
1032 2087 1059 2112 S.
1083 2086 1227 2113 Bernardi
1249 2087 1277 2113 in
1302 2087 1455 2114 Car-dinem
1480 2088 1574 2114 Paris.
1602 2088 1716 2114 Cisterc.
1743 2087 1809 2114 Ord.
1828 2089 1879 2124 jus
1898 2091 2074 2124 patronatus
2098 2088 2126 2113 in

336 2131 517 2158 medietatem
532 2132 672 2160 ecclesiae
685 2132 721 2160 de
736 2133 897 2160 Roderham
914 2134 1105 2162 Eboracensis
1118 2135 1258 2162 dioecesis
1274 2145 1292 2162 α
1307 2135 1436 2163 Iohanne
1451 2136 1487 2163 de
1502 2137 1669 2171 Lessington
1681 2136 1795 2163 domino
1810 2136 1846 2162 de
1858 2137 1945 2162 Eston
1962 2145 2125 2162 concessum

337 2182 497 2215 confirmat.

1416 2235 1493 2263 1254.
1507 2234 1641 2261 Februarii
1652 2235 1697 2265 28,
1713 2235 1840 2261 Laterum:

340 2303 576 2337 Innocentius
602 2304 799 2351 episcopus
820 2317 950 2340 servus
975 2318 1165 2341 servorum
1190 2308 1255 2341 Dei
1282 2308 1426 2342 dilectis
1443 2308 1566 2341 filiis..
1589 2309 1769 2354 provisori
1791 2314 1826 2341 et
1849 2307 2034 2341 monachis
2056 2307 2125 2341 loci

250 2370 312 2415 qui
333 2369 465 2403 dicitur
490 2371 591 2406 Beati
617 2372 792 2405 Bernardi
812 2372 850 2406 in
870 2373 1067 2407 Cardineto
1095 2374 1313 2408 parisiensis
1341 2375 1601 2408 Cisterciensis
1622 2375 1785 2408 Ordinis.
1817 2375 1958 2408 Ass'ectu
1979 2375 2124 2407 sincero

250 2436 303 2470 sic
324 2436 435 2470 vestri
457 2436 598 2471 ordinis
619 2437 732 2479 decus
753 2445 788 2472 et
807 2439 975 2473 decorem
997 2439 1199 2485 diligimus,
1222 2441 1320 2486 quod
1341 2453 1452 2486 super
1473 2440 1643 2473 omnibus
1665 2440 1913 2486 spectantibus
1939 2440 1982 2474 ad
2009 2441 2126 2486 ipsius

250 2502 426 2536 honorem
448 2510 484 2537 et
502 2504 696 2537 comodum
718 2517 786 2538 nos
808 2504 990 2551 benignos
1010 2512 1046 2539 et
1070 2505 1262 2540 benivolos
1283 2506 1510 2540 exhibemus.
1539 2508 1630 2540 Sane
1651 2507 1747 2540 sicut
1766 2506 1856 2540 lecta
1877 2519 1996 2540 coram
2019 2506 2126 2540 nobis

246 2575 370 2603 *vestra
401 2570 528 2615 petitio
557 2570 779 2612 continebat,
816 2571 972 2605 dilectus
1007 2572 1104 2606 filius
1125 2572 1262 2606 nobilis
1291 2573 1346 2606 vir
1378 2572 1563 2607 Johannes
1593 2573 1637 2606 dc
1668 2573 1846 2607 Lexinton
1881 2573 2051 2606 dominus
2081 2573 2126 2606 de

251 2636 366 2670 Eston
384 2637 449 2682 jus
475 2643 701 2682 patronatus,
723 2638 822 2683 quod
843 2638 879 2671 in
897 2639 1089 2673 medietate
1110 2639 1265 2673 ecclesie
1287 2639 1331 2673 de
1354 2639 1556 2674 Rodcrhatn
1580 2639 1823 2673 Eboracensis
1847 2639 2007 2673 diocesis
2033 2639 2126 2673 obti-

251 2701 371 2745 nebat,
405 2703 462 2748 pia
493 2710 538 2737 et·
553 2704 704 2749 provida
731 2704 948 2738 liberalitate
978 2705 1083 2739 vobis
1108 2712 1144 2739 et
1171 2718 1235 2752 per
1261 2718 1327 2739 vos
1353 2706 1434 2739 loco
1459 2712 1582 2740 vestro
1607 2706 1774 2748 contulit,
1806 2713 1913 2752 prout
1940 2707 1975 2739 in
2003 2713 2126 2752 paten-

251 2767 350 2803 tibus
378 2768 511 2804 litteris
536 2771 714 2805 consectis
744 2771 875 2806 exinde
910 2772 1044 2806 dicitur
1074 2772 1220 2818 plenius
1247 2772 1459 2807 contineri‘.
1489 2774 1563 2807 Nos
1589 2773 1709 2818 itaque
1734 2772 1884 2807 obtentu
1911 2773 2034 2807 dilecti
2061 2773 2125 2806 filii

253 2834 388 2870 nobilis
416 2836 485 2870 viri
512 2837 576 2870 A.²
609 2838 754 2872 comitis
784 2838 1022 2881 Pictavensis‚
1053 2839 1115 2885 qui
1146 2846 1289 2874 terrena
1316 2852 1382 2886 pro
1409 2839 1610 2874 celestibus
1631 2840 1689 2885 pie
1709 2840 1863 2886 cupiens
1889 2846 2124 2880 commutare,

252 2901 389 2937 dietum
409 2901 528 2936 locum
545 2903 591 2938 de
608 2904 767 2950 propriis
784 2904 892 2939 bonis
908 2906 986 2940 suis
1006 2905 1180 2941 fundasse
1201 2906 1348 2948 dicitur,
1366 2913 1402 2940 et
1417 2918 1529 2952 super
1549 2906 1618 2940 hoc
1638 2906 1872 2952 apostolicam
1894 2906 2044 2952 gratiani
2062 2917 2126 2951 per

252 2967 470 3020 affectuosas
489 2968 628 3018 litteras
647 2970 866 3017 imploravit,
888 2972 1022 3006 vestris
1043 2972 1373 3019 supplicationibus
1397 2972 1573 3014 inclinati,
1595 2973 1694 3018 quod
1715 2985 1732 3006 a
1754 2973 1891 3018 prefato
1912 2972 2059 3006 domino
2079 2971 2125 3004 dc
