2580 3528
462 387 528 421 306
1042 394 1359 418 CHARTULAIUUM
1393 392 1584 415 nmvmzs.
1621 392 1750 415 Panis.
2236 383 2336 424 [1256

463 470 733 504 Parisiensihus
759 470 946 504 evidenter
966 469 1189 515 agnoscitur,
1212 468 1309 512 quod
1335 467 1406 512 ipsi
1431 478 1505 499 non
1525 465 1679 511 pacifici,
1701 465 1766 499 sed
1786 473 1954 500 auctores
1975 466 2150 508 scandali,
2170 477 2244 500 non
2269 467 2336 501 Dei

465 537 531 570 sed
551 537 698 570 sathane
714 537 835 571 vocari
856 536 920 569 filii
942 536 1179 576 delectantur,
1202 534 1360 567 caritatis
1382 532 1549 565 ordinem
1570 531 1660 565 adeo
1681 539 1947 577 pervertentes,
1964 533 2063 579 quod
2082 545 2157 566 non
2178 533 2297 567 solum
2317 545 2337 567 a

465 603 611 649 seipsis,
648 603 714 637 sed
748 603 853 636 etiam
887 602 930 635 ab
963 602 1043 635 aliis
1074 600 1270 634 excludunt
1302 598 1581 644 dampnabiliter
1610 598 1754 644 pietatis
1784 599 1958 642 studium,
1990 605 2026 633 et
2054 599 2336 633 desiderabilem

463 669 571 716 nobis
592 681 702 715 super
722 669 840 702 omnia
860 668 1011 701 salutem
1033 666 1237 712 impediunt
1256 665 1469 698 animarum.
1493 665 1586 698 Sane
1606 665 1773 710 pervenit
1791 665 1835 698 ad
1855 665 2019 699 notitiam
2040 672 2215 708 nostram,
2238 666 2337 712 quod

463 736 616 782 predicti
644 735 820 781 magistri,
850 734 1009 767 scolares
1038 740 1072 766 et
1098 733 1284 765 auditores
1312 731 1481 776 nequiter
1510 731 1688 777 impedire
1717 739 1947 777 presumunt,
1976 743 2022 766 ne
2051 732 2163 778 aliqui
2193 732 2336 767 dilectis

462 802 548 836 filiis
568 829 588 835 ..
607 802 719 847 priori
741 808 776 834 et
794 800 966 833 fratribus
987 799 1136 833 Ordinis
1157 798 1430 831 Predicatorum
1450 798 1712 831 Parisiensium
1738 798 1958 832 elemosinas
1977 797 2192 845 largiantur,
2212 799 2272 833 vel
2291 798 2336 832 ab

464 869 517 902 eis
544 875 604 902 aut
627 869 664 900 in
692 868 798 900 domo
825 867 987 912 ipsorum
1018 877 1207 898 sermones
1229 876 1295 898 seu
1315 864 1506 906 lectiones,
1530 865 1796 910 disputationes
1823 865 1983 908 audiant,
2010 865 2069 899 vel
2095 865 2338 899 confiteantur

463 935 553 980 ipsis
586 940 729 979 peccata
763 933 920 978 propria,
955 931 1096 965 etiamsi
1130 943 1148 964 a
1182 938 1216 964 te
1251 931 1323 964 loci
1358 931 1555 964 diocesano
1588 931 1647 965 vel
1674 943 1693 964 a
1720 931 1869 977 proprio
1903 931 2093 965 sacerdote
2127 943 2239 977 super
2267 931 2336 965 hoc

461 1001 616 1033 habeant
642 999 858 1032 facultatem.
890 1000 1057 1031 Preterea
1088 997 1174 1031 dicti
1201 998 1366 1043 magistri
1398 997 1559 1031 scolares
1591 998 1742 1031 fratrum
1773 998 1937 1043 ipsorum
1967 1004 2004 1031 et
2028 998 2158 1032 fratres
2186 998 2336 1032 eosdem

461 1078 544 1099 suas
566 1066 699 1098 intrare
721 1065 838 1098 scolas
859 1064 1028 1097 lectionis
1049 1071 1085 1097 et
1105 1064 1362 1109 disputationis
1383 1071 1547 1110 tempore
1568 1075 1642 1097 non
1662 1065 1887 1109 permittunt.
1910 1064 2016 1098 Unde
2037 1065 2217 1110 sequitur,
2239 1049 2338 1109 quod

460 1133 497 1165 in
517 1131 699 1165 mentibus
722 1132 934 1165 devotorum
956 1143 995 1164 ac
1017 1132 1132 1164 Deum
1154 1131 1358 1164 timentium
1380 1137 1416 1164 et
1435 1131 1626 1176 potissime
1651 1130 1827 1164 laicorum
1852 1143 1963 1177 grave
1987 1131 2196 1164 scandalum
2223 1142 2338 1177 gene-

460 1205 569 1232 ratur.
601 1198 714 1231 Nobis
744 1198 849 1231 etiam
880 1198 1010 1230 exinde
1041 1198 1189 1231 materia
1213 1197 1441 1231 vehementis
1467 1197 1718 1231 admirationis
1743 1197 1959 1243 producitur
1989 1204 2024 1231 et
2051 1198 2227 1243 stuporis,
2255 1209 2338 1244 pre-

460 1265 597 1306 sertim,
634 1277 713 1298 cum
749 1264 902 1310 predicti
936 1265 1100 1310 magistri
1136 1271 1171 1297 et
1203 1264 1363 1298 scolares
1397 1277 1436 1298 ac
1471 1265 1657 1298 auditores
1692 1264 1870 1298 deberent
1900 1265 1939 1298 in
1971 1265 2145 1299 virtutum
2180 1264 2336 1298 Domino

459 1332 634 1377 consequi
663 1331 882 1364 affluentiam
910 1331 1141 1377 gaudiorum,
1171 1331 1269 1376 quod
1295 1331 1405 1364 iidem
1431 1332 1575 1373 fratres,
1596 1331 1665 1364 viri
1691 1331 1816 1376 utique
1843 1337 1966 1364 sancte
1992 1331 2282 1365 conversationis
2302 1337 2339 1365 et

459 1399 544 1440 vite,
566 1410 631 1443 per
651 1410 806 1443 quorum
827 1398 1070 1431 ministerium
1097 1397 1196 1431 salus
1221 1398 1412 1443 potissime
1434 1397 1579 1443 proficit
1598 1397 1812 1440 animarum,
1833 1404 1904 1431 tam
1924 1396 2156 1431 laudabiliter
2176 1398 2214 1430 in
2233 1397 2338 1431 theo-

460 1465 577 1510 logica
606 1465 802 1510 proficiunt
827 1464 1008 1506 facultate,
1040 1465 1138 1510 quod
1173 1471 1208 1498 et
1239 1465 1342 1510 digni
1369 1464 1571 1510 magistrali
1599 1471 1814 1510 reputantur
1839 1464 1979 1497 honore
2006 1470 2041 1497 et
2069 1464 2173 1509 quasi
2199 1463 2337 1510 ubique

460 1539 635 1565 terrarum
662 1531 841 1565 habentur
865 1532 902 1564 in
927 1538 1127 1576 conspectu
1149 1531 1214 1564 Dei
1241 1538 1276 1564 et
1300 1531 1489 1564 hominum
1514 1531 1679 1577 gratiosi.
1706 1532 1779 1564 Nec
1805 1531 1949 1573 mirum,
1973 1531 2056 1576 quia
2080 1530 2245 1576 ipsorum
2266 1530 2336 1564 sub

461 1605 618 1632 extrema
645 1605 854 1644 paupertate
873 1598 1072 1632 viventium
1101 1597 1159 1643 pia
1187 1610 1332 1643 semper
1353 1598 1397 1631 ad
1416 1597 1485 1631 hoc
1507 1598 1662 1631 desudat
1688 1597 1855 1639 intentio,
1878 1597 1977 1642 quod
2004 1597 2173 1642 perpetui
2196 1597 2337 1643 vigoris

461 1672 694 1710 augmentum
728 1665 858 1710 religio
892 1665 1088 1698 christiana
1123 1665 1299 1710 suscipiat
1328 1671 1363 1698 et
1390 1676 1517 1698 eorum
1547 1664 1725 1697 doctrinis
1761 1670 1883 1697 sancta
1917 1663 1983 1696 Dei
2014 1663 2169 1697 ecclesia
2197 1663 2338 1709 jugiter

461 1731 675 1765 illustretur.
699 1733 750 1764 Ex
770 1732 981 1777 hujusmodi
1002 1731 1149 1776 quidem
1173 1731 1384 1764 meritorum
1411 1731 1571 1764 claritate
1597 1731 1775 1776 procedit,
1798 1730 1896 1776 quod
1917 1742 1986 1763 nos
2005 1737 2075 1763 tam
2096 1741 2282 1763 enormem
2303 1736 2339 1764 et
2385 1757 2388 1760 ,

461 1805 617 1831 atrocem
639 1799 787 1831 fratrum
809 1798 971 1844 ipsorum
993 1798 1065 1843 pati
1091 1797 1295 1831 molestiam
1320 1804 1563 1842 nequeuntes,
1585 1797 1695 1830 immo
1723 1796 1932 1830 nullatenus
1958 1796 2141 1830 sustinere
2170 1795 2337 1830 volentes

461 1865 560 1898 illius
581 1865 792 1898 temeritatis
812 1865 953 1907 vitium,
975 1865 1073 1910 quod
1097 1864 1218 1910 vergit
1241 1864 1278 1897 in
1304 1864 1507 1910 periculum
1533 1864 1746 1906 animarum,
1772 1863 1987 1897 fraternitati
2011 1869 2072 1896 tue
2097 1874 2163 1908 per
2191 1869 2338 1908 aposto-

461 1932 529 1965 lica
550 1932 682 1977 scripta
704 1932 866 1965 districte
888 1931 1125 1977 precipiendo
1147 1931 1373 1973 mandamus,
1391 1931 1561 1976 quatinus
1582 1931 1619 1964 in
1641 1942 1781 1972 omnes,
1800 1930 1862 1975 qui
1883 1930 2005 1963 statuti
2021 1929 2079 1964 vel
2096 1929 2338 1963 ordinationis

463 2005 523 2031 aut
541 1999 790 2044 cujuscunque
815 1999 964 2032 alterius
991 2010 1101 2031 cause
1128 2004 1293 2043 pretextu
1314 1998 1530 2043 impediunt,
1553 1997 1611 2031 vel
1632 1997 1802 2030 decetero
1828 1996 2006 2042 impedire
2031 1995 2338 2042 presumpserint,

463 2077 508 2097 ne
530 2065 703 2110 predictis
730 2065 901 2098 fratribus
929 2065 1154 2110 presbyteris
1174 2064 1235 2097 fiat
1254 2077 1272 2097 a
1293 2063 1502 2098 volentibus
1530 2063 1645 2097 libera
1673 2063 1857 2096 confessio
1884 2069 2129 2108 peccatorum,
2155 2062 2187 2096 si
2213 2069 2339 2096 nostra

464 2143 529 2165 seu
558 2132 667 2177 legati
693 2132 792 2165 sedis
817 2132 1028 2177 apostolice,
1058 2138 1118 2164 aut
1144 2138 1203 2164 tua
1223 2131 1281 2165 vel
1302 2130 1441 2176 proprii
1471 2130 1672 2164 sacerdotis
1700 2141 1812 2175 super
1836 2129 1904 2163 hoc
1930 2129 2105 2162 habeatur
2129 2129 2336 2170 auctoritas,

464 2205 524 2231 aut
544 2210 588 2231 ne
610 2210 798 2231 sermones
820 2205 855 2231 et
874 2199 1053 2232 lectiones
1077 2210 1116 2231 ac
1143 2197 1410 2243 disputationes
1436 2197 1628 2230 audiantur
1653 2208 1793 2238 eorum,
1814 2196 1873 2230 vel
1899 2195 1997 2241 quod
2023 2195 2184 2229 scolares
2203 2194 2340 2241 magis-

464 2271 600 2298 trorum
636 2265 799 2310 ipsorum
833 2265 983 2298 fratrum
1019 2271 1054 2298 et
1088 2264 1198 2297 iidem
1231 2264 1362 2297 fratres
1397 2263 1566 2296 lectionis
1599 2270 1634 2296 et
1665 2262 1923 2308 disputationis
1956 2269 2120 2307 tempore
2154 2261 2192 2294 in
2226 2260 2339 2295 scolis

465 2331 617 2363 aliorum
645 2331 792 2364 minime
823 2331 1068 2373 admittantur,
1098 2330 1298 2363 monitione
1329 2330 1507 2375 premissa
1534 2329 1919 2363 excommunicationis
1949 2328 2165 2362 sententiam
2195 2326 2338 2361 sublato

466 2397 662 2441 cujuslibet
692 2397 944 2443 appellationis
979 2396 1168 2430 obstaculo
1201 2409 1274 2429 non
1309 2396 1454 2429 differas
1485 2395 1731 2441 promulgare,
1768 2407 1874 2440 quam
1902 2394 2133 2440 postmodum
2166 2393 2341 2439 sollemp-

467 2463 560 2496 niter
580 2463 745 2508 publices
766 2476 804 2496 ac
826 2463 1012 2509 publicare
1039 2463 1162 2505 facias,
1186 2469 1221 2496 et
1245 2474 1361 2508 usque
1387 2462 1431 2496 ad
1457 2462 1740 2496 satisfactionem
1766 2461 1985 2506 condignam
2010 2459 2270 2493 inviolabiliter
2294 2457 2339 2492 ab

469 2528 636 2561 omnibus
667 2529 872 2575 observari),
907 2542 981 2562 non
1020 2529 1186 2563 obstante
1226 2541 1453 2574 quacumque
1492 2528 1733 2574 indulgentia,
1774 2539 1839 2573 per
1877 2539 1984 2572 quam
2022 2525 2184 2572 precepti
2222 2525 2340 2558 nostri

468 2595 631 2627 executio
658 2595 695 2627 in
722 2595 786 2628 hac
814 2603 913 2641 parte
943 2595 1112 2641 impediri
1132 2595 1249 2629 valeat
1272 2595 1331 2629 vel
1356 2595 1494 2628 diferri.
1523 2596 1598 2628 Nos
1626 2594 1723 2628 enim
1753 2593 2014 2627 nichilominus
2043 2592 2185 2625 irritum
2213 2591 2341 2624 decer-

470 2660 589 2693 nimus
624 2667 658 2693 et
690 2661 809 2703 inane,
838 2662 869 2695 si
896 2674 914 2695 a
944 2662 1128 2708 magistris
1156 2669 1191 2695 et
1218 2661 1422 2695 scolaribus
1457 2673 1496 2694 ac
1526 2660 1756 2694 auditoribus
1786 2659 1994 2693 memoratis
2028 2664 2153 2691 contra
2181 2657 2339 2690 mandati

470 2727 585 2759 nostri
610 2734 771 2760 tenorem
797 2740 907 2773 super
931 2728 1002 2761 hiis
1028 2728 1165 2774 aliquid
1189 2728 1300 2761 fuerit
1325 2734 1585 2773 attemptatum.
1612 2728 1691 2760 Dat.
1718 2726 1884 2760 Laterani
1904 2737 1928 2759 v
1946 2737 2033 2758 non.
2060 2723 2193 2766 Martii,
2220 2723 2342 2769 ponti-

471 2792 597 2826 ficatus
616 2794 732 2826 nostri
752 2806 845 2827 anno
867 2795 1042 2827 secundo.

564 2885 698 2916 Originale
716 2886 742 2909 in
762 2887 837 2910 Arch.
856 2890 909 2910 nat.
928 2887 1011 2910 Paris.
1032 2887 1061 2911 L.
1082 2888 1136 2917 250,
1157 2892 1186 2911 no
1202 2889 1239 2911 78.
1260 2888 1368 2912 Restant
1382 2887 1427 2911 fila
1447 2887 1558 2910 cannah.
1581 2886 1610 2910 In
1630 2886 1784 2910 membrana
1804 2892 1916 2909 aversa:
1935 2892 1947 2908 (
1961 2883 2159 2908 Predicatorum
2175 2890 2198 2906 n.
2214 2882 2339 2912 Bulaeus,

471 2930 517 2958 111,
536 2930 591 2958 297,
604 2929 648 2952 uhi
664 2930 712 2954 hae
727 2930 829 2955 litterae
846 2939 953 2955 mancae
969 2931 1145 2955 inveniuntur.

595 2975 634 2998 39.
