2580 3528
491 402 558 435 432
1078 414 1398 437 CHARTULARIL'M
1432 415 1623 438 curvans.
1659 415 1789 438 PARIS.
2273 405 2375 447 [1263

493 556 606 594 390.
632 567 775 592 statutum
793 566 920 603 Capituli
932 566 1079 601 generalis
1097 567 1163 593 ord.
1181 567 1286 593 Praed.
1305 566 1429 594 Londini
1442 567 1496 593 sub
1511 576 1585 602 mag.
1602 566 1734 602 generali
1745 566 1901 594 [lamberto
1917 567 2056 594 celebrati
2069 567 2105 594 de
2119 567 2312 603 studentibus,
2325 566 2378 604 qui

579 615 694 651 possint
708 615 834 641 Parisiis
848 615 983 652 incipere.

1700 674 1776 704 7263,
1792 675 1875 701 modio
1889 675 1962 705 Halo,
1978 675 2085 702 Londini.

584 756 818 790 Inchoamus¹
836 757 928 790 hanc
946 757 1270 800 [constitutionem]
1290 769 1297 790 :
1320 757 1358 790 in
1379 757 1556 802 capitulo’
1574 757 1619 790 de
1641 757 1875 791 studentibus
1892 764 1976 804 post
1990 758 2095 800 illud,
2113 773 2130 791 «
2148 765 2223 792 tres
2243 759 2375 793 fratres

493 830 629 857 tantum
652 824 838 857 mittantur
858 824 1019 857 Parisius
1040 824 1084 857 ad
1106 824 1327 857 studendum
1353 824 1398 857 (18
1424 824 1611 869 provincia
1633 824 1684 865 »3,
1706 824 1859 857 addatur
1881 836 1888 857 :
1913 839 1929 856 «
1952 825 1983 858 si
2003 836 2091 859 vero
2111 825 2223 858 fuerit
2241 825 2375 871 aliquis

492 890 602 923 frater
623 890 659 922 in
686 902 901 935 quacunque
930 890 1115 935 provincia
1141 896 1337 935 provectus
1363 890 1527 923 moribus
1553 897 1589 923 et
1614 890 1778 932 scientia,
1807 890 1851 923 de
1877 902 1949 936 quo
1973 891 2021 924 sit
2045 903 2131 937 spes
2157 890 2373 937 probabilis,

493 957 590 1001 quod
616 957 707 989 infra
734 969 868 1001 paucos
895 968 1010 989 annos
1038 957 1156 1002 possit
1180 968 1263 990 esse
1284 957 1450 1002 ydoneus
1471 957 1515 990 ad
1536 957 1786 1003 incipiendum
1813 957 1997 1002 Parysius,
2019 969 2085 1003 per
2104 958 2318 1004 magistrum
2338 965 2377 993 et

492 1022 710 1055 diffinitores
731 1023 915 1068 generalis
937 1023 1094 1068 Capituli
1115 1023 1277 1056 Par-isius
1298 1023 1391 1056 mitti
1412 1024 1530 1069 possit
1551 1038 1581 1056 ».

586 1121 647 1144 Mss.
663 1121 736 1144 Rom.
753 1123 778 1143 et
791 1121 931 1144 Rutenens.
947 1121 1030 1152 Capp.
1047 1121 1163 1152 general.
1180 1121 1243 1145 Ord.
1261 1121 1354 1145 Praed.
1371 1134 1402 1139 ——
1415 1121 1541 1151 Mai-tene,
1559 1121 1639 1146 Thes.
1655 1128 1719 1146 nov.
1735 1122 1845 1152 anecd„
1861 1121 1904 1150 lv,
1919 1121 1988 1150 1736,
2005 1125 2034 1144 11⁰
2047 1122 2069 1145 3.
2080 1122 2195 1145 —Anno
2206 1105 2375 1154 praecedenti

490 1165 517 1188 in
537 1165 622 1196 Capit.
646 1164 762 1196 generali
787 1164 920 1188 Bononiae
939 1165 1071 1188 celebrato
1091 1165 1242 1189 visitatores
1263 1169 1439 1189 conventuum
1459 1165 1618 1189 Parisiensis
1641 1169 1666 1189 et
1688 1166 1803 1189 aliorum
1824 1169 1947 1198 quatuor,
1967 1165 2013 1189 ubi
2038 1169 2100 1190 sunt
2123 1165 2212 1190 studia
2235 1165 2374 1195 solemnia,

490 1210 664 1233 admonentur
683 1212 712 1232 ut
734 1208 852 1232 scribant
871 1209 1000 1241 mag-istro
1022 1213 1047 1233 et
1068 1210 1203 1241 prioribus
1225 1210 1446 1241 provincialibus,
1476 1210 1499 1233 si
1521 1218 1574 1242 qua
1592 1210 1815 1242 reprehensibilia
1834 1210 1862 1234 in
1882 1210 2050 1234 studentibus
2070 1210 2227 1234 invenerint.
2248 1211 2374 1240 Martem,

491 1254 508 1277 1.
525 1262 559 1283 8.,
574 1262 601 1285 p.
619 1254 688 1281 1733,
706 1257 734 1276 n⁰
750 1253 788 1276 13.

584 1339 606 1362 1.
626 1339 677 1362 Sed
692 1339 756 1362 haec
771 1339 924 1362 constitutio
939 1339 966 1362 in
979 1339 1082 1362 duobus
1098 1339 1229 1371 Capitulis
1248 1338 1420 1371 sequentibus
1436 1346 1487 1362 non
1503 1338 1636 1362 invonitur
1648 1339 1798 1370 approbata
1812 1342 1838 1363 et
1856 1339 2022 1363 confirmata.
2037 1352 2069 1357 —
2083 1339 2106 1363 2.
2122 1339 2194 1363 Adde
2210 1347 2223 1362 «
2238 1338 2375 1364 Constitu-

492 1383 591 1407 tionum
608 1391 629 1407 ».
647 1397 677 1401 —
692 1385 714 1407 3.
732 1383 771 1408 Cf.
789 1392 871 1415 supra
886 1388 915 1407 n⁰
930 1384 984 1407 102.

492 1564 604 1601 391.
634 1573 765 1600 Urbanus
780 1574 825 1600 IV
834 1574 972 1608 magistro
995 1573 1122 1599 Germ-do
1141 1573 1177 1600 de
1191 1573 1395 1609 Abbatisvilla,
1414 1573 1607 1600 conservatori
1623 1573 1840 1609 privilegiorum
1859 1573 2060 1600 Universitatis
2074 1572 2183 1608 Paris„
2204 1573 2374 1608 magistrum
2391 1568 2394 1572 ”

582 1622 750 1649 Clementem
764 1622 799 1649 de
816 1624 920 1648 Sancto
939 1624 1078 1648 Germano
1094 1622 1238 1658 adjungit.

1502 1682 1578 1712 1263,
1593 1681 1702 1715 Augusti
1712 1682 1758 1712 29,
1773 1682 1843 1714 apud
1855 1680 1944 1707 vrbem
1960 1682 2084 1707 Veterem.

579 1764 765 1810 Magistris
793 1764 957 1798 Gerardo
979 1764 1024 1798 de
1044 1764 1298 1807 Abbatisvilla‚
1325 1764 1582 1798 archidiacono
1612 1765 1838 1799 Pontiviensi
1867 1765 1906 1797 in
1935 1763 2090 1798 ecclesia
2118 1763 2373 1806 Ambfflnensi,

489 1837 525 1864 et
545 1831 726 1865 Clementi
747 1831 791 1864 de
813 1832 943 1865 Sancto
966 1832 1163 1874 Germano,
1188 1832 1365 1865 canonico
1385 1832 1596 1866 Parisiensi.
1618 1831 1830 1866 Venerabili
1849 1832 1959 1865 fratre
1979 1837 2107 1865 nostro
2130 1856 2152 1864 ..
2174 1830 2373 1864 Parisiensi

489 1898 663 1943 episcopo
698 1898 907 1931 insinuante
946 1899 1154 1944 accepimus
1191 1899 1290 1944 quod
1323 1899 1410 1932 licet
1441 1905 1721 1933 conservatores
1756 1910 1868 1944 super
1906 1897 2059 1931 indultis
2093 1897 2372 1943 privilegiorum

489 1964 772 2010 apostolicorum
795 1977 813 1998 3
833 1965 920 1998 sede
946 1965 1146 2011 apostolica
1171 1965 1333 2011 deputati
1353 1978 1371 1999 a
1392 1966 1595 1999 manifestis
1615 1962 1761 2011 injuriis
1782 1971 1818 1998 et
1836 1964 2022 1999 violentiis
2044 1964 2227 1997 dumtaxat
2246 1961 2374 1997 desen·

490 2031 577 2064 dere
607 2032 751 2076 possint
780 2031 877 2073 11105,
905 2044 998 2077 quos
1023 2032 1077 2066 eis
1103 2024 1357 2066 defendendos
1387 2032 1495 2066 sedes
1522 2032 1714 2066 committit
1738 2031 1912 2078 predicta,
1945 2037 1996 2071 tu,
2022 2030 2074 2064 fili
2103 2029 2372 2072 archidiacone,

489 2105 726 2131 conservator
751 2099 1028 2144 privilegiorum
1055 2099 1150 2132 dicte
1181 2099 1281 2132 sedis
1312 2099 1456 2133 dilectis
1482 2099 1568 2133 filiis
1595 2099 1781 2145 magistris
1806 2105 1842 2132 et
1866 2097 2070 2132 scolaribus
2099 2094 2373 2137 Parisiensihu's

489 2177 749 2198 concessorum
771 2178 790 2198 3
811 2166 899 2198 sede
921 2166 1115 2211 deputatus
1136 2166 1261 2199 eadem
1284 2173 1319 2199 et
1337 2166 1404 2208 illi,
1426 2166 1560 2211 quibus
1581 2173 1661 2199 tuas
1682 2166 1720 2199 in
1738 2165 1804 2199 hac
1825 2171 1925 2211 parte
1944 2165 2044 2199 vices
2066 2170 2175 2210 prout
2194 2175 2238 2197 ex
2257 2164 2372 2198 forma

489 2232 760 2265 commissionis
794 2232 993 2277 apostolice
1029 2244 1140 2278 super
1169 2232 1237 2266 hoc
1266 2232 1331 2266 tibi
1360 2233 1468 2266 facte¹
1498 2239 1603 2278 potes
1637 2226 1847 2274 committis,
1874 2238 2032 2266 vestram
2062 2230 2107 2264 ad
2135 2242 2175 2264 ea
2204 2230 2249 2264 de
2277 2230 2372 2264 sacto

490 2305 703 2343 potestatem
725 2311 794 2344 que
811 2299 1022 2344 judicialem
1045 2299 1237 2344 requirunt
1261 2299 1471 2345 indaginem
1493 2300 1747 2341 extendentes,
1769 2299 1814 2332 de
1835 2298 1956 2332 causis
1977 2297 2200 2344 pecuniariis
2213 2295 2258 2330 ‘et
2275 2296 2372 2336 aliis,

489 2366 566 2398 sive
589 2365 705 2398 reales
726 2366 803 2399 sive
825 2366 1038 2411 personales
1058 2367 1221 2400 actiones
1242 2366 1413 2400 intentari
1433 2367 1633 2412 contingat,
1656 2366 1700 2400 ad
1722 2366 1901 2399 dictorum
1923 2365 2182 2411 magistrorum
2203 2370 2240 2397 et
2258 2362 2374 2397 58013·

490 2432 581 2465 rium
617 2433 823 2465 instantiam
855 2445 920 2478 pro
950 2439 1070 2466 vestra
1099 2434 1325 2479 cognoscitis
1356 2433 1556 2476 voluntate,
1587 2446 1626 2467 38
1657 2433 1812 2466 clericos
1842 2439 1878 2466 et
1906 2432 2033 2474 laicos,
2064 2442 2158 2477 quos
2187 2429 2298 2476 aliqui
2322 2427 2373 2463 ‘ex

491 2499 674 2543 magistris
700 2506 733 2531 et
759 2499 962 2532 scolaribus
990 2499 1081 2545 ipsis
1107 2499 1178 2533 sibi
1204 2512 1316 2545 super
1344 2500 1466 2545 aliquo
1497 2494 1662 2546 injuriari
1684 2505 1906 2545 proponunt,
1931 2497 2188 2542 undecumque
2214 2494 2301 2538 51111,
2326 2495 2372 2530 ad

491 2571 646 2597 vestram
676 2565 793 2598 facitis
823 2566 1042 2610 presentiam
1074 2567 1230 2608 evocari,
1262 2579 1306 2600 ex
1335 2579 1407 2612 quo
1438 2566 1475 2599 in
1505 2566 1674 2612 pluribus
1703 2566 1795 2600 locis
1825 2565 2035 2599 scandalum
2065 2570 2232 2597 exortum
2256 2561 2314 2596 851
2336 2569 2374 2596 et

490 2630 673 2675 aliquibus
706 2631 809 2664 ctiam
844 2632 880 2664 in
910 2633 1080 2676 personis
1113 2640 1149 2666 et
1177 2633 1288 2667 rebus
1319 2646 1391 2667 non
1422 2634 1605 2667 modicum
1638 2633 1865 2679 derogatum.
1897 2627 2057 2677 Propter'
2079 2630 2190 2676 quod,
2221 2635 2261 2662 ut
2288 2640 2373 2675 pre-

491 2697 668 2729 dictorum
704 2697 979 2743 privilegiorum
1015 2699 1200 2744 magistris
1235 2706 1271 2733 et
1303 2700 1508 2734 scolaribus
1542 2711 1803 2734 concessorum
1843 2699 1981 2733 eisdem
2021 2694 2251 2731 conservatio
2290 2695 2372 2729 sine

490 2763 693 2808 calumpnia
722 2763 792 2805 siat,
822 2765 1101 2799 commissiones
1131 2778 1259 2799 omnes
1288 2778 1399 2812 super
1426 2767 1494 2800 hoc
1519 2779 1537 2800 a
1563 2773 1596 2800 te
1622 2762 1876 2800 archidiacone
1899 2765 2025 2806 factas,
2051 2763 2162 2797 salvis
2188 2762 2372 2796 dumtaxat

490 2829 664 2875 legitimis
686 2830 921 2874 processibus
943 2843 1064 2864 earum
1087 2839 1251 2877 pretextu
1273 2832 1419 2874 habitis,
1441 2834 1654 2874 auctoritate
1674 2832 1899 2879 presentium
1921 2831 2066 2878 penitus
2085 2835 2314 2871 revocantes,
2335 2834 2371 2862 te

491 2896 542 2928 fili
577 2896 748 2929 Clemens
782 2896 817 2928 in
852 2898 1129 2931 conservatione
1163 2898 1374 2943 hujusmodi
1408 2900 1473 2933 tibi
1507 2900 1558 2934 fili
1586 2899 1840 2933 archidiacone
1875 2898 2045 2932 duximus
2079 2894 2368 2942 adjungendum.

491 2962 669 3005 Quocirca
697 2962 907 2995 mandamus
929 2963 1099 3008 quatinus
1125 2964 1233 2998 simul
1254 2965 1290 2998 in
1311 2967 1590 3001 conservatione
1615 2966 1693 3012 ipsa
1715 2967 1817 3011 juxta
1842 2965 1992 2998 formam
2021 2963 2087 2997 tibi
2113 2962 2369 2996 archidiacone
