2580 3528
512 409 578 442 474
1091 415 1408 439 CHARTULARIUM
1444 413 1635 436 UNIVERS.
1673 413 1801 436 ranis.
2282 405 2381 446 [1267

513 491 747 536 prosequitur
771 498 905 524 textum
931 503 949 523 a
974 490 1153 535 principio
1181 501 1297 533 usque
1323 489 1359 521 in
1385 488 1506 528 finem,
1533 486 1750 532 exponendo
1771 487 1904 532 ipsum.
1928 489 1972 521 Et
1995 487 2090 521 liber
2111 489 2379 522 Sententiarum

514 570 586 591 non
620 557 769 591 adheret
802 557 926 598 textui,
962 557 1026 589 sed
1060 562 1210 600 vagatur
1239 562 1336 587 extra
1366 561 1500 587 textum
1531 565 1595 598 per
1622 553 1714 586 viam
1745 553 2008 598 inquisitionis.
2045 555 2082 588 Si
2115 555 2229 600 igitur
2261 554 2380 600 aliqua

515 626 657 658 Summa
685 623 835 657 deberet
861 623 1013 668 preferri
1040 622 1076 654 in
1102 621 1222 654 studio
1245 620 1442 665 theologie,
1464 619 1574 652 debet
1598 619 1692 653 liber
1716 620 1957 654 Historiarum
1984 621 2100 655 factus
2126 621 2185 655 vel
2212 622 2257 655 de
2285 633 2380 656 novo

513 690 674 732 fiendus;
701 697 739 723 ut
763 690 902 723 scilicet
922 689 1053 733 aliquis
1075 694 1243 721 tractatus
1264 693 1385 720 certus
1406 686 1509 719 fieret
1530 686 1574 719 de
1595 685 1747 719 historia
1768 687 1861 720 sacri
1881 693 2013 730 textus,
2036 688 2131 722 sicut
2154 687 2194 722 fit
2218 688 2255 721 in
2281 688 2380 722 omni

512 757 690 790 facultate.

607 842 680 871 Opus
704 841 801 865 minus
825 839 919 870 Rogeri
946 839 1056 862 Bacenis
1083 839 1109 861 in
1136 838 1202 868 Opp.
1225 839 1362 862 hactenus
1386 837 1502 869 inedita,
1527 838 1567 861 ed.
1585 837 1699 866 Brewer,
1723 846 1749 869 p.
1777 838 1831 861 328.
1857 838 1966 862 Librum
1989 839 2155 870 praedictum
2169 840 2287 871 Rogerus
2310 840 2380 864 Baeo

511 894 533 909 c.
549 894 590 908 an.
609 886 667 908 1267
687 885 719 907 nd
738 885 895 907 Clementem
910 891 1006 914 papam
1022 883 1056 906 IV
1070 882 1219 905 destinavit.
1236 882 1423 912 Fragmentum
1439 889 1521 913 supra
1536 881 1635 905 editum
1653 890 1704 905 non
1721 882 1787 905 levis
1803 882 1928 906 momenti
1944 886 1992 912 est,
2008 891 2069 907 cum
2080 883 2157 907 nobis
2172 883 2271 908 indicet
2290 887 2378 908 muta-

510 930 634 953 tationem
649 937 773 960 processu
789 928 915 959 temporis
934 927 1062 958 paulatim
1077 926 1253 949 introductam
1272 926 1299 949 in
1318 926 1409 949 ordine
1428 926 1568 949 lectionum
1589 926 1777 950 Universitutis
1797 926 1881 950 Paris.
1900 927 1939 951 cf.
1960 935 2042 960 supra
2061 928 2159 952 110127.
2176 928 2295 960 Rogerus
2309 928 2379 952 Baco

511 983 522 997 (ι
539 976 638 1004 septem
651 975 758 1004 peccata
774 972 853 995 studii
868 971 1023 1003 principalis
1039 971 1107 1002 quod
1124 974 1163 993 est
1177 970 1325 1001 theologiae
1340 979 1352 993 »
1368 974 1512 994 enumerat.
1529 983 1557 988 —
1573 971 1696 999 Bulaeus,
1713 971 1759 999 111,
1775 972 1829 995 383.

603 1044 623 1066 1.
641 1044 746 1066 Brewer
761 1051 766 1066 ·.
786 1052 796 1066 «
815 1043 942 1066 sententia
958 1051 980 1070 »,
998 1042 1065 1065 sicut
1079 1045 1104 1065 et
1118 1042 1196 1065 infra.
1213 1041 1403 1073 compendium
1418 1042 1445 1065 in
1459 1050 1523 1065 mss.
1540 1050 1589 1074 pro
1606 1051 1617 1065 (ι
1633 1042 1763 1066 sententia
1778 1050 1789 1065 i)
1806 1046 1832 1066 et
1847 1051 1859 1067 «
1878 1051 1981 1067 summa
1998 1051 2010 1067 ³>
2027 1044 2184 1076 quandoque
2199 1047 2240 1068 est
2254 1043 2332 1068 idem.
2349 1057 2378 1063 -

509 1090 530 1112 2.
548 1089 566 1111 Ι.
582 1097 603 1111 e.
621 1088 721 1111 Bibliae
736 1095 834 1110 sacrae.
851 1101 881 1104 —
896 1088 917 1110 3.
935 1087 1040 1110 Brewer
1052 1094 1193 1118 perperam
1209 1094 1214 1109 ·.
1229 1095 1240 1109 «
1257 1086 1321 1109 alibi
1338 1094 1359 1110 a.
1375 1100 1406 1104 —
1418 1087 1440 1110 4.
1458 1087 1487 1110 In
1503 1087 1591 1110 studio
1606 1088 1639 1110 fr.
1655 1087 1796 1111 Minoi-um.
1807 1101 1838 1105 —
1853 1090 1875 1111 5.
1893 1088 1913 1112 Ι.
1934 1096 1956 1113 e.
1973 1088 2075 1112 lecture.
2090 1088 2285 1112 Sententiarum
2298 1097 2378 1121 prae-

509 1135 590 1156 fertur
604 1133 718 1155 tecturae
734 1132 842 1155 Bihliae.
859 1145 888 1148 —
903 1133 925 1154 6.
943 1131 1049 1154 Brewer
1063 1139 1069 1154 2
1087 1140 1099 1154 <t
1115 1131 1177 1162 quia
1193 1139 1214 1154 ».
1227 1145 1258 1148 —
1271 1132 1293 1154 7.
1309 1131 1454 1154 Alexander
1469 1131 1501 1154 de
1516 1131 1604 1155 HaleS.
1620 1145 1651 1149 —-
1666 1132 1688 1155 8.
1706 1132 1827 1163 intellige
1840 1141 1851 1156 t(
1869 1133 2017 1156 Sententias
2034 1140 2056 1156 i).
2073 1133 2102 1156 In
2116 1132 2166 1156 hoc
2180 1136 2284 1157 tantum
2298 1141 2379 1158 semu

509 1185 597 1200 verum
609 1180 657 1205 est,
669 1177 843 1199 Alexandrum
858 1176 973 1207 primum
986 1175 1066 1198 fuisse
1076 1175 1121 1206 qui
1137 1175 1284 1198 Sententias
1300 1175 1403 1206 legerit,
1415 1183 1444 1199 eo
1459 1176 1530 1207 quod
1545 1176 1603 1207 ipse
1617 1176 1724 1199 modum
1739 1176 1844 1208 legendi
1860 1177 2008 1201 Sententiae
2022 1177 2049 1200 in
2064 1177 2243 1202 Universitate
2257 1177 2342 1202 Pario.
2353 1181 2380 1203 ot

509 1222 571 1244 alibi
587 1221 721 1248 usitatum,
738 1221 754 1243 i.
771 1229 794 1244 e.
810 1224 907 1243 textum
924 1220 1118 1243 Sententiarum
1132 1220 1327 1248 suhdividendi,
1345 1228 1425 1251 super
1440 1220 1560 1252 singulas
1574 1224 1664 1252 parte·
1680 1221 1853 1249 Quaestiones
1869 1221 2033 1251 instituendi,
2045 1222 2150 1254 primus
2165 1222 2271 1246 invexit.
2287 1223 2318 1247 In
2329 1222 2379 1247 hoc

509 1274 585 1289 sensu
601 1265 678 1288 etiam
695 1273 784 1288 vei-um
800 1268 840 1288 est
854 1265 952 1287 librum
968 1264 1161 1288 Sententiarum
1175 1273 1186 1287 «
1203 1265 1288 1287 facere
1307 1273 1373 1287 onus
1394 1265 1471 1288 unius
1487 1265 1546 1296 equi
1564 1274 1585 1288 ».
1602 1279 1631 1283 —
1651 1267 1674 1289 9.
1691 1266 1761 1289 Petri
1777 1266 1949 1290 Comestoris.
1966 1266 2004 1290 Cf.
2021 1270 2097 1298 parte
2116 1267 2213 1290 introd.
2229 1271 2260 1290 n⁰
2273 1268 2297 1296 8,
2312 1275 2338 1291 n.
2354 1267 2379 1292 1.

506 1418 618 1455 420.
645 1427 769 1454 Clemens
785 1429 829 1454 IV
838 1428 974 1462 magistro
989 1426 1117 1461 Radulfo
1133 1426 1168 1453 de
1187 1426 1349 1453 Albussone
1367 1427 1540 1462 facultatem
1561 1427 1691 1454 concedit
1709 1426 1833 1455 Parisiis
1848 1428 1961 1455 domum
1984 1429 2142 1464 quamdam
2156 1438 2212 1466 pro
2228 1429 2377 1456 inhabita—

595 1477 670 1503 tione
686 1476 781 1503 decem
792 1485 954 1512 pauperum
968 1475 1143 1502 scholarium
1159 1475 1338 1512 acquirendi.

1701 1514 1776 1544 1268,
1792 1514 1910 1540 danum-ii
1919 1514 1964 1544 23,
1982 1514 2090 1540 mer-bit:

596 1574 769 1618 Magistro
795 1573 946 1606 Radulfo
968 1573 1012 1606 de
1033 1573 1242 1606 Albussone
1263 1573 1449 1619 capellano
1471 1581 1610 1616 nostro,
1634 1574 1770 1608 decano
1791 1575 2020 1609 Carnotensi.
2051 1576 2260 1621 Aequisitas
2286 1587 2376 1622 opes

508 1652 596 1685 quas
630 1647 795 1685 tanquam
829 1640 963 1685 recepti
996 1639 1164 1673 beneficii
1198 1652 1271 1673 non
1306 1641 1471 1686 ingratus
1505 1653 1523 1674 a
1558 1641 1728 1683 Domino,
1764 1641 1826 1687 qui
1860 1654 1921 1675 eas
1960 1641 2026 1675 tibi
2064 1641 2204 1685 tribuit,
2238 1643 2376 1677 videris

507 1718 771 1751 recognoscere
795 1707 831 1738 in
856 1706 936 1751 pios
962 1718 1051 1740 usus
1072 1719 1111 1739 ac
1132 1706 1334 1740 laudabiles
1360 1707 1531 1753 prudenti
1557 1708 1758 1753 disponens
1783 1708 1938 1742 consilio
1965 1709 2192 1754 dispensare,
2213 1709 2375 1744 votivum

507 1773 641 1806 dudum
677 1780 889 1818 conceptum
924 1773 1036 1806 habes
1070 1774 1311 1818 propositum,
1344 1774 1489 1807 domum
1520 1786 1627 1808 unam
1657 1775 1818 1809 Parisius
1848 1787 1914 1821 pro
1949 1775 2212 1809 inhabitatione
2249 1775 2374 1810 decem

505 1852 701 1885 pauperum
749 1840 941 1873 scolarium
985 1840 1119 1873 ibidem
1165 1841 1403 1883 studentium,
1438 1854 1477 1874 ac
1517 1848 1585 1875 tam
1626 1841 1676 1875 ibi
1715 1854 1821 1887 quam
1864 1842 1950 1875 alibi
1994 1855 2153 1875 annuum
2193 1843 2375 1876 redditum

506 1907 688 1951 sexaginta
726 1906 898 1939 librarum
937 1907 1129 1951 parisiens.
1171 1907 1215 1940 de
1255 1907 1362 1940 bonis
1403 1920 1523 1941 emere
1558 1909 1717 1954 propriis
1756 1921 1821 1954 pro
1860 1908 2054 1942 scolarium
2094 1909 2375 1943 necessitatibus

506 1973 727 2006 eorumdem.
764 1974 804 2005 In
839 1986 910 2018 quo
943 1973 1163 2018 postulatum
1198 1986 1216 2007 a
1250 1981 1284 2007 te
1318 1975 1495 2008 instanter
1529 1982 1748 2020 oportunum
1781 1976 1972 2021 apostolici
2005 1976 2140 2009 favoris
2174 1976 2375 2021 presidium

506 2039 649 2084 propria
670 2040 889 2084 gratitudine
910 2041 1138 2085 apponimus,
1162 2041 1224 2086 qui
1244 2041 1340 2074 hunc
1360 2041 1495 2074 bonum
1517 2042 1683 2075 affectum
1703 2042 1739 2074 in
1763 2049 1795 2075 te
1817 2042 1930 2076 divini
1951 2043 2085 2076 amoris
2106 2042 2237 2088 spiritu
2258 2043 2376 2076 susci-

507 2112 613 2138 tatum
645 2106 748 2139 valde
778 2113 985 2151 reputamus
1014 2114 1214 2152 acceptum,
1248 2120 1329 2141 cum
1359 2108 1403 2141 ad
1433 2115 1644 2153 provectum
1675 2109 1810 2154 pariter
1839 2116 1875 2142 et
1903 2110 2105 2155 profectum
2142 2109 2375 2143 intendamus

504 2172 684 2205 ferventer
714 2173 898 2206 scientiam
928 2174 1155 2218 querentium
1185 2174 1389 2214 litteralem,
1419 2175 1558 2208 fructus
1586 2175 1789 2220 producere
1817 2175 2039 2221 multiplices
2070 2176 2309 2221 spiritualiter
2334 2188 2374 2209 ac

505 2239 748 2283 temporaliter
775 2247 966 2273 assuetam.
996 2241 1115 2283 Quare
1143 2253 1210 2274 nos
1238 2241 1310 2274 tuis
1336 2241 1665 2286 supplicationibus
1690 2242 1865 2282 inclinati,
1889 2243 2101 2276 auctoritate
2133 2242 2198 2276 tibi
2223 2254 2375 2288 presen-
2403 2236 2406 2239 ,

503 2306 588 2337 tium
632 2306 878 2351 indulgemus,
912 2314 949 2339 ut
989 2314 1178 2352 postquam
1220 2307 1429 2352 hujusmodi
1470 2308 1614 2341 domuin
1655 2309 1691 2341 in
1731 2309 1827 2342 dicto
1870 2309 1964 2351 loco,
1993 2310 2155 2343 Parisius
2189 2309 2374 2351 videlicet,

504 2372 695 2416 emptionis
721 2373 777 2405 vel
803 2373 872 2405 alio
893 2374 992 2417 justo
1022 2373 1125 2406 titulo
1147 2374 1399 2418 acquisiveris,
1421 2387 1460 2407 ac
1481 2375 1518 2407 in
1540 2387 1628 2408 usus
1656 2375 1889 2410 habitationis
1918 2376 2151 2421 deputaveris
2182 2375 2373 2421 prelibate,

504 2437 539 2469 in
566 2438 859 2483 Rothomagensi,
888 2439 1096 2478 parisiensi,
1124 2439 1352 2481 Ebroicensi,
1379 2447 1414 2474 et
1438 2442 1655 2475 Carnotensi
1680 2442 1887 2476 civitatibus
1907 2449 1942 2476 et
1963 2442 2176 2476 diocesibus
2198 2442 2371 2484 decimas,

505 2516 546 2535 ex
567 2504 699 2548 quibus
719 2505 833 2549 possit
854 2506 1095 2550 predictarum
1118 2507 1303 2552 sexaginta
1324 2507 1497 2540 librarum
1520 2509 1711 2553 parisiens.
1735 2509 1901 2542 redditus
1927 2521 2071 2542 annuus
2096 2508 2304 2554 provenire,
2327 2508 2372 2542 de

505 2569 670 2602 manibus
696 2570 867 2603 laicorum
897 2572 1074 2605 redimere
1101 2573 1234 2614 valeas,
1257 2574 1534 2608 sustentationis
1560 2575 1771 2608 eorumdem
1797 2575 1992 2609 scolarium
2020 2575 2150 2609 usibus
2177 2575 2214 2607 in
2242 2586 2374 2620 perpe-

505 2642 601 2667 tuum
628 2636 912 2669 irrevocabiliter
936 2638 1182 2672 ascribendas.
1203 2641 1283 2672 Non
1305 2640 1470 2674 obstante
1496 2641 1614 2687 aliqua
1640 2642 1867 2688 indulgentia
1897 2642 1996 2675 sedis
2022 2641 2223 2687 apostolice
2249 2641 2373 2686 cujus-

505 2713 646 2745 cunque
668 2702 804 2734 tenoris
826 2703 964 2744 existat,
985 2716 1049 2748 per
1070 2717 1174 2749 quam
1195 2705 1325 2739 horum
1346 2707 1496 2741 effectus
1517 2708 1686 2753 impediri
1708 2709 1825 2754 possit
1845 2707 2124 2754 quomodolibet
2143 2707 2201 2741 vel
2223 2707 2370 2740 tardari.

505 2767 600 2799 Nulli
622 2780 723 2813 ergo,
744 2774 821 2808 etc„
844 2776 967 2802 nostre
988 2772 1251 2813 concessionis,
1273 2778 1336 2806 etc.
1361 2774 1396 2806 Si
1418 2774 1499 2819 quis
1520 2782 1651 2816 autem,
1673 2780 1737 2809 etc.
1760 2776 1838 2808 Dat.
1860 2774 2015 2808 Viterbii
2035 2786 2056 2807 x
2077 2774 2146 2807 kal.
2169 2773 2370 2815 Februarii,

504 2845 598 2865 anno
619 2833 670 2877 iij.

596 2918 658 2948 ch.
679 2917 734 2940 Vat.
757 2918 896 2941 Clementis
913 2919 944 2941 IV
962 2927 1003 2942 an.
1025 2920 1038 2941 3
1054 2921 1091 2948 (ηο
1111 2921 1157 2952 32),
1179 2930 1220 2952 ep.
1237 2923 1290 2951 140,
1313 2924 1356 2947 sol.
1375 2924 1444 2948 19:3¹³.
1460 2938 1491 2942 —
1506 2925 1534 2948 ln
1556 2925 1719 2949 documentis
1735 2933 1786 2948 non
1801 2925 1916 2948 occurrit
1935 2933 2012 2956 quem
2033 2924 2153 2948 effectum
2175 2924 2239 2947 haec
2258 2923 2371 2955 epistola

502 2961 777 3015 pontificis-(pabutum
794 2970 852 2984 cuin
868 2962 909 2985 hic
925 2963 1010 2985 solum
1025 2963 1102 2994 hujus
1118 2966 1222 2996 collegii
1237 2967 1333 2990 mentio
1349 2968 1402 2991 fiat,
1421 2969 1516 2992 Notum
1532 2973 1571 2993 est
1586 2970 1766 2993 tantummodo
1786 2970 1937 2998 Radultum,
1962 2969 2007 3001 qui
2024 2977 2067 2993 an.
2088 2969 2148 2992 1256
2168 2968 2194 2991 in
2214 2968 2368 3000 episcopum

633 3003 641 3015 j
660 3011 665 3015 .
