2580 3528
239 397 337 438 1267]
583 407 631 429 ΑΒ
663 406 770 429 Anno
804 405 881 429 uec
914 405 1048 435 usour.
1082 406 1130 428 ΑΒ
1164 405 1393 428 putuerunt
1428 406 1469 428 iv
1503 406 1592 428 nnc.
1629 406 1766 429 nunc.
2046 399 2109 432 471

237 487 335 515 tanto
354 480 414 515 vel
433 480 573 514 minore
593 480 632 513 in
651 479 770 525 aliqua
789 479 957 513 facultate
978 479 1188 513 testimonio
1208 479 1470 512 Parisiensium
1492 479 1694 512 doctorum.
1717 479 1824 522 Quod
1845 480 1875 512 si
1898 481 1980 525 quis
2000 481 2111 515 vellet

236 547 273 580 in
298 547 386 593 dicti
409 546 491 580 falsi
519 546 754 592 impositione
779 553 905 580 contra
931 557 999 580 nos
1024 546 1236 592 persistere,
1259 552 1447 591 promptos
1474 558 1542 579 nos
1566 546 1748 579 inveniret
1772 546 1810 578 in
1835 553 1987 579 mortem
2013 554 2048 580 et
2071 547 2108 580 in

234 614 341 647 vitam
366 613 432 647 ire.
459 613 544 655 Sed,
569 620 672 659 pater
695 613 939 655 sanctissime,
966 619 1204 647 narraverunt
1229 612 1338 646 michi
1366 612 1481 658 iniqui
1508 612 1764 654 fabulationes,
1792 612 1857 645 sed
1885 624 1958 645 non
1986 619 2023 646 ut
2050 613 2108 646 lex

233 687 352 715 vestra
377 687 413 714 et
436 681 560 714 nost'ra
579 687 690 722 tenet,
712 680 822 714 immo
842 679 993 714 verbum
1015 680 1179 726 iniquum
1200 680 1471 714 constituerunt
1489 679 1682 713 adversum
1703 691 1760 712 me
1781 686 1849 712 tam
1875 679 2108 725 impudenter

233 759 339 792 quam
358 747 603 781 irreverenter
622 758 696 780 non
717 753 908 793 parcentes
928 746 1127 793 pontificali
1146 758 1253 792 quam
1273 746 1366 780 forte
1387 746 1597 780 desiderant
1616 746 1796 792 dignitati.
1819 745 1891 779 Sed
1915 746 1952 778 in
1978 746 2106 791 prefati

231 813 318 848 dieti
351 813 528 848 insaniam
562 804 736 848 stimulati
769 826 789 847 a
822 813 971 848 sathana
1004 813 1213 847 inciderunt
1245 813 1561 854 transcendentes,
1595 813 1658 858 qui
1693 813 1759 846 Dei
1798 813 1968 846 virtutem
2002 813 2103 858 juxta

232 880 379 915 modum
404 881 621 914 naturalium
647 893 768 914 rerum
790 881 1008 914 mentientes
1032 880 1206 914 audacius
1230 892 1271 914 ac
1296 879 1540 926 periculosius
1565 880 1707 914 veritati
1731 879 2040 917 contradixerunt,
2069 886 2107 914 ut

231 948 405 994 magister
429 949 558 982 Petrus
583 947 810 981 Lombardus
838 948 963 981 recitat
988 947 1025 980 in
1051 947 1230 993 principio
1253 947 1392 980 decime
1413 947 1661 980 distinctionis
1681 946 1799 992 quarti
1823 947 2102 987 Sententiarum,

230 1022 438 1049 asserentes
462 1015 500 1048 in
524 1015 627 1049 altari
647 1027 721 1048 non
741 1026 824 1048 esse
845 1026 980 1060 corpus
999 1014 1136 1049 Christi
1156 1014 1215 1048 vel
1236 1014 1466 1060 sanguinem,
1488 1026 1555 1047 nec
1575 1013 1812 1047 substantiam
1840 1013 1944 1058 panis
1969 1020 2005 1046 et.
2028 1013 2103 1047 vini

229 1081 267 1115 in
296 1081 535 1116 substantiam
564 1082 684 1115 carnis
712 1088 748 1115 et
776 1081 968 1127 sanguinis
997 1081 1175 1123 converti,
1206 1081 1271 1114 sed
1301 1081 1348 1114 ita
1377 1080 1564 1115 Christum
1594 1080 1746 1121 dixisse,
1774 1079 1844 1113 hoc
1879 1086 1935 1113 est
1967 1092 2102 1125 corpus

230 1160 363 1190 meum,
388 1149 484 1182 sicut
507 1148 597 1182 dixit
619 1148 808 1194 apostolus
833 1148 878 1181 ad
903 1147 1116 1182 Corinthios
1143 1159 1151 1181 :
1179 1162 1196 1180 «
1219 1149 1323 1181 Petra
1348 1154 1467 1181 autem
1493 1154 1570 1181 erat
1594 1146 1764 1181 Christus
1790 1160 1821 1180 ».
1848 1147 2024 1180 Dixerunt
2051 1146 2101 1180 ibi

228 1226 312 1249 esse
331 1227 467 1261 corpus
486 1221 621 1249 tantum
643 1215 681 1248 in
701 1221 926 1249 sacramento
946 1215 983 1248 id
1004 1221 1061 1248 est
1080 1215 1117 1247 in
1142 1215 1250 1260 signo
1271 1221 1307 1248 et
1325 1214 1444 1248 solum
1466 1214 1503 1247 in
1523 1214 1631 1259 signo
1651 1226 1669 1247 a
1691 1213 1798 1247 nobis
1822 1213 2044 1255 manducari,
2067 1220 2103 1247 et

228 1281 295 1316 hec
315 1282 429 1328 prima
449 1281 591 1315 heresis
610 1282 702 1315 facta
722 1288 778 1315 est
797 1282 835 1314 in
855 1281 1047 1326 discipulis
1068 1281 1205 1315 Christi
1226 1281 1383 1314 dicentis
1405 1293 1412 1314 :
1437 1295 1454 1312 ι(
1476 1281 1554 1314 Nisi
1575 1280 1880 1314 manducaveritis
1899 1292 2045 1314 carnem
2067 1287 2102 1313 et

227 1349 443 1394 sanguinem
467 1360 542 1382 non
566 1347 747 1382 habebitis
771 1348 878 1382 vitain
905 1354 1066 1381 eternam
1094 1361 1126 1387 n,
1148 1347 1318 1381 dixerunt
1339 1359 1347 1380 τ
1371 1362 1388 1379 «
1411 1348 1533 1380 Durus
1558 1353 1615 1380 est
1633 1347 1692 1380 hic
1717 1358 1853 1388 sermo,
1873 1347 1956 1392 quis
1982 1353 2103 1392 potest

225 1415 381 1449 audire?
400 1429 417 1446 »
445 1421 482 1449 et
515 1414 684 1448 abierunt
711 1421 809 1448 retro
838 1414 1043 1448 instruente
1073 1413 1221 1449 Christo
1252 1413 1336 1448 illos
1367 1414 1429 1459 xij,
1460 1414 1523 1459 qui
1553 1420 1819 1455 remanserunt,
1846 1420 1882 1447 et
1910 1414 2054 1446 dicente
2091 1425 2099 1447 :

226 1496 243 1514 α
261 1482 418 1528 Spiritus
434 1489 503 1525 est,
520 1482 582 1528 qui
602 1481 772 1523 vivificat,
788 1493 872 1515 caro
893 1493 967 1515 non
987 1481 1139 1527 prodest
1158 1481 1365 1527 quicquam.
1382 1480 1503 1515 Verba
1524 1493 1594 1526 que
1615 1480 1747 1526 loquor
1767 1480 1872 1514 vobis
1893 1480 2045 1526 spiritus
2066 1487 2102 1515 et

223 1548 295 1583 vita
317 1555 405 1583 sunt
424 1562 457 1591 »,
477 1549 561 1595 quia
581 1555 845 1582 sacramentum
866 1547 965 1594 quod
984 1547 1091 1582 vobis
1111 1547 1377 1590 commendavi,
1399 1547 1638 1593 spiritualiter
1658 1546 1885 1580 intellectum
1904 1546 2102 1580 vivificabit

223 1627 303 1658 vos,
328 1614 412 1650 ca'ro
441 1627 515 1649 non
546 1615 699 1662 prodest
725 1615 951 1661 quicquam².
981 1616 1057 1648 Hoc
1087 1621 1144 1648 est
1167 1614 1259 1648 illud
1283 1626 1432 1660 corpus,
1459 1614 1505 1648 de
1530 1626 1603 1660 quo
1631 1613 1833 1647 Eusebius’
1859 1613 1908 1646 ait
1933 1625 1940 1646 :
1969 1628 1985 1644 «
2008 1613 2099 1657 Quia

223 1694 358 1729 corpus
372 1689 598 1729 assumptum
618 1682 805 1716 ablaturus
825 1688 902 1716 erat
920 1681 965 1716 ab
984 1681 1120 1716 oculis*
1137 1688 1173 1715 et
1191 1681 1358 1716 illaturus
1379 1680 1586 1727 syderibus,
1605 1692 1758 1714 necesse
1775 1687 1852 1714 erat
1871 1686 1911 1714 ut
1930 1680 1989 1714 die
2010 1692 2100 1714 cene

223 1756 486 1783 sacramentum
507 1749 674 1795 corporis
693 1756 729 1783 et
749 1749 940 1795 sanguinis
960 1755 1193 1782 consecraret
1212 1755 1248 1782 et
1267 1748 1540 1782 commendaret
1559 1747 1679 1789 nobis,
1703 1754 1742 1781 ut
1761 1747 1944 1781 coleretur
1960 1747 2101 1793 jugiter

222 1828 287 1863 per
313 1817 529 1859 misterium,
554 1816 652 1862 quod
677 1816 791 1850 semel
816 1815 1036 1849 offerebatur
1059 1815 1096 1849 in
1122 1815 1298 1862 precium,
1319 1815 1435 1849 forma
1456 1815 1535 1848 data
1560 1827 1578 1848 a
1600 1814 1756 1848 Domino
1783 1814 2097 1848 consecrationis‘

222 1883 323 1918 verbi
348 1883 510 1926 celestis,
536 1883 635 1930 quod
659 1894 794 1929 corpus
815 1883 863 1917 sit
882 1889 1134 1917 consecratum
1155 1883 1233 1916 sive
1253 1894 1336 1916 caro
1358 1881 1507 1917 Christi.
1531 1882 1746 1916 Interiorem
1772 1881 1957 1915 hominem
1984 1880 2099 1914 reficit

221 1949 459 1996 spiritualiter
478 1957 514 1984 et
533 1949 674 1996 saginat
695 1964 726 1983 ».

309 2018 390 2051 Non
410 2023 528 2051 tamen
548 2017 668 2060 lateat,
690 2024 792 2064 pater
816 2024 953 2059 sancte,
981 2017 1081 2063 quod
1108 2029 1174 2051 vos
1202 2016 1297 2050 scire
1324 2015 1534 2050 nullatenus
1565 2015 1788 2057 dubitamus,
1816 2014 1914 2060 quod
1945 2021 2102 2060 quatuor

222 2083 341 2118 modis
374 2084 468 2118 sumi
502 2084 635 2118 dicitur
665 2096 673 2118 :
705 2084 822 2131 primo
856 2084 1110 2125 similitudine,
1141 2090 1180 2118 ut
1209 2083 1352 2129 species
1387 2083 1492 2128 panis
1525 2089 1561 2116 et
1593 2082 1682 2123 vini,
1713 2089 1749 2115 et
1781 2081 1850 2115 hoc
1884 2081 2097 2127 improprie.

221 2149 390 2184 Secundo
414 2150 633 2185 materialis⁸
657 2163 740 2185 caro
761 2150 899 2186 Christi
919 2150 1082 2185 crucifixi
1103 2157 1138 2184 et
1157 2150 1332 2191 lanceata,
1353 2162 1424 2195 que
1445 2149 1548 2195 prius
1569 2149 1613 2182 de
1633 2149 1777 2195 virgine
1803 2155 1944 2194 sumpta
1971 2155 2040 2189 est,
2063 2155 2097 2181 et

220 2217 273 2251 sic
298 2217 446 2263 proprie
469 2217 656 2263 accipitur.
678 2218 808 2252 Tercio
829 2218 907 2264 ipsa
928 2217 1083 2252 ecclesia
1103 2217 1161 2251 vel
1182 2218 1262 2262 ejus
1283 2217 1402 2250 unitas
1422 2216 1575 2250 mistica.
1598 2217 1734 2259 Quarto
1756 2215 1834 2260 ipsa
1854 2226 1937 2248 caro
1959 2214 2095 2248 Christi

220 2283 435 2330 spiritualis,
456 2295 526 2330 que
546 2295 632 2318 vere
656 2283 762 2318 cibus
787 2291 855 2326 est,
877 2296 982 2330 quam
1009 2296 1154 2318 carnem
1175 2284 1237 2330 qui
1259 2283 1478 2317 manducant
1503 2282 1745 2328 spiritualiter
1765 2282 1951 2315 veritatem
1980 2281 2100 2314 carnis

220 2357 255 2384 et
280 2350 472 2397 sanguinis
499 2350 670 2385 dicuntur
695 2362 854 2393 sumere,
882 2351 965 2397 quia
992 2351 1107 2397 ipsam
1135 2350 1384 2392 efficienciam,
1415 2350 1451 2383 id
1479 2356 1535 2383 est
1564 2349 1679 2395 ipsam
1710 2355 1939 2394 peccatorum
1970 2348 2099 2381 remis-

219 2417 360 2451 sionem
381 2416 527 2458 habent,
550 2429 616 2463 pro
636 2429 706 2463 qua
726 2417 779 2451 sic
799 2423 923 2451 oratur
943 2429 1023 2451 cum
1045 2417 1179 2450 dicitur
1201 2428 1208 2450 :
1233 2431 1249 2448 «
1273 2416 1468 2450 Proficiant
1487 2415 1524 2448 in
1546 2414 1667 2456 nobis,
1688 2426 1903 2460 quesumus,
1927 2414 2096 2455 Domine,

219 2490 277 2518 tua
297 2490 519 2518 sacramenta
545 2496 615 2530 que
640 2484 841 2526 continent,
868 2490 908 2518 ut
927 2484 1026 2529 quod
1058 2495 1155 2517 nunc
1180 2495 1245 2529 spe
1269 2482 1432 2528 gerimus
1462 2493 1583 2516 rerum
1609 2482 1761 2515 veritate
1787 2481 1972 2527 capiamus
2001 2495 2031 2521 n,
2059 2480 2095 2514 id

215 2557 272 2584 est
305 2550 502 2597 predictam
537 2551 785 2593 efficienciam,
821 2557 858 2585 et
895 2550 1002 2585 etiam
1041 2562 1167 2584 verum
1206 2561 1341 2596 corpus
1379 2549 1531 2591 Christi,
1567 2548 1665 2594 quod
1705 2548 1757 2581 sic
1788 2548 1957 2589 sumitur,
1993 2547 2091 2593 quod

217 2617 430 2652 verissim&
463 2624 520 2652 est
553 2618 590 2651 in
622 2618 738 2660 altari,
770 2624 808 2652 ut
837 2618 943 2652 etiam
973 2617 1062 2651 dicit
1094 2616 1339 2663 Augustinus,
1370 2615 1565 2650 visibiliter
1598 2615 1635 2649 in
1669 2614 1763 2656 celo,
1793 2614 1877 2661 quia
1910 2614 1945 2648 in
1981 2615 2094 2648 forma

216 2682 384 2727 humana,
405 2684 470 2718 sed
496 2684 533 2718 in
557 2683 660 2718 altari
680 2684 928 2726 invisibiliter,
950 2683 1092 2718 scilicet
1112 2684 1148 2717 in
1169 2684 1283 2717 forma
1302 2682 1471 2723 humana,
1493 2682 1591 2728 quod
1618 2681 1687 2716 sub
1713 2681 1908 2727 speciebus
1931 2681 2034 2727 panis
2059 2687 2094 2714 et

216 2750 292 2785 vini
311 2751 487 2797 operitur,
510 2750 730 2798 ubicumque
751 2751 787 2785 in
808 2750 909 2785 altari
930 2750 1156 2792 celebretur;
1179 2750 1361 2796 integrum
1383 2756 1452 2791 est,
1473 2761 1547 2782 non
1569 2760 1634 2795 per
1653 2755 1774 2794 partes
1795 2748 2034 2794 discerptum,
2056 2754 2093 2781 ut

216 2816 271 2851 illi
293 2817 476 2860 dixerunt,
497 2818 560 2864 qui
585 2824 683 2852 retro
707 2817 887 2852 abierunt.
909 2818 1029 2852 Verus
1050 2829 1139 2863 ergo
1166 2818 1264 2850 Deus
1290 2822 1325 2850 et
1344 2827 1455 2850 verus
1479 2814 1588 2849 homo
1613 2815 1651 2849 in
1676 2814 1745 2848 hoc
1771 2821 1827 2849 est
1852 2821 2092 2853 sacramento,

216 2883 314 2929 quod
334 2890 392 2919 est
409 2895 544 2931 corpus
563 2884 713 2926 Christi,
737 2884 883 2931 plenum
905 2884 1019 2931 gratia
1040 2891 1076 2918 et
1095 2883 1216 2918 divina
1238 2884 1438 2929 majestate,
1460 2894 1581 2916 rerum
1601 2882 1787 2916 veritatem
1815 2888 1851 2915 et
1871 2888 2032 2915 naturam
2056 2880 2091 2913 in

216 2961 257 2985 se
281 2950 486 2994 continens,
508 2951 647 2986 mistica
667 2952 944 2986 consecratione
964 2951 1068 2998 panis
1089 2951 1126 2985 in
1147 2962 1282 2996 corpus
1303 2957 1338 2984 et
1358 2950 1482 2984 vinum
1504 2949 1540 2983 in
1562 2949 1777 2995 sanguinem
1805 2947 2094 2982 substantialiter
