<?xml version="1.0" encoding="UTF-8"?>
<!DOCTYPE html PUBLIC "-//W3C//DTD XHTML 1.0 Transitional//EN"
    "http://www.w3.org/TR/xhtml1/DTD/xhtml1-transitional.dtd">
<html xmlns="http://www.w3.org/1999/xhtml" xml:lang="en" lang="en">
 <head>
  <title>
</title>
<meta http-equiv="Content-Type" content="text/html;charset=utf-8" />
  <meta name='ocr-system' content='tesseract 3.04.00' />
  <meta name='ocr-capabilities' content='ocr_page ocr_carea ocr_par ocr_line ocrx_word'/>
</head>
<body>
  <div class='ocr_page' id='page_1' title='image "./chartulariumuniv01univuoft_0343.png"; bbox 0 0 2580 3528; ppageno 0'>
   <div class='ocr_carea' id='block_1_1' title="bbox 0 0 113 3528">
    <p class='ocr_par' dir='ltr' id='par_1_1' title="bbox 0 0 113 3528">
     <span class='ocr_line' id='line_1_1' title="bbox 0 0 113 3528; baseline 0 0"><span class='ocrx_word' id='word_1_1' title='bbox 0 0 113 3528; x_wconf 95' lang='lat' dir='ltr'> </span> 
     </span>
    </p>
   </div>
   <div class='ocr_carea' id='block_1_2' title="bbox 257 436 2124 478">
    <p class='ocr_par' dir='ltr' id='par_1_2' title="bbox 257 436 2124 478">
     <span class='ocr_line' id='line_1_2' title="bbox 257 436 2124 478; baseline 0.003 -9"><span class='ocrx_word' id='word_1_2' title='bbox 257 436 354 478; x_wconf 86' lang='lat'>1256]</span> <span class='ocrx_word' id='word_1_3' title='bbox 594 446 642 469; x_wconf 75' lang='lat' dir='ltr'>AB</span> <span class='ocrx_word' id='word_1_4' title='bbox 675 446 782 470; x_wconf 58' lang='lat' dir='ltr'>anno</span> <span class='ocrx_word' id='word_1_5' title='bbox 817 446 895 470; x_wconf 75' lang='lat' dir='ltr'>ucc</span> <span class='ocrx_word' id='word_1_6' title='bbox 928 447 1061 476; x_wconf 73' lang='lat' dir='ltr'>usqua</span> <span class='ocrx_word' id='word_1_7' title='bbox 1095 447 1144 469; x_wconf 70' lang='lat' dir='ltr'>An</span> <span class='ocrx_word' id='word_1_8' title='bbox 1179 447 1408 470; x_wconf 74' lang='lat' dir='ltr'>PHILIPPUM</span> <span class='ocrx_word' id='word_1_9' title='bbox 1442 448 1483 470; x_wconf 81' lang='lat' dir='ltr'>iv</span> <span class='ocrx_word' id='word_1_10' title='bbox 1516 449 1605 470; x_wconf 72' lang='lat' dir='ltr'>asc.</span> <span class='ocrx_word' id='word_1_11' title='bbox 1643 449 1780 472; x_wconf 49' lang='lat' dir='ltr'>rasse.</span> <span class='ocrx_word' id='word_1_12' title='bbox 2060 443 2124 475; x_wconf 89' lang='lat'>301</span> 
     </span>
    </p>
   </div>
   <div class='ocr_carea' id='block_1_3' title="bbox 249 519 2134 1300">
    <p class='ocr_par' dir='ltr' id='par_1_3' title="bbox 249 519 2134 1300">
     <span class='ocr_line' id='line_1_3' title="bbox 254 519 2128 566; baseline 0.002 -12"><span class='ocrx_word' id='word_1_13' title='bbox 254 519 416 554; x_wconf 84' lang='lat' dir='ltr'>scolares</span> <span class='ocrx_word' id='word_1_14' title='bbox 443 519 488 554; x_wconf 84' lang='lat' dir='ltr'>ad</span> <span class='ocrx_word' id='word_1_15' title='bbox 516 519 774 554; x_wconf 84' lang='lat' dir='ltr'>Universitatis</span> <span class='ocrx_word' id='word_1_16' title='bbox 807 519 1004 566; x_wconf 86' lang='lat' dir='ltr'>collegium</span> <span class='ocrx_word' id='word_1_17' title='bbox 1035 521 1137 565; x_wconf 85' lang='lat' dir='ltr'>juxta</span> <span class='ocrx_word' id='word_1_18' title='bbox 1167 520 1414 566; x_wconf 90' lang='lat' dir='ltr'>predictorum</span> <span class='ocrx_word' id='word_1_19' title='bbox 1447 521 1604 555; x_wconf 86' lang='lat' dir='ltr'>mandati</span> <span class='ocrx_word' id='word_1_20' title='bbox 1638 528 1674 555; x_wconf 90' lang='lat' dir='ltr'>et</span> <span class='ocrx_word' id='word_1_21' title='bbox 1707 522 1947 556; x_wconf 84' lang='lat' dir='ltr'>ordinationis</span> <span class='ocrx_word' id='word_1_22' title='bbox 1982 530 2128 558; x_wconf 89' lang='lat' dir='ltr'>tenores</span> 
     </span>
     <span class='ocr_line' id='line_1_4' title="bbox 253 585 2131 644; baseline 0.002 -24"><span class='ocrx_word' id='word_1_23' title='bbox 253 585 402 620; x_wconf 87' lang='lat' dir='ltr'>minime</span> <span class='ocrx_word' id='word_1_24' title='bbox 433 586 672 632; x_wconf 82' lang='lat' dir='ltr'>recepissent,</span> <span class='ocrx_word' id='word_1_25' title='bbox 708 586 826 620; x_wconf 91' lang='lat' dir='ltr'>dictos</span> <span class='ocrx_word' id='word_1_26' title='bbox 859 586 1056 633; x_wconf 89' lang='lat' dir='ltr'>magistros</span> <span class='ocrx_word' id='word_1_27' title='bbox 1090 586 1276 633; x_wconf 83' lang='lat' dir='ltr'>theologie</span> <span class='ocrx_word' id='word_1_28' title='bbox 1309 587 1354 621; x_wconf 90' lang='lat' dir='ltr'>ab</span> <span class='ocrx_word' id='word_1_29' title='bbox 1388 587 1518 621; x_wconf 88' lang='lat' dir='ltr'>officiis</span> <span class='ocrx_word' id='word_1_30' title='bbox 1548 595 1583 621; x_wconf 90' lang='lat' dir='ltr'>et</span> <span class='ocrx_word' id='word_1_31' title='bbox 1615 587 1841 644; x_wconf 48' lang='lat' dir='ltr'>benefi‘cii-s-</span> <span class='ocrx_word' id='word_1_32' title='bbox 1838 589 2061 623; x_wconf 84' lang='lat' dir='ltr'>denuntietis</span> <span class='ocrx_word' id='word_1_33' title='bbox 2095 598 2131 624; x_wconf 86' lang='lat' dir='ltr'>et</span> 
     </span>
     <span class='ocr_line' id='line_1_5' title="bbox 251 652 2130 711; baseline 0.002 -25"><span class='ocrx_word' id='word_1_34' title='bbox 251 652 390 687; x_wconf 82' lang='lat' dir='ltr'>faciatis</span> <span class='ocrx_word' id='word_1_35' title='bbox 419 652 631 686; x_wconf 76' lang='lat' dir='ltr'>denunciari</span> <span class='ocrx_word' id='word_1_36' title='bbox 661 664 878 711; x_wconf 54' lang='lat' dir='ltr'>Qnsos,</span> <span class='ocrx_word' id='word_1_37' title='bbox 908 653 1085 707; x_wconf 80' lang='lat' dir='ltr'>ipsosque</span> <span class='ocrx_word' id='word_1_38' title='bbox 1111 666 1152 687; x_wconf 89' lang='lat' dir='ltr'>ac</span> <span class='ocrx_word' id='word_1_39' title='bbox 1178 653 1322 699; x_wconf 89' lang='lat' dir='ltr'>aliquos</span> <span class='ocrx_word' id='word_1_40' title='bbox 1350 654 1456 688; x_wconf 90' lang='lat' dir='ltr'>etiam</span> <span class='ocrx_word' id='word_1_41' title='bbox 1485 654 1529 688; x_wconf 91' lang='lat' dir='ltr'>de</span> <span class='ocrx_word' id='word_1_42' title='bbox 1553 654 1635 688; x_wconf 88' lang='lat' dir='ltr'>aliis</span> <span class='ocrx_word' id='word_1_43' title='bbox 1659 655 1846 701; x_wconf 84' lang='lat' dir='ltr'>magistris</span> <span class='ocrx_word' id='word_1_44' title='bbox 1870 662 1906 689; x_wconf 90' lang='lat' dir='ltr'>et</span> <span class='ocrx_word' id='word_1_45' title='bbox 1926 655 2130 690; x_wconf 89' lang='lat' dir='ltr'>scolaribus</span> 
     </span>
     <span class='ocr_line' id='line_1_6' title="bbox 250 718 2130 766; baseline 0.002 -14"><span class='ocrx_word' id='word_1_46' title='bbox 250 718 522 753; x_wconf 89' lang='lat' dir='ltr'>Parisiensibus</span> <span class='ocrx_word' id='word_1_47' title='bbox 551 730 644 765; x_wconf 89' lang='lat' dir='ltr'>quos</span> <span class='ocrx_word' id='word_1_48' title='bbox 673 719 710 752; x_wconf 92' lang='lat' dir='ltr'>in</span> <span class='ocrx_word' id='word_1_49' title='bbox 740 719 876 765; x_wconf 85' lang='lat' dir='ltr'>prefata</span> <span class='ocrx_word' id='word_1_50' title='bbox 911 719 1161 754; x_wconf 83' lang='lat' dir='ltr'>inobedientia</span> <span class='ocrx_word' id='word_1_51' title='bbox 1189 720 1411 766; x_wconf 85' lang='lat' dir='ltr'>principales</span> <span class='ocrx_word' id='word_1_52' title='bbox 1439 720 1656 755; x_wconf 90' lang='lat' dir='ltr'>inveneritis</span> <span class='ocrx_word' id='word_1_53' title='bbox 1685 721 1862 763; x_wconf 78' lang='lat' dir='ltr'>extitisse,</span> <span class='ocrx_word' id='word_1_54' title='bbox 1889 720 1933 755; x_wconf 88' lang='lat' dir='ltr'>ab</span> <span class='ocrx_word' id='word_1_55' title='bbox 1960 722 2130 756; x_wconf 91' lang='lat' dir='ltr'>omnibus</span> 
     </span>
     <span class='ocr_line' id='line_1_7' title="bbox 251 785 2131 834; baseline 0.002 -15"><span class='ocrx_word' id='word_1_56' title='bbox 251 785 510 820; x_wconf 89' lang='lat' dir='ltr'>ecclesiasticis</span> <span class='ocrx_word' id='word_1_57' title='bbox 537 785 727 819; x_wconf 88' lang='lat' dir='ltr'>beneficiis</span> <span class='ocrx_word' id='word_1_58' title='bbox 756 787 968 820; x_wconf 82' lang='lat' dir='ltr'>auctoritate</span> <span class='ocrx_word' id='word_1_59' title='bbox 997 793 1122 820; x_wconf 90' lang='lat' dir='ltr'>nostra</span> <span class='ocrx_word' id='word_1_60' title='bbox 1143 798 1262 833; x_wconf 89' lang='lat' dir='ltr'>usque</span> <span class='ocrx_word' id='word_1_61' title='bbox 1288 787 1332 820; x_wconf 89' lang='lat' dir='ltr'>ad</span> <span class='ocrx_word' id='word_1_62' title='bbox 1353 787 1636 822; x_wconf 82' lang='lat' dir='ltr'>satisfactionem</span> <span class='ocrx_word' id='word_1_63' title='bbox 1662 788 1880 834; x_wconf 82' lang='lat' dir='ltr'>condignam</span> <span class='ocrx_word' id='word_1_64' title='bbox 1903 789 2131 834; x_wconf 85' lang='lat' dir='ltr'>suspendere</span> 
     </span>
     <span class='ocr_line' id='line_1_8' title="bbox 251 852 2129 900; baseline 0.002 -15"><span class='ocrx_word' id='word_1_65' title='bbox 251 852 468 898; x_wconf 83' lang='lat' dir='ltr'>procuretis,</span> <span class='ocrx_word' id='word_1_66' title='bbox 494 852 760 898; x_wconf 89' lang='lat' dir='ltr'>suspensiones</span> <span class='ocrx_word' id='word_1_67' title='bbox 787 853 887 898; x_wconf 84' lang='lat' dir='ltr'>ipsas</span> <span class='ocrx_word' id='word_1_68' title='bbox 914 852 1124 899; x_wconf 89' lang='lat' dir='ltr'>ubicunque</span> <span class='ocrx_word' id='word_1_69' title='bbox 1144 853 1311 887; x_wconf 87' lang='lat' dir='ltr'>videritis</span> <span class='ocrx_word' id='word_1_70' title='bbox 1339 854 1511 900; x_wconf 88' lang='lat' dir='ltr'>expedire</span> <span class='ocrx_word' id='word_1_71' title='bbox 1537 866 1603 900; x_wconf 92' lang='lat' dir='ltr'>per</span> <span class='ocrx_word' id='word_1_72' title='bbox 1626 866 1693 888; x_wconf 88' lang='lat' dir='ltr'>vos</span> <span class='ocrx_word' id='word_1_73' title='bbox 1714 861 1750 888; x_wconf 91' lang='lat' dir='ltr'>et</span> <span class='ocrx_word' id='word_1_74' title='bbox 1769 854 1861 888; x_wconf 88' lang='lat' dir='ltr'>alios</span> <span class='ocrx_word' id='word_1_75' title='bbox 1886 854 2129 900; x_wconf 81' lang='lat' dir='ltr'>publicantes,</span> 
     </span>
     <span class='ocr_line' id='line_1_9' title="bbox 250 917 2126 966; baseline 0.002 -14"><span class='ocrx_word' id='word_1_76' title='bbox 250 930 325 952; x_wconf 89' lang='lat' dir='ltr'>non</span> <span class='ocrx_word' id='word_1_77' title='bbox 345 917 526 960; x_wconf 87' lang='lat' dir='ltr'>obstante,</span> <span class='ocrx_word' id='word_1_78' title='bbox 547 919 646 965; x_wconf 93' lang='lat' dir='ltr'>quod</span> <span class='ocrx_word' id='word_1_79' title='bbox 670 919 761 965; x_wconf 89' lang='lat' dir='ltr'>ipsis</span> <span class='ocrx_word' id='word_1_80' title='bbox 782 926 971 966; x_wconf 86' lang='lat' dir='ltr'>postquam</span> <span class='ocrx_word' id='word_1_81' title='bbox 995 920 1048 954; x_wconf 89' lang='lat' dir='ltr'>eis</span> <span class='ocrx_word' id='word_1_82' title='bbox 1069 920 1113 954; x_wconf 92' lang='lat' dir='ltr'>de</span> <span class='ocrx_word' id='word_1_83' title='bbox 1134 920 1283 966; x_wconf 87' lang='lat' dir='ltr'>prefatis</span> <span class='ocrx_word' id='word_1_84' title='bbox 1302 920 1470 954; x_wconf 86' lang='lat' dir='ltr'>mandato</span> <span class='ocrx_word' id='word_1_85' title='bbox 1492 927 1528 954; x_wconf 90' lang='lat' dir='ltr'>et</span> <span class='ocrx_word' id='word_1_86' title='bbox 1547 921 1777 955; x_wconf 88' lang='lat' dir='ltr'>ordinatione</span> <span class='ocrx_word' id='word_1_87' title='bbox 1797 921 1935 955; x_wconf 90' lang='lat' dir='ltr'>nostris</span> <span class='ocrx_word' id='word_1_88' title='bbox 1956 921 2126 963; x_wconf 88' lang='lat' dir='ltr'>innotuit,</span> 
     </span>
     <span class='ocr_line' id='line_1_10' title="bbox 250 983 2128 1033; baseline 0.001 -14"><span class='ocrx_word' id='word_1_89' title='bbox 250 983 295 1019; x_wconf 89' lang='lat' dir='ltr'>ab</span> <span class='ocrx_word' id='word_1_90' title='bbox 318 984 576 1020; x_wconf 88' lang='lat' dir='ltr'>Universitatis</span> <span class='ocrx_word' id='word_1_91' title='bbox 602 985 760 1032; x_wconf 87' lang='lat' dir='ltr'>collegio</span> <span class='ocrx_word' id='word_1_92' title='bbox 786 993 1031 1029; x_wconf 89' lang='lat' dir='ltr'>recesserunt,</span> <span class='ocrx_word' id='word_1_93' title='bbox 1058 986 1116 1021; x_wconf 89' lang='lat' dir='ltr'>vel</span> <span class='ocrx_word' id='word_1_94' title='bbox 1143 987 1241 1033; x_wconf 88' lang='lat' dir='ltr'>quod</span> <span class='ocrx_word' id='word_1_95' title='bbox 1266 999 1285 1020; x_wconf 91' lang='lat' dir='ltr'>a</span> <span class='ocrx_word' id='word_1_96' title='bbox 1309 987 1415 1021; x_wconf 90' lang='lat' dir='ltr'>vobis</span> <span class='ocrx_word' id='word_1_97' title='bbox 1441 988 1578 1033; x_wconf 91' lang='lat' dir='ltr'>prefate</span> <span class='ocrx_word' id='word_1_98' title='bbox 1604 987 1845 1021; x_wconf 87' lang='lat' dir='ltr'>ordinationis</span> <span class='ocrx_word' id='word_1_99' title='bbox 1870 987 2128 1022; x_wconf 88' lang='lat' dir='ltr'>executoribus</span> 
     </span>
     <span class='ocr_line' id='line_1_11' title="bbox 250 1051 2134 1100; baseline 0.002 -15"><span class='ocrx_word' id='word_1_100' title='bbox 250 1051 455 1098; x_wconf 83' lang='lat' dir='ltr'>appellasse</span> <span class='ocrx_word' id='word_1_101' title='bbox 485 1052 668 1095; x_wconf 86' lang='lat' dir='ltr'>dicuntur,</span> <span class='ocrx_word' id='word_1_102' title='bbox 698 1053 782 1098; x_wconf 90' lang='lat' dir='ltr'>quia</span> <span class='ocrx_word' id='word_1_103' title='bbox 810 1052 1196 1087; x_wconf 86' lang='lat' dir='ltr'>excommunicationis</span> <span class='ocrx_word' id='word_1_104' title='bbox 1226 1054 1442 1088; x_wconf 85' lang='lat' dir='ltr'>sententiam</span> <span class='ocrx_word' id='word_1_105' title='bbox 1469 1053 1635 1088; x_wconf 88' lang='lat' dir='ltr'>tuleratis</span> <span class='ocrx_word' id='word_1_106' title='bbox 1662 1054 1699 1087; x_wconf 90' lang='lat' dir='ltr'>in</span> <span class='ocrx_word' id='word_1_107' title='bbox 1725 1066 1854 1088; x_wconf 91' lang='lat' dir='ltr'>omnes</span> <span class='ocrx_word' id='word_1_108' title='bbox 1882 1054 2077 1100; x_wconf 88' lang='lat' dir='ltr'>magistros</span> <span class='ocrx_word' id='word_1_109' title='bbox 2097 1062 2134 1089; x_wconf 92' lang='lat' dir='ltr'>et</span> 
     </span>
     <span class='ocr_line' id='line_1_12' title="bbox 249 1117 2127 1165; baseline 0.001 -13"><span class='ocrx_word' id='word_1_110' title='bbox 249 1117 412 1152; x_wconf 87' lang='lat' dir='ltr'>scolares</span> <span class='ocrx_word' id='word_1_111' title='bbox 443 1118 685 1161; x_wconf 85' lang='lat' dir='ltr'>Parisienses,</span> <span class='ocrx_word' id='word_1_112' title='bbox 715 1119 778 1164; x_wconf 91' lang='lat' dir='ltr'>qui</span> <span class='ocrx_word' id='word_1_113' title='bbox 807 1119 1075 1154; x_wconf 86' lang='lat' dir='ltr'>ordinationem</span> <span class='ocrx_word' id='word_1_114' title='bbox 1109 1119 1321 1165; x_wconf 88' lang='lat' dir='ltr'>hujusmodi</span> <span class='ocrx_word' id='word_1_115' title='bbox 1351 1133 1425 1154; x_wconf 91' lang='lat' dir='ltr'>non</span> <span class='ocrx_word' id='word_1_116' title='bbox 1454 1120 1659 1162; x_wconf 86' lang='lat' dir='ltr'>servabant,</span> <span class='ocrx_word' id='word_1_117' title='bbox 1691 1132 1758 1154; x_wconf 90' lang='lat' dir='ltr'>seu</span> <span class='ocrx_word' id='word_1_118' title='bbox 1786 1121 2048 1154; x_wconf 88' lang='lat' dir='ltr'>constitutione</span> <span class='ocrx_word' id='word_1_119' title='bbox 2082 1121 2127 1155; x_wconf 90' lang='lat' dir='ltr'>de</span> 
     </span>
     <span class='ocr_line' id='line_1_13' title="bbox 249 1184 2127 1233; baseline 0.002 -15"><span class='ocrx_word' id='word_1_120' title='bbox 249 1184 392 1219; x_wconf 89' lang='lat' dir='ltr'>duabus</span> <span class='ocrx_word' id='word_1_121' title='bbox 419 1184 528 1218; x_wconf 88' lang='lat' dir='ltr'>dietis</span> <span class='ocrx_word' id='word_1_122' title='bbox 558 1185 654 1219; x_wconf 86' lang='lat' dir='ltr'>edita</span> <span class='ocrx_word' id='word_1_123' title='bbox 682 1186 720 1218; x_wconf 91' lang='lat' dir='ltr'>in</span> <span class='ocrx_word' id='word_1_124' title='bbox 749 1185 917 1220; x_wconf 92' lang='lat' dir='ltr'>Concilio</span> <span class='ocrx_word' id='word_1_125' title='bbox 946 1186 1124 1232; x_wconf 85' lang='lat' dir='ltr'>generali.</span> <span class='ocrx_word' id='word_1_126' title='bbox 1155 1187 1263 1230; x_wconf 90' lang='lat' dir='ltr'>Quod</span> <span class='ocrx_word' id='word_1_127' title='bbox 1290 1187 1322 1220; x_wconf 92' lang='lat' dir='ltr'>si</span> <span class='ocrx_word' id='word_1_128' title='bbox 1348 1199 1423 1220; x_wconf 89' lang='lat' dir='ltr'>non</span> <span class='ocrx_word' id='word_1_129' title='bbox 1448 1187 1555 1220; x_wconf 92' lang='lat' dir='ltr'>ambo</span> <span class='ocrx_word' id='word_1_130' title='bbox 1581 1187 1653 1221; x_wconf 90' lang='lat' dir='ltr'>hiis</span> <span class='ocrx_word' id='word_1_131' title='bbox 1680 1187 1906 1232; x_wconf 86' lang='lat' dir='ltr'>exequendis</span> <span class='ocrx_word' id='word_1_132' title='bbox 1934 1187 2127 1233; x_wconf 87' lang='lat' dir='ltr'>potueritis</span> 
     </span>
     <span class='ocr_line' id='line_1_14' title="bbox 249 1251 2129 1300; baseline 0.002 -16"><span class='ocrx_word' id='word_1_133' title='bbox 249 1251 444 1293; x_wconf 87' lang='lat' dir='ltr'>interesse,</span> <span class='ocrx_word' id='word_1_134' title='bbox 464 1251 555 1285; x_wconf 85' lang='lat' dir='ltr'>alter</span> <span class='ocrx_word' id='word_1_135' title='bbox 574 1258 734 1285; x_wconf 88' lang='lat' dir='ltr'>vestrum</span> <span class='ocrx_word' id='word_1_136' title='bbox 756 1264 796 1286; x_wconf 86' lang='lat' dir='ltr'>ea</span> <span class='ocrx_word' id='word_1_137' title='bbox 817 1252 1078 1286; x_wconf 89' lang='lat' dir='ltr'>nichilominus</span> <span class='ocrx_word' id='word_1_138' title='bbox 1099 1260 1308 1299; x_wconf 82' lang='lat' dir='ltr'>exequatur.</span> <span class='ocrx_word' id='word_1_139' title='bbox 1331 1254 1410 1287; x_wconf 87' lang='lat' dir='ltr'>Dat.</span> <span class='ocrx_word' id='word_1_140' title='bbox 1432 1254 1598 1287; x_wconf 88' lang='lat' dir='ltr'>Laterani</span> <span class='ocrx_word' id='word_1_141' title='bbox 1619 1254 1670 1299; x_wconf 86' lang='lat' dir='ltr'>iiij</span> <span class='ocrx_word' id='word_1_142' title='bbox 1692 1254 1742 1287; x_wconf 87' lang='lat' dir='ltr'>id.</span> <span class='ocrx_word' id='word_1_143' title='bbox 1765 1253 1991 1296; x_wconf 84' lang='lat' dir='ltr'>Decembris,</span> <span class='ocrx_word' id='word_1_144' title='bbox 2010 1255 2129 1300; x_wconf 89' lang='lat' dir='ltr'>ponti-</span> 
     </span>
    </p>
   </div>
   <div class='ocr_carea' id='block_1_4' title="bbox 249 1316 780 1364">
    <p class='ocr_par' dir='ltr' id='par_1_4' title="bbox 249 1316 780 1364">
     <span class='ocr_line' id='line_1_15' title="bbox 249 1316 780 1364; baseline 0 -13"><span class='ocrx_word' id='word_1_145' title='bbox 249 1316 376 1352; x_wconf 89' lang='lat' dir='ltr'>ficatus</span> <span class='ocrx_word' id='word_1_146' title='bbox 396 1318 514 1364; x_wconf 80' lang='lat' dir='ltr'>nostri</span> <span class='ocrx_word' id='word_1_147' title='bbox 533 1329 628 1351; x_wconf 91' lang='lat' dir='ltr'>anno</span> <span class='ocrx_word' id='word_1_148' title='bbox 650 1318 780 1364; x_wconf 90' lang='lat' dir='ltr'>primo.</span> 
     </span>
    </p>
   </div>
   <div class='ocr_carea' id='block_1_5' title="bbox 246 1414 2122 1494">
    <p class='ocr_par' dir='ltr' id='par_1_5' title="bbox 246 1414 2122 1494">
     <span class='ocr_line' id='line_1_16' title="bbox 341 1414 2122 1448; baseline 0.002 -9"><span class='ocrx_word' id='word_1_149' title='bbox 341 1414 477 1447; x_wconf 74' lang='lat' dir='ltr'>Originale</span> <span class='ocrx_word' id='word_1_150' title='bbox 496 1415 524 1439; x_wconf 87' lang='lat' dir='ltr'>in</span> <span class='ocrx_word' id='word_1_151' title='bbox 542 1415 620 1439; x_wconf 78' lang='lat' dir='ltr'>Arch.</span> <span class='ocrx_word' id='word_1_152' title='bbox 634 1418 688 1439; x_wconf 82' lang='lat' dir='ltr'>nat.</span> <span class='ocrx_word' id='word_1_153' title='bbox 705 1415 789 1439; x_wconf 82' lang='lat' dir='ltr'>Paris.</span> <span class='ocrx_word' id='word_1_154' title='bbox 806 1416 834 1440; x_wconf 89' lang='lat' dir='ltr'>L.</span> <span class='ocrx_word' id='word_1_155' title='bbox 851 1417 906 1445; x_wconf 78' lang='lat'>249,</span> <span class='ocrx_word' id='word_1_156' title='bbox 922 1420 952 1440; x_wconf 82' lang='lat' dir='ltr'>n⁰</span> <span class='ocrx_word' id='word_1_157' title='bbox 971 1417 1009 1440; x_wconf 82' lang='lat'>59.</span> <span class='ocrx_word' id='word_1_158' title='bbox 1026 1416 1103 1440; x_wconf 81' lang='lat' dir='ltr'>Bulla</span> <span class='ocrx_word' id='word_1_159' title='bbox 1122 1416 1249 1448; x_wconf 81' lang='lat' dir='ltr'>plumbea</span> <span class='ocrx_word' id='word_1_160' title='bbox 1269 1415 1321 1440; x_wconf 87' lang='lat' dir='ltr'>filis</span> <span class='ocrx_word' id='word_1_161' title='bbox 1337 1417 1448 1440; x_wconf 74' lang='lat' dir='ltr'>cannah.</span> <span class='ocrx_word' id='word_1_162' title='bbox 1465 1417 1632 1448; x_wconf 75' lang='lat' dir='ltr'>appenditur.</span> <span class='ocrx_word' id='word_1_163' title='bbox 1650 1417 1809 1447; x_wconf 79' lang='lat' dir='ltr'>Pertinebat,</span> <span class='ocrx_word' id='word_1_164' title='bbox 1825 1421 1854 1441; x_wconf 87' lang='lat' dir='ltr'>ut</span> <span class='ocrx_word' id='word_1_165' title='bbox 1869 1417 1981 1447; x_wconf 83' lang='lat' dir='ltr'>videtur,</span> <span class='ocrx_word' id='word_1_166' title='bbox 1997 1419 2031 1442; x_wconf 84' lang='lat' dir='ltr'>ad</span> <span class='ocrx_word' id='word_1_167' title='bbox 2046 1419 2122 1442; x_wconf 75' lang='lat' dir='ltr'>Arch.</span> 
     </span>
     <span class='ocr_line' id='line_1_17' title="bbox 246 1459 1845 1494; baseline 0.001 -10"><span class='ocrx_word' id='word_1_168' title='bbox 246 1459 339 1484; x_wconf 74' lang='lat' dir='ltr'>Praed.</span> <span class='ocrx_word' id='word_1_169' title='bbox 355 1459 382 1483; x_wconf 90' lang='lat' dir='ltr'>S.</span> <span class='ocrx_word' id='word_1_170' title='bbox 398 1459 500 1483; x_wconf 75' lang='lat' dir='ltr'>Jacobi.</span> <span class='ocrx_word' id='word_1_171' title='bbox 515 1473 547 1477; x_wconf 97' lang='lat'><strong>—</strong></span> <span class='ocrx_word' id='word_1_172' title='bbox 561 1459 657 1492; x_wconf 82' lang='lat' dir='ltr'>Ripoll,</span> <span class='ocrx_word' id='word_1_173' title='bbox 673 1459 750 1484; x_wconf 80' lang='lat' dir='ltr'>Bull.</span> <span class='ocrx_word' id='word_1_174' title='bbox 769 1460 833 1485; x_wconf 80' lang='lat' dir='ltr'>Ord.</span> <span class='ocrx_word' id='word_1_175' title='bbox 850 1460 964 1490; x_wconf 82' lang='lat' dir='ltr'>Praed.,</span> <span class='ocrx_word' id='word_1_176' title='bbox 981 1461 1000 1489; x_wconf 81' lang='lat' dir='ltr'>l,</span> <span class='ocrx_word' id='word_1_177' title='bbox 1017 1461 1072 1489; x_wconf 81' lang='lat'>291,</span> <span class='ocrx_word' id='word_1_178' title='bbox 1088 1465 1118 1484; x_wconf 76' lang='lat'>11⁰</span> <span class='ocrx_word' id='word_1_179' title='bbox 1133 1461 1170 1484; x_wconf 86' lang='lat'>51.</span> <span class='ocrx_word' id='word_1_180' title='bbox 1188 1460 1264 1493; x_wconf 78' lang='lat' dir='ltr'>Apud</span> <span class='ocrx_word' id='word_1_181' title='bbox 1279 1461 1416 1491; x_wconf 81' lang='lat' dir='ltr'>Eulaeum,</span> <span class='ocrx_word' id='word_1_182' title='bbox 1432 1461 1478 1489; x_wconf 86' lang='lat'>111,</span> <span class='ocrx_word' id='word_1_183' title='bbox 1494 1462 1548 1490; x_wconf 79' lang='lat'>294,</span> <span class='ocrx_word' id='word_1_184' title='bbox 1564 1461 1669 1485; x_wconf 84' lang='lat' dir='ltr'>nonnisi</span> <span class='ocrx_word' id='word_1_185' title='bbox 1684 1465 1845 1494; x_wconf 78' lang='lat' dir='ltr'>excerptum.</span> 
     </span>
    </p>
   </div>
   <div class='ocr_carea' id='block_1_6' title="bbox 339 1543 696 1576">
    <p class='ocr_par' dir='ltr' id='par_1_6' title="bbox 339 1543 696 1576">
     <span class='ocr_line' id='line_1_18' title="bbox 339 1543 696 1576; baseline 0 -8"><span class='ocrx_word' id='word_1_186' title='bbox 339 1543 363 1568; x_wconf 83' lang='lat'>1.</span> <span class='ocrx_word' id='word_1_187' title='bbox 378 1544 409 1568; x_wconf 81' lang='lat' dir='ltr'>ln</span> <span class='ocrx_word' id='word_1_188' title='bbox 420 1543 488 1576; x_wconf 73' lang='lat' dir='ltr'>orig.</span> <span class='ocrx_word' id='word_1_189' title='bbox 505 1551 519 1568; x_wconf 74' lang='grc' dir='ltr'>ι</span> <span class='ocrx_word' id='word_1_190' title='bbox 532 1544 658 1576; x_wconf 75' lang='lat' dir='ltr'>parit-iter</span> <span class='ocrx_word' id='word_1_191' title='bbox 673 1553 696 1568; x_wconf 74' lang='lat' dir='ltr'>s.</span> 
     </span>
    </p>
   </div>
   <div class='ocr_carea' id='block_1_7' title="bbox 245 1669 2125 1766">
    <p class='ocr_par' dir='ltr' id='par_1_7' title="bbox 245 1669 2125 1766">
     <span class='ocr_line' id='line_1_19' title="bbox 245 1669 2125 1718; baseline 0.001 -11"><span class='ocrx_word' id='word_1_192' title='bbox 245 1669 358 1708; x_wconf 77' lang='grc'><strong>263.</strong></span> <span class='ocrx_word' id='word_1_193' title='bbox 379 1679 549 1706; x_wconf 70' lang='lat' dir='ltr'>Alexander</span> <span class='ocrx_word' id='word_1_194' title='bbox 562 1679 657 1707; x_wconf 78' lang='lat' dir='ltr'>IVad</span> <span class='ocrx_word' id='word_1_195' title='bbox 670 1683 815 1706; x_wconf 77' lang='lat' dir='ltr'>cantor-cm</span> <span class='ocrx_word' id='word_1_196' title='bbox 832 1679 1032 1707; x_wconf 77' lang='lat' dir='ltr'>Belvacensem</span> <span class='ocrx_word' id='word_1_197' title='bbox 1047 1684 1075 1707; x_wconf 78' lang='lat' dir='ltr'>et</span> <span class='ocrx_word' id='word_1_198' title='bbox 1088 1680 1242 1707; x_wconf 78' lang='lat' dir='ltr'>Robertum</span> <span class='ocrx_word' id='word_1_199' title='bbox 1258 1680 1294 1707; x_wconf 85' lang='lat' dir='ltr'>de</span> <span class='ocrx_word' id='word_1_200' title='bbox 1307 1682 1416 1716; x_wconf 81' lang='lat' dir='ltr'>Duaeo,</span> <span class='ocrx_word' id='word_1_201' title='bbox 1435 1684 1466 1706; x_wconf 77' lang='lat' dir='ltr'>ue</span> <span class='ocrx_word' id='word_1_202' title='bbox 1485 1679 1526 1707; x_wconf 84' lang='lat' dir='ltr'>ad</span> <span class='ocrx_word' id='word_1_203' title='bbox 1544 1680 1780 1707; x_wconf 84' lang='lat' dir='ltr'>contribuendum</span> <span class='ocrx_word' id='word_1_204' title='bbox 1800 1681 1830 1707; x_wconf 82' lang='lat' dir='ltr'>in</span> <span class='ocrx_word' id='word_1_205' title='bbox 1849 1681 1984 1718; x_wconf 75' lang='lat' dir='ltr'>expensis</span> <span class='ocrx_word' id='word_1_206' title='bbox 1999 1681 2036 1708; x_wconf 83' lang='lat' dir='ltr'>ab</span> <span class='ocrx_word' id='word_1_207' title='bbox 2057 1682 2125 1708; x_wconf 87' lang='lat' dir='ltr'>Uni-</span> 
     </span>
     <span class='ocr_line' id='line_1_20' title="bbox 334 1727 1805 1766; baseline 0.001 -11"><span class='ocrx_word' id='word_1_208' title='bbox 334 1728 468 1755; x_wconf 76' lang='lat' dir='ltr'>veraitate</span> <span class='ocrx_word' id='word_1_209' title='bbox 482 1728 572 1763; x_wconf 72' lang='lat' dir='ltr'>sactis</span> <span class='ocrx_word' id='word_1_210' title='bbox 583 1727 728 1765; x_wconf 79' lang='lat' dir='ltr'>pendente</span> <span class='ocrx_word' id='word_1_211' title='bbox 742 1727 794 1755; x_wconf 76' lang='lat' dir='ltr'>lite</span> <span class='ocrx_word' id='word_1_212' title='bbox 808 1732 908 1755; x_wconf 77' lang='lat' dir='ltr'>contra</span> <span class='ocrx_word' id='word_1_213' title='bbox 922 1730 1032 1764; x_wconf 76' lang='lat' dir='ltr'>fratres</span> <span class='ocrx_word' id='word_1_214' title='bbox 1050 1728 1116 1756; x_wconf 82' lang='lat' dir='ltr'>Ord.</span> <span class='ocrx_word' id='word_1_215' title='bbox 1133 1728 1251 1765; x_wconf 63' lang='lat' dir='ltr'>Praed„</span> <span class='ocrx_word' id='word_1_216' title='bbox 1269 1729 1409 1756; x_wconf 81' lang='lat' dir='ltr'>neminem</span> <span class='ocrx_word' id='word_1_217' title='bbox 1424 1729 1593 1766; x_wconf 81' lang='lat' dir='ltr'>compellere</span> <span class='ocrx_word' id='word_1_218' title='bbox 1604 1733 1805 1766; x_wconf 78' lang='lat' dir='ltr'>praesumant.</span> 
     </span>
    </p>
   </div>
   <div class='ocr_carea' id='block_1_8' title="bbox 1425 1837 1835 1867">
    <p class='ocr_par' dir='ltr' id='par_1_8' title="bbox 1425 1837 1835 1867">
     <span class='ocr_line' id='line_1_21' title="bbox 1425 1837 1835 1867; baseline 0 -4"><span class='ocrx_word' id='word_1_219' title='bbox 1425 1837 1502 1867; x_wconf 81' lang='grc'><strong><em>1266,</em></strong></span> <span class='ocrx_word' id='word_1_220' title='bbox 1518 1837 1692 1866; x_wconf 65' lang='lat' dir='ltr'>danum-1⁵12&amp;</span> <span class='ocrx_word' id='word_1_221' title='bbox 1708 1837 1835 1863; x_wconf 71' lang='lat' dir='ltr'>Laterani.</span> 
     </span>
    </p>
   </div>
   <div class='ocr_carea' id='block_1_9' title="bbox 235 1917 2123 3028">
    <p class='ocr_par' dir='ltr' id='par_1_9' title="bbox 235 1917 2123 3028">
     <span class='ocr_line' id='line_1_22' title="bbox 330 1917 2123 1965; baseline 0.001 -13"><span class='ocrx_word' id='word_1_222' title='bbox 330 1917 538 1952; x_wconf 84' lang='lat' dir='ltr'>Alexander</span> <span class='ocrx_word' id='word_1_223' title='bbox 577 1917 774 1965; x_wconf 91' lang='lat' dir='ltr'>episcopus</span> <span class='ocrx_word' id='word_1_224' title='bbox 813 1930 944 1953; x_wconf 90' lang='lat' dir='ltr'>servus</span> <span class='ocrx_word' id='word_1_225' title='bbox 985 1931 1175 1953; x_wconf 88' lang='lat' dir='ltr'>servorum</span> <span class='ocrx_word' id='word_1_226' title='bbox 1217 1919 1283 1953; x_wconf 92' lang='lat' dir='ltr'>Dei</span> <span class='ocrx_word' id='word_1_227' title='bbox 1329 1919 1473 1954; x_wconf 91' lang='lat' dir='ltr'>dilectis</span> <span class='ocrx_word' id='word_1_228' title='bbox 1512 1919 1598 1954; x_wconf 87' lang='lat' dir='ltr'>filiis</span> <span class='ocrx_word' id='word_1_229' title='bbox 1617 1919 1796 1954; x_wconf 86' lang='lat' dir='ltr'>..cantori</span> <span class='ocrx_word' id='word_1_230' title='bbox 1839 1919 2053 1954; x_wconf 90' lang='lat' dir='ltr'>Belvacensi</span> <span class='ocrx_word' id='word_1_231' title='bbox 2087 1928 2123 1954; x_wconf 87' lang='lat' dir='ltr'>et</span> 
     </span>
     <span class='ocr_line' id='line_1_23' title="bbox 241 1984 2118 2033; baseline 0.001 -15"><span class='ocrx_word' id='word_1_232' title='bbox 241 1984 418 2031; x_wconf 84' lang='lat' dir='ltr'>magistro</span> <span class='ocrx_word' id='word_1_233' title='bbox 438 1984 598 2019; x_wconf 90' lang='lat' dir='ltr'>Roberto</span> <span class='ocrx_word' id='word_1_234' title='bbox 619 1985 664 2019; x_wconf 91' lang='lat' dir='ltr'>de</span> <span class='ocrx_word' id='word_1_235' title='bbox 684 1986 809 2019; x_wconf 89' lang='lat' dir='ltr'>Duaco</span> <span class='ocrx_word' id='word_1_236' title='bbox 829 1986 1006 2020; x_wconf 89' lang='lat' dir='ltr'>canonico</span> <span class='ocrx_word' id='word_1_237' title='bbox 1028 1985 1292 2021; x_wconf 90' lang='lat' dir='ltr'>Silvanectensi</span> <span class='ocrx_word' id='word_1_238' title='bbox 1320 1986 1473 2020; x_wconf 85' lang='lat' dir='ltr'>salutem</span> <span class='ocrx_word' id='word_1_239' title='bbox 1494 1993 1530 2021; x_wconf 92' lang='lat' dir='ltr'>et</span> <span class='ocrx_word' id='word_1_240' title='bbox 1549 1987 1785 2033; x_wconf 85' lang='lat' dir='ltr'>apostolicam</span> <span class='ocrx_word' id='word_1_241' title='bbox 1811 1986 2118 2021; x_wconf 88' lang='lat' dir='ltr'>benedictionem.</span> 
     </span>
     <span class='ocr_line' id='line_1_24' title="bbox 243 2050 2120 2099; baseline 0.001 -14"><span class='ocrx_word' id='word_1_242' title='bbox 243 2050 374 2086; x_wconf 85' lang='lat' dir='ltr'>Felicis</span> <span class='ocrx_word' id='word_1_243' title='bbox 407 2051 673 2086; x_wconf 88' lang='lat' dir='ltr'>recordationis</span> <span class='ocrx_word' id='word_1_244' title='bbox 711 2052 948 2086; x_wconf 89' lang='lat' dir='ltr'>Innocentius</span> <span class='ocrx_word' id='word_1_245' title='bbox 983 2064 1074 2099; x_wconf 85' lang='lat' dir='ltr'>papa</span> <span class='ocrx_word' id='word_1_246' title='bbox 1111 2053 1355 2099; x_wconf 88' lang='lat' dir='ltr'>predecessor</span> <span class='ocrx_word' id='word_1_247' title='bbox 1389 2060 1515 2088; x_wconf 83' lang='lat' dir='ltr'>noster</span> <span class='ocrx_word' id='word_1_248' title='bbox 1546 2053 1653 2087; x_wconf 85' lang='lat' dir='ltr'>vobis</span> <span class='ocrx_word' id='word_1_249' title='bbox 1693 2054 1771 2087; x_wconf 90' lang='lat' dir='ltr'>suis</span> <span class='ocrx_word' id='word_1_250' title='bbox 1805 2053 1937 2088; x_wconf 90' lang='lat' dir='ltr'>litteris</span> <span class='ocrx_word' id='word_1_251' title='bbox 1972 2054 2120 2088; x_wconf 87' lang='lat' dir='ltr'>dedisse</span> 
     </span>
     <span class='ocr_line' id='line_1_25' title="bbox 242 2117 2117 2166; baseline 0.002 -15"><span class='ocrx_word' id='word_1_252' title='bbox 242 2117 376 2151; x_wconf 89' lang='lat' dir='ltr'>dicitur</span> <span class='ocrx_word' id='word_1_253' title='bbox 394 2117 433 2151; x_wconf 88' lang='lat' dir='ltr'>iu</span> <span class='ocrx_word' id='word_1_254' title='bbox 452 2117 644 2161; x_wconf 83' lang='lat' dir='ltr'>mandatis,</span> <span class='ocrx_word' id='word_1_255' title='bbox 665 2118 763 2164; x_wconf 91' lang='lat' dir='ltr'>quod</span> <span class='ocrx_word' id='word_1_256' title='bbox 784 2119 959 2162; x_wconf 87' lang='lat' dir='ltr'>scolares,</span> <span class='ocrx_word' id='word_1_257' title='bbox 981 2120 1169 2154; x_wconf 83' lang='lat' dir='ltr'>auditores</span> <span class='ocrx_word' id='word_1_258' title='bbox 1190 2126 1226 2154; x_wconf 89' lang='lat' dir='ltr'>et</span> <span class='ocrx_word' id='word_1_259' title='bbox 1246 2120 1416 2154; x_wconf 90' lang='lat' dir='ltr'>doctores</span> <span class='ocrx_word' id='word_1_260' title='bbox 1441 2120 1632 2154; x_wconf 89' lang='lat' dir='ltr'>studentes</span> <span class='ocrx_word' id='word_1_261' title='bbox 1657 2121 1819 2154; x_wconf 84' lang='lat' dir='ltr'>Parisius</span> <span class='ocrx_word' id='word_1_262' title='bbox 1842 2132 1907 2166; x_wconf 90' lang='lat' dir='ltr'>per</span> <span class='ocrx_word' id='word_1_263' title='bbox 1926 2132 2117 2154; x_wconf 88' lang='lat' dir='ltr'>censuram</span> 
     </span>
     <span class='ocr_line' id='line_1_26' title="bbox 241 2183 2117 2232; baseline 0.002 -15"><span class='ocrx_word' id='word_1_264' title='bbox 241 2183 524 2218; x_wconf 83' lang='lat' dir='ltr'>ecclesiasticam</span> <span class='ocrx_word' id='word_1_265' title='bbox 549 2185 744 2231; x_wconf 83' lang='lat' dir='ltr'>cogeretis,</span> <span class='ocrx_word' id='word_1_266' title='bbox 767 2192 806 2219; x_wconf 92' lang='lat' dir='ltr'>ut</span> <span class='ocrx_word' id='word_1_267' title='bbox 832 2186 870 2219; x_wconf 91' lang='lat' dir='ltr'>in</span> <span class='ocrx_word' id='word_1_268' title='bbox 898 2186 1070 2232; x_wconf 91' lang='lat' dir='ltr'>expensis</span> <span class='ocrx_word' id='word_1_269' title='bbox 1096 2186 1201 2220; x_wconf 91' lang='lat' dir='ltr'>factis</span> <span class='ocrx_word' id='word_1_270' title='bbox 1223 2193 1258 2220; x_wconf 90' lang='lat' dir='ltr'>et</span> <span class='ocrx_word' id='word_1_271' title='bbox 1277 2186 1454 2220; x_wconf 80' lang='lat' dir='ltr'>faciendis</span> <span class='ocrx_word' id='word_1_272' title='bbox 1475 2186 1520 2220; x_wconf 87' lang='lat' dir='ltr'>ab</span> <span class='ocrx_word' id='word_1_273' title='bbox 1541 2186 1778 2220; x_wconf 88' lang='lat' dir='ltr'>universitate</span> <span class='ocrx_word' id='word_1_274' title='bbox 1804 2187 2061 2232; x_wconf 88' lang='lat' dir='ltr'>magistrorum</span> <span class='ocrx_word' id='word_1_275' title='bbox 2082 2193 2117 2220; x_wconf 93' lang='lat' dir='ltr'>et</span> 
     </span>
     <span class='ocr_line' id='line_1_27' title="bbox 242 2249 2115 2299; baseline 0.002 -16"><span class='ocrx_word' id='word_1_276' title='bbox 242 2249 436 2284; x_wconf 85' lang='lat' dir='ltr'>scolarium</span> <span class='ocrx_word' id='word_1_277' title='bbox 465 2250 726 2292; x_wconf 85' lang='lat' dir='ltr'>Parisiensium</span> <span class='ocrx_word' id='word_1_278' title='bbox 753 2252 947 2286; x_wconf 90' lang='lat' dir='ltr'>occasione</span> <span class='ocrx_word' id='word_1_279' title='bbox 971 2253 1191 2298; x_wconf 87' lang='lat' dir='ltr'>questionis,</span> <span class='ocrx_word' id='word_1_280' title='bbox 1217 2264 1288 2298; x_wconf 92' lang='lat' dir='ltr'>que</span> <span class='ocrx_word' id='word_1_281' title='bbox 1315 2253 1410 2286; x_wconf 90' lang='lat' dir='ltr'>inter</span> <span class='ocrx_word' id='word_1_282' title='bbox 1436 2253 1551 2298; x_wconf 88' lang='lat' dir='ltr'>ipsam</span> <span class='ocrx_word' id='word_1_283' title='bbox 1574 2265 1616 2286; x_wconf 92' lang='lat' dir='ltr'>ex</span> <span class='ocrx_word' id='word_1_284' title='bbox 1636 2259 1737 2299; x_wconf 84' lang='lat' dir='ltr'>parte</span> <span class='ocrx_word' id='word_1_285' title='bbox 1758 2265 1842 2294; x_wconf 77' lang='lat' dir='ltr'>una,</span> <span class='ocrx_word' id='word_1_286' title='bbox 1864 2259 1938 2286; x_wconf 89' lang='lat' dir='ltr'>et..</span> <span class='ocrx_word' id='word_1_287' title='bbox 1957 2253 2115 2298; x_wconf 90' lang='lat' dir='ltr'>priorem</span> 
     </span>
     <span class='ocr_line' id='line_1_28' title="bbox 240 2317 2115 2365; baseline 0.001 -15"><span class='ocrx_word' id='word_1_288' title='bbox 240 2328 280 2350; x_wconf 84' lang='lat' dir='ltr'>ac</span> <span class='ocrx_word' id='word_1_289' title='bbox 309 2323 527 2350; x_wconf 89' lang='lat' dir='ltr'>conventum</span> <span class='ocrx_word' id='word_1_290' title='bbox 557 2317 706 2351; x_wconf 76' lang='lat' dir='ltr'>fratrum</span> <span class='ocrx_word' id='word_1_291' title='bbox 734 2318 1005 2352; x_wconf 90' lang='lat' dir='ltr'>Predicatorum</span> <span class='ocrx_word' id='word_1_292' title='bbox 1034 2319 1294 2353; x_wconf 87' lang='lat' dir='ltr'>Parisiensium</span> <span class='ocrx_word' id='word_1_293' title='bbox 1325 2331 1370 2352; x_wconf 92' lang='lat' dir='ltr'>ex</span> <span class='ocrx_word' id='word_1_294' title='bbox 1395 2319 1506 2353; x_wconf 83' lang='lat' dir='ltr'>altera</span> <span class='ocrx_word' id='word_1_295' title='bbox 1534 2331 1645 2365; x_wconf 89' lang='lat' dir='ltr'>super</span> <span class='ocrx_word' id='word_1_296' title='bbox 1672 2319 1781 2352; x_wconf 91' lang='lat' dir='ltr'>certis</span> <span class='ocrx_word' id='word_1_297' title='bbox 1808 2318 1970 2352; x_wconf 88' lang='lat' dir='ltr'>articulis</span> <span class='ocrx_word' id='word_1_298' title='bbox 1997 2325 2115 2352; x_wconf 91' lang='lat' dir='ltr'>verte-</span> 
     </span>
     <span class='ocr_line' id='line_1_29' title="bbox 240 2381 2114 2431; baseline 0.002 -16"><span class='ocrx_word' id='word_1_299' title='bbox 240 2381 357 2424; x_wconf 86' lang='lat' dir='ltr'>batur,</span> <span class='ocrx_word' id='word_1_300' title='bbox 379 2381 654 2416; x_wconf 88' lang='lat' dir='ltr'>contribuerent</span> <span class='ocrx_word' id='word_1_301' title='bbox 672 2395 738 2429; x_wconf 91' lang='lat' dir='ltr'>pro</span> <span class='ocrx_word' id='word_1_302' title='bbox 758 2390 833 2417; x_wconf 86' lang='lat' dir='ltr'>rata</span> <span class='ocrx_word' id='word_1_303' title='bbox 853 2383 1022 2430; x_wconf 83' lang='lat' dir='ltr'>singulos</span> <span class='ocrx_word' id='word_1_304' title='bbox 1042 2385 1300 2431; x_wconf 86' lang='lat' dir='ltr'>contingenti¹,</span> <span class='ocrx_word' id='word_1_305' title='bbox 1317 2397 1456 2430; x_wconf 91' lang='lat' dir='ltr'>vosque</span> <span class='ocrx_word' id='word_1_306' title='bbox 1476 2397 1516 2418; x_wconf 91' lang='lat' dir='ltr'>ac</span> <span class='ocrx_word' id='word_1_307' title='bbox 1537 2384 1768 2430; x_wconf 85' lang='lat' dir='ltr'>subdelegati</span> <span class='ocrx_word' id='word_1_308' title='bbox 1788 2385 1900 2419; x_wconf 86' lang='lat' dir='ltr'>vestri</span> <span class='ocrx_word' id='word_1_309' title='bbox 1923 2391 1961 2418; x_wconf 91' lang='lat' dir='ltr'>ut</span> <span class='ocrx_word' id='word_1_310' title='bbox 1981 2384 2114 2418; x_wconf 91' lang='lat' dir='ltr'>dicitur</span> 
     </span>
     <span class='ocr_line' id='line_1_30' title="bbox 239 2448 2112 2496; baseline 0.002 -15"><span class='ocrx_word' id='word_1_311' title='bbox 239 2448 276 2482; x_wconf 89' lang='lat' dir='ltr'>in</span> <span class='ocrx_word' id='word_1_312' title='bbox 300 2448 460 2494; x_wconf 84' lang='lat' dir='ltr'>prefatos</span> <span class='ocrx_word' id='word_1_313' title='bbox 485 2448 660 2491; x_wconf 87' lang='lat' dir='ltr'>scolares,</span> <span class='ocrx_word' id='word_1_314' title='bbox 685 2449 871 2484; x_wconf 83' lang='lat' dir='ltr'>auditores</span> <span class='ocrx_word' id='word_1_315' title='bbox 900 2456 935 2484; x_wconf 92' lang='lat' dir='ltr'>et</span> <span class='ocrx_word' id='word_1_316' title='bbox 960 2450 1142 2493; x_wconf 87' lang='lat' dir='ltr'>doctores,</span> <span class='ocrx_word' id='word_1_317' title='bbox 1171 2451 1233 2496; x_wconf 92' lang='lat' dir='ltr'>qui</span> <span class='ocrx_word' id='word_1_318' title='bbox 1259 2462 1375 2496; x_wconf 90' lang='lat' dir='ltr'>usque</span> <span class='ocrx_word' id='word_1_319' title='bbox 1400 2450 1445 2484; x_wconf 89' lang='lat' dir='ltr'>ad</span> <span class='ocrx_word' id='word_1_320' title='bbox 1470 2457 1607 2484; x_wconf 89' lang='lat' dir='ltr'>certum</span> <span class='ocrx_word' id='word_1_321' title='bbox 1629 2457 1772 2496; x_wconf 89' lang='lat' dir='ltr'>tempus</span> <span class='ocrx_word' id='word_1_322' title='bbox 1798 2457 1946 2484; x_wconf 85' lang='lat' dir='ltr'>taxatam</span> <span class='ocrx_word' id='word_1_323' title='bbox 1968 2463 1986 2484; x_wconf 91' lang='lat' dir='ltr'>a</span> <span class='ocrx_word' id='word_1_324' title='bbox 2007 2450 2112 2485; x_wconf 87' lang='lat' dir='ltr'>vobis</span> 
     </span>
     <span class='ocr_line' id='line_1_31' title="bbox 238 2514 2110 2563; baseline 0.001 -15"><span class='ocrx_word' id='word_1_325' title='bbox 238 2514 392 2561; x_wconf 85' lang='lat' dir='ltr'>pecunie</span> <span class='ocrx_word' id='word_1_326' title='bbox 431 2515 664 2561; x_wconf 82' lang='lat' dir='ltr'>quantitatem</span> <span class='ocrx_word' id='word_1_327' title='bbox 707 2527 779 2549; x_wconf 91' lang='lat' dir='ltr'>non</span> <span class='ocrx_word' id='word_1_328' title='bbox 818 2516 1005 2550; x_wconf 86' lang='lat' dir='ltr'>solverent</span> <span class='ocrx_word' id='word_1_329' title='bbox 1046 2516 1264 2562; x_wconf 85' lang='lat' dir='ltr'>quibusdam</span> <span class='ocrx_word' id='word_1_330' title='bbox 1309 2517 1478 2563; x_wconf 87' lang='lat' dir='ltr'>personis</span> <span class='ocrx_word' id='word_1_331' title='bbox 1522 2517 1683 2563; x_wconf 87' lang='lat' dir='ltr'>exceptis</span> <span class='ocrx_word' id='word_1_332' title='bbox 1726 2517 2110 2552; x_wconf 86' lang='lat' dir='ltr'>excommunicationis</span> 
     </span>
     <span class='ocr_line' id='line_1_32' title="bbox 237 2580 2111 2629; baseline 0.001 -15"><span class='ocrx_word' id='word_1_333' title='bbox 237 2580 453 2615; x_wconf 86' lang='lat' dir='ltr'>sententiam</span> <span class='ocrx_word' id='word_1_334' title='bbox 475 2581 692 2627; x_wconf 88' lang='lat' dir='ltr'>protulistis.</span> <span class='ocrx_word' id='word_1_335' title='bbox 718 2583 854 2616; x_wconf 89' lang='lat' dir='ltr'>Verum</span> <span class='ocrx_word' id='word_1_336' title='bbox 875 2594 957 2616; x_wconf 93' lang='lat' dir='ltr'>cum</span> <span class='ocrx_word' id='word_1_337' title='bbox 979 2582 1065 2617; x_wconf 89' lang='lat' dir='ltr'>dicti</span> <span class='ocrx_word' id='word_1_338' title='bbox 1087 2583 1187 2629; x_wconf 90' lang='lat' dir='ltr'>prior</span> <span class='ocrx_word' id='word_1_339' title='bbox 1207 2589 1244 2617; x_wconf 85' lang='lat' dir='ltr'>et</span> <span class='ocrx_word' id='word_1_340' title='bbox 1262 2589 1464 2617; x_wconf 86' lang='lat' dir='ltr'>conventus</span> <span class='ocrx_word' id='word_1_341' title='bbox 1485 2595 1551 2629; x_wconf 90' lang='lat' dir='ltr'>pro</span> <span class='ocrx_word' id='word_1_342' title='bbox 1573 2583 1758 2629; x_wconf 84' lang='lat' dir='ltr'>magistris</span> <span class='ocrx_word' id='word_1_343' title='bbox 1784 2583 1934 2617; x_wconf 79' lang='lat' dir='ltr'>fratrum</span> <span class='ocrx_word' id='word_1_344' title='bbox 1955 2590 1991 2617; x_wconf 90' lang='lat' dir='ltr'>et</span> <span class='ocrx_word' id='word_1_345' title='bbox 2009 2583 2111 2617; x_wconf 88' lang='lat' dir='ltr'>audi-</span> 
     </span>
     <span class='ocr_line' id='line_1_33' title="bbox 238 2647 2110 2695; baseline 0.001 -14"><span class='ocrx_word' id='word_1_346' title='bbox 238 2652 337 2681; x_wconf 83' lang='lat' dir='ltr'>tores</span> <span class='ocrx_word' id='word_1_347' title='bbox 362 2659 488 2681; x_wconf 87' lang='lat' dir='ltr'>eorum</span> <span class='ocrx_word' id='word_1_348' title='bbox 508 2659 548 2681; x_wconf 89' lang='lat' dir='ltr'>ac</span> <span class='ocrx_word' id='word_1_349' title='bbox 569 2647 629 2681; x_wconf 87' lang='lat' dir='ltr'>alii</span> <span class='ocrx_word' id='word_1_350' title='bbox 655 2648 708 2682; x_wconf 91' lang='lat' dir='ltr'>eis</span> <span class='ocrx_word' id='word_1_351' title='bbox 729 2648 766 2682; x_wconf 89' lang='lat' dir='ltr'>in</span> <span class='ocrx_word' id='word_1_352' title='bbox 787 2649 923 2694; x_wconf 83' lang='lat' dir='ltr'>prefata</span> <span class='ocrx_word' id='word_1_353' title='bbox 943 2661 1051 2683; x_wconf 85' lang='lat' dir='ltr'>causa</span> <span class='ocrx_word' id='word_1_354' title='bbox 1076 2650 1238 2683; x_wconf 85' lang='lat' dir='ltr'>faventes</span> <span class='ocrx_word' id='word_1_355' title='bbox 1258 2649 1303 2683; x_wconf 89' lang='lat' dir='ltr'>ad</span> <span class='ocrx_word' id='word_1_356' title='bbox 1324 2648 1629 2683; x_wconf 89' lang='lat' dir='ltr'>contribuendum</span> <span class='ocrx_word' id='word_1_357' title='bbox 1651 2649 1687 2682; x_wconf 88' lang='lat' dir='ltr'>in</span> <span class='ocrx_word' id='word_1_358' title='bbox 1708 2649 1879 2695; x_wconf 89' lang='lat' dir='ltr'>expensis</span> <span class='ocrx_word' id='word_1_359' title='bbox 1900 2648 2110 2695; x_wconf 87' lang='lat' dir='ltr'>hujusmodi</span> 
     </span>
     <span class='ocr_line' id='line_1_34' title="bbox 235 2712 2110 2762; baseline 0.001 -15"><span class='ocrx_word' id='word_1_360' title='bbox 235 2713 319 2759; x_wconf 83' lang='lat' dir='ltr'>cogi</span> <span class='ocrx_word' id='word_1_361' title='bbox 339 2712 420 2747; x_wconf 86' lang='lat' dir='ltr'>sine</span> <span class='ocrx_word' id='word_1_362' title='bbox 435 2713 531 2759; x_wconf 88' lang='lat' dir='ltr'>juris</span> <span class='ocrx_word' id='word_1_363' title='bbox 552 2712 683 2760; x_wconf 84' lang='lat' dir='ltr'>injuria</span> <span class='ocrx_word' id='word_1_364' title='bbox 705 2726 777 2748; x_wconf 93' lang='lat' dir='ltr'>non</span> <span class='ocrx_word' id='word_1_365' title='bbox 797 2714 974 2758; x_wconf 83' lang='lat' dir='ltr'>valerent,</span> <span class='ocrx_word' id='word_1_366' title='bbox 995 2722 1031 2749; x_wconf 92' lang='lat' dir='ltr'>et</span> <span class='ocrx_word' id='word_1_367' title='bbox 1050 2727 1115 2749; x_wconf 87' lang='lat' dir='ltr'>eos</span> <span class='ocrx_word' id='word_1_368' title='bbox 1135 2727 1247 2761; x_wconf 85' lang='lat' dir='ltr'>super</span> <span class='ocrx_word' id='word_1_369' title='bbox 1266 2714 1338 2749; x_wconf 89' lang='lat' dir='ltr'>hiis</span> <span class='ocrx_word' id='word_1_370' title='bbox 1358 2715 1512 2749; x_wconf 88' lang='lat' dir='ltr'>velimus</span> <span class='ocrx_word' id='word_1_371' title='bbox 1534 2715 1679 2762; x_wconf 86' lang='lat' dir='ltr'>penitus</span> <span class='ocrx_word' id='word_1_372' title='bbox 1700 2727 1773 2749; x_wconf 92' lang='lat' dir='ltr'>non</span> <span class='ocrx_word' id='word_1_373' title='bbox 1794 2715 1949 2762; x_wconf 81' lang='lat' dir='ltr'>gravari,</span> <span class='ocrx_word' id='word_1_374' title='bbox 1972 2715 2110 2749; x_wconf 90' lang='lat' dir='ltr'>discre-</span> 
     </span>
     <span class='ocr_line' id='line_1_35' title="bbox 236 2777 2106 2828; baseline 0.001 -15"><span class='ocrx_word' id='word_1_375' title='bbox 236 2777 326 2813; x_wconf 87' lang='lat' dir='ltr'>tioni</span> <span class='ocrx_word' id='word_1_376' title='bbox 353 2785 475 2814; x_wconf 85' lang='lat' dir='ltr'>vestre</span> <span class='ocrx_word' id='word_1_377' title='bbox 508 2791 574 2826; x_wconf 88' lang='lat' dir='ltr'>per</span> <span class='ocrx_word' id='word_1_378' title='bbox 606 2780 804 2826; x_wconf 86' lang='lat' dir='ltr'>apostolica</span> <span class='ocrx_word' id='word_1_379' title='bbox 839 2781 973 2827; x_wconf 89' lang='lat' dir='ltr'>scripta</span> <span class='ocrx_word' id='word_1_380' title='bbox 1006 2781 1159 2815; x_wconf 82' lang='lat' dir='ltr'>firmiter</span> <span class='ocrx_word' id='word_1_381' title='bbox 1192 2781 1429 2828; x_wconf 87' lang='lat' dir='ltr'>precipiendo</span> <span class='ocrx_word' id='word_1_382' title='bbox 1463 2781 1690 2824; x_wconf 85' lang='lat' dir='ltr'>mandamus,</span> <span class='ocrx_word' id='word_1_383' title='bbox 1725 2782 1896 2828; x_wconf 89' lang='lat' dir='ltr'>quatinus</span> <span class='ocrx_word' id='word_1_384' title='bbox 1930 2781 2030 2827; x_wconf 88' lang='lat' dir='ltr'>ipsos</span> <span class='ocrx_word' id='word_1_385' title='bbox 2063 2781 2106 2816; x_wconf 85' lang='lat' dir='ltr'>ad</span> 
     </span>
     <span class='ocr_line' id='line_1_36' title="bbox 235 2845 2106 2895; baseline 0.001 -16"><span class='ocrx_word' id='word_1_386' title='bbox 235 2845 542 2880; x_wconf 86' lang='lat' dir='ltr'>contributionem</span> <span class='ocrx_word' id='word_1_387' title='bbox 575 2845 788 2893; x_wconf 86' lang='lat' dir='ltr'>hujusmodi</span> <span class='ocrx_word' id='word_1_388' title='bbox 821 2847 1021 2882; x_wconf 87' lang='lat' dir='ltr'>faciendam</span> <span class='ocrx_word' id='word_1_389' title='bbox 1056 2847 1154 2882; x_wconf 90' lang='lat' dir='ltr'>nulla</span> <span class='ocrx_word' id='word_1_390' title='bbox 1189 2848 1328 2882; x_wconf 84' lang='lat' dir='ltr'>ratione</span> <span class='ocrx_word' id='word_1_391' title='bbox 1362 2848 1513 2895; x_wconf 84' lang='lat' dir='ltr'>cogatis.</span> <span class='ocrx_word' id='word_1_392' title='bbox 1546 2847 1634 2882; x_wconf 88' lang='lat' dir='ltr'>lllos</span> <span class='ocrx_word' id='word_1_393' title='bbox 1665 2848 1784 2890; x_wconf 87' lang='lat' dir='ltr'>etiam,</span> <span class='ocrx_word' id='word_1_394' title='bbox 1816 2848 1877 2894; x_wconf 89' lang='lat' dir='ltr'>qui</span> <span class='ocrx_word' id='word_1_395' title='bbox 1918 2854 2106 2894; x_wconf 86' lang='lat' dir='ltr'>postquam</span> 
     </span>
     <span class='ocr_line' id='line_1_37' title="bbox 235 2910 2108 2961; baseline 0.001 -15"><span class='ocrx_word' id='word_1_396' title='bbox 235 2910 345 2946; x_wconf 87' lang='lat' dir='ltr'>iidem</span> <span class='ocrx_word' id='word_1_397' title='bbox 373 2912 537 2959; x_wconf 79' lang='lat' dir='ltr'>magistri</span> <span class='ocrx_word' id='word_1_398' title='bbox 565 2913 714 2948; x_wconf 83' lang='lat' dir='ltr'>fratrum</span> <span class='ocrx_word' id='word_1_399' title='bbox 741 2920 776 2948; x_wconf 90' lang='lat' dir='ltr'>et</span> <span class='ocrx_word' id='word_1_400' title='bbox 799 2914 986 2949; x_wconf 80' lang='lat' dir='ltr'>auditores</span> <span class='ocrx_word' id='word_1_401' title='bbox 1011 2926 1136 2949; x_wconf 91' lang='lat' dir='ltr'>eorum</span> <span class='ocrx_word' id='word_1_402' title='bbox 1164 2927 1229 2961; x_wconf 88' lang='lat' dir='ltr'>per</span> <span class='ocrx_word' id='word_1_403' title='bbox 1256 2914 1412 2949; x_wconf 90' lang='lat' dir='ltr'>eundem</span> <span class='ocrx_word' id='word_1_404' title='bbox 1443 2914 1742 2961; x_wconf 88' lang='lat' dir='ltr'>predecessorem</span> <span class='ocrx_word' id='word_1_405' title='bbox 1771 2921 1934 2948; x_wconf 87' lang='lat' dir='ltr'>nostrum</span> <span class='ocrx_word' id='word_1_406' title='bbox 1963 2915 2108 2948; x_wconf 90' lang='lat' dir='ltr'>suerunt</span> 
     </span>
     <span class='ocr_line' id='line_1_38' title="bbox 235 2977 2104 3028; baseline 0.001 -16"><span class='ocrx_word' id='word_1_407' title='bbox 235 2977 280 3012; x_wconf 78' lang='lat' dir='ltr'>ad</span> <span class='ocrx_word' id='word_1_408' title='bbox 303 2977 560 3025; x_wconf 80' lang='lat' dir='ltr'>magistrorum</span> <span class='ocrx_word' id='word_1_409' title='bbox 588 2980 812 3015; x_wconf 85' lang='lat' dir='ltr'>consortium</span> <span class='ocrx_word' id='word_1_410' title='bbox 838 2987 874 3015; x_wconf 87' lang='lat' dir='ltr'>et</span> <span class='ocrx_word' id='word_1_411' title='bbox 899 2981 1154 3016; x_wconf 84' lang='lat' dir='ltr'>Universitatis</span> <span class='ocrx_word' id='word_1_412' title='bbox 1180 2981 1376 3028; x_wconf 81' lang='lat' dir='ltr'>collegium</span> <span class='ocrx_word' id='word_1_413' title='bbox 1403 2981 1572 3024; x_wconf 88' lang='lat' dir='ltr'>restituti,</span> <span class='ocrx_word' id='word_1_414' title='bbox 1596 2981 1712 3027; x_wconf 90' lang='lat' dir='ltr'>etqui</span> <span class='ocrx_word' id='word_1_415' title='bbox 1739 2987 1821 3027; x_wconf 86' lang='lat' dir='ltr'>post</span> <span class='ocrx_word' id='word_1_416' title='bbox 1841 2981 2104 3015; x_wconf 85' lang='lat' dir='ltr'>ordinationem</span> 
     </span>
    </p>
   </div>
  </div>
 </body>
</html>
