2580 3528
505 397 569 430 616
1084 403 1401 426 CHARTULAMUM
1438 401 1626 423 cxlvi-:ns
1666 400 1793 422 rmus.
2279 391 2379 432 [1284

506 480 749 514 Universitate
770 479 932 512 ordinata
954 485 1079 511 contra
1105 477 1189 510 illos
1215 477 1275 522 qui
1301 488 1373 509 non
1398 475 1566 509 venirent
1590 474 1635 507 ad
1656 474 1814 507 dandum
1844 474 2052 517 consilium,
2074 474 2111 507 in
2136 474 2200 508 illo
2225 475 2377 508 articulo

505 547 642 592 pluries
676 553 825 579 vocatus
857 557 1002 590 semper
1035 545 1160 577 venire
1195 542 1426 587 contempsit,
1467 542 1513 574 ita
1542 540 1653 586 quod,
1685 552 1766 573 eum
1796 541 1899 574 missi
1933 548 2059 575 essent
2094 541 2298 575 servientes
2333 541 2378 575 de

504 613 661 659 singulis
688 612 932 653 facultatibus,
955 611 1189 645 Universitati
1205 610 1329 654 jurati,
1352 609 1395 642 ad
1421 607 1676 641 cancellarium
1706 607 1907 653 predictum
1930 620 1995 653 pro
2017 608 2135 654 ipsum
2163 609 2308 642 citando
2333 608 2378 642 ad

503 680 824 725 congregationem
846 678 1068 724 generalem,
1089 677 1157 710 sub
1178 676 1242 709 hac
1264 676 1377 708 forma
1398 674 1531 708 citandi
1549 674 1602 707 eis
1623 673 1667 707 ab
1689 674 1934 708 Universitate
1953 675 2126 720 injuncta,
2148 675 2246 720 quod
2267 675 2379 709 sciret

503 746 742 779 cancellarius
763 746 845 791 quia
873 746 903 778 si
931 745 975 778 ad
1002 743 1324 788 congregationem
1353 743 1446 785 (cum
1477 747 1576 774 esset
1603 752 1698 774 unus
1724 740 1768 774 de
1790 741 1975 786 magistris
1995 741 2210 787 regentibus
2230 742 2267 775 in
2288 741 2377 776 Uni-

502 813 683 856 versitate)
712 825 783 845 non
811 812 964 852 veniret,
995 810 1150 855 amplius
1178 809 1248 842 sibi
1270 821 1343 842 non
1369 814 1591 853 parceretur,
1619 808 1685 840 sed
1711 807 1755 841 ad
1776 809 1855 853 ejus
1883 808 2109 854 punitionem
2137 809 2216 842 sine
2241 808 2378 842 relaxa-

502 880 599 913 tione
628 879 887 924 procederetur
914 890 921 910 :
945 878 1006 922 qui
1027 877 1244 917 servientes,
1273 875 1343 908 sibi
1370 875 1529 920 injuncta
1556 881 1791 920 exequentes,
1822 887 1887 920 per
1901 876 2107 920 juramenta
2132 887 2197 908 sua
2222 875 2378 909 Univer-

502 946 597 979 sitati
618 945 832 986 retulerunt,
856 945 953 989 quod
975 943 1177 976 secundum
1197 943 1347 975 sormam
1369 942 1471 987 prius
1498 942 1627 975 dictam
1649 941 1853 987 predictum
1876 941 2132 975 cancellarium
2153 942 2374 995 citaverunt3

501 1013 565 1045 sed
596 1019 726 1045 tantam
754 1024 797 1044 ex
825 1011 884 1043 illa
913 1011 1082 1044 citatione
1117 1009 1356 1042 cancellarius
1384 1015 1601 1054 conceperat
1627 1008 1930 1054 indignationem,
1959 1009 2057 1054 quod
2089 1009 2179 1042 dixit
2209 1009 2263 1042 eis
2293 1003 2376 1054 quia

501 1091 573 1112 non
598 1078 745 1111 timebat
772 1078 1052 1111 Universitatem
1074 1077 1111 1109 in
1131 1076 1266 1121 aliquo,
1289 1083 1325 1109 et
1345 1075 1498 1121 quedam
1527 1075 1595 1108 alia
1615 1087 1685 1120 que
1706 1075 1820 1120 pudet
1846 1087 1902 1108 me
1923 1082 2102 1120 repetere.
2130 1076 2210 1119 Quo
2238 1075 2374 1117 audito,

501 1145 665 1190 magistri
697 1145 741 1177 de
775 1144 1018 1178 Universitate
1049 1143 1295 1188 percipientes
1327 1142 1426 1188 quod
1456 1141 1713 1188 perseverabat
1747 1142 1785 1175 in
1810 1154 1874 1175 sua
1908 1142 2040 1175 malitia
2067 1148 2102 1175 et
2123 1142 2375 1185 contumaciis,

500 1213 617 1257 ipsum
644 1218 820 1256 tamquam
851 1211 887 1243 in
916 1210 1100 1256 theologia
1129 1216 1317 1255 regentem
1338 1222 1357 1242 a
1383 1210 1460 1242 suis
1486 1209 1708 1242 lectionibus
1734 1209 2021 1254 suspenderunt,
2047 1221 2254 1254 quousque,
2282 1209 2377 1243 sicut

499 1278 690 1320 obediens,
710 1278 852 1311 veniret
872 1278 916 1310 ad
937 1277 1138 1310 emendam.
1158 1279 1200 1310 Et
1217 1277 1274 1309 hic
1292 1288 1489 1322 expressus
1506 1283 1562 1309 est
1582 1276 1643 1309 ille
1665 1288 1770 1309 casus
1792 1288 1857 1321 pro
1879 1288 1950 1321 quo
1971 1275 2209 1308 cancellarius
2226 1275 2376 1321 punitus

499 1345 587 1378 dicit
616 1357 654 1378 se
683 1344 726 1377 ab
755 1344 998 1378 Universitate
1028 1350 1228 1389 gravatum.

587 1412 643 1444 Ad
673 1411 764 1444 illud
791 1411 889 1456 quod
918 1417 1044 1456 postea
1074 1411 1195 1456 signat
1223 1409 1462 1443 cancellarius
1490 1416 1611 1443 vestre
1642 1409 1840 1451 Sanctitati,
1868 1409 1966 1454 quod
1995 1408 2064 1442 hoc
2090 1421 2184 1442 anno
2210 1408 2376 1455 magistri

498 1478 676 1511 facultatis
701 1478 829 1511 artium
856 1484 1097 1510 cucurrerunt
1120 1478 1195 1510 sere
1223 1489 1288 1522 per
1310 1477 1430 1510 onmia
1461 1476 1618 1522 hospitia
1651 1476 1688 1509 in
1721 1475 1854 1521 quibus
1887 1482 1989 1509 erant
2020 1475 2181 1509 scolares
2209 1476 2271 1521 qui
2301 1487 2375 1509 non

499 1545 718 1578 studuerunt
741 1545 811 1577 nisi
836 1556 899 1589 per
931 1544 1024 1577 duos
1054 1556 1169 1577 annos
1196 1543 1254 1576 vel
1284 1550 1358 1577 tres
1388 1543 1520 1585 saltim,
1547 1543 1731 1576 monendo
1754 1555 1818 1576 eos
1841 1542 1885 1575 ad
1914 1542 2165 1587 accipiendum
2191 1542 2374 1575 licentiam

499 1612 593 1657 apud
620 1612 782 1644 Sanctam
807 1610 1079 1656 Genovepham,
1105 1618 1140 1644 et
1164 1611 1261 1656 quod
1287 1611 1358 1656 ipsi
1387 1623 1404 1643 a
1431 1609 1564 1643 talibus
1592 1616 1825 1643 extorserunt
1854 1609 1999 1642 multam
2029 1609 2219 1655 pecuniam
2243 1621 2250 1642 :
2273 1615 2376 1655 pater

499 1685 635 1719 sancte,
667 1678 765 1711 istud
796 1684 907 1710 totum
939 1677 1068 1710 falsum
1100 1684 1167 1719 est,
1199 1677 1369 1722 quoniam
1396 1677 1490 1710 bene
1520 1677 1634 1710 scitur
1663 1676 1701 1709 in
1731 1682 1806 1709 toto
1831 1676 1952 1709 studio
1986 1676 2197 1717 Parisiensi,
2229 1675 2328 1721 quod
2356 1687 2375 1709 a

498 1745 627 1790 viginti
661 1745 766 1778 annis
796 1751 831 1777 et
864 1744 951 1777 citra
982 1756 1054 1776 non
1088 1745 1236 1777 fuerunt
1264 1745 1311 1777 ita
1341 1743 1429 1777 boni
1454 1743 1628 1777 licentiati
1661 1743 1755 1789 apud
1787 1744 1951 1776 Sanctam
1978 1742 2252 1788 Genovepham,
2281 1742 2376 1776 sicut

498 1813 645 1844 suerunt
668 1811 736 1843 11οο
762 1823 869 1852 anno,
897 1810 1041 1843 nobiles
1065 1811 1134 1844 viri
1160 1818 1195 1844 et
1217 1811 1289 1844 alii.
1317 1812 1390 1843 Nec
1416 1810 1503 1843 dicit
1528 1810 1596 1843 hoc
1621 1809 1875 1851 cancellarius,
1904 1809 1976 1842 nisi
2005 1815 2154 1854 propter
2182 1808 2264 1851 hoc,
2291 1808 2376 1854 quia

498 1878 597 1911 dolet
619 1877 770 1910 multum
797 1878 841 1910 de
866 1877 934 1910 hoc
958 1878 1055 1922 quod
1079 1878 1158 1922 ipse
1180 1878 1270 1911 tales
1294 1877 1467 1923 expedire
1488 1889 1561 1910 non
1584 1877 1713 1922 potuit,
1736 1888 1817 1909 cum
1843 1875 1967 1909 nullus
1989 1882 2088 1909 esset
2107 1887 2218 1908 ausus
2239 1875 2374 1909 intrare

500 1957 648 1978 examen
675 1946 783 1977 Beate
809 1945 936 1986 Marie,
963 1945 1033 1977 nisi
1068 1945 1232 1989 magistri
1262 1951 1343 1977 actu
1373 1950 1544 1989 regentes
1573 1949 1791 1977 vocarentur
1813 1955 1831 1975 a
1857 1942 2055 1975 Parisiensi
2081 1941 2298 1975 cancellario
2329 1941 2374 1975 ad

499 2012 617 2056 ipsum
649 2011 938 2043 examinandum.
970 2012 1022 2043 De
1053 2011 1332 2056 quadringentis
1362 2010 1556 2044 licentiatis
1586 2010 1681 2055 apud
1705 2010 1868 2042 Sanctam
1895 2008 2154 2054 Genovepham
2185 2020 2251 2053 pro
2278 2020 2373 2041 anno

497 2077 574 2119 illo,
603 2077 646 2109 de
674 2089 745 2121 quo
771 2077 933 2121 loquitur
961 2077 1213 2118 cancellarius,
1242 2089 1316 2109 non
1344 2088 1494 2121 possum
1525 2076 1693 2109 estimare
1720 2075 1818 2120 quod
1851 2075 1987 2107 fuerint
2020 2074 2070 2108 ibi
2105 2074 2198 2107 ultra
2232 2074 2374 2108 sexcies

497 2144 641 2189 viginti,
669 2143 766 2188 quod
787 2155 911 2188 parum
935 2143 1014 2184 suit,
1040 2143 1122 2188 quia
1146 2143 1232 2176 boni
1254 2150 1356 2175 erant
1375 2154 1516 2184 omnes,
1539 2142 1601 2187 qui
1624 2142 1783 2187 expediti
1808 2142 1968 2183 fuerunt,
2001 2148 2037 2174 et
2062 2153 2135 2174 non
2160 2141 2375 2175 audiebatur

498 2211 535 2242 in
560 2210 724 2243 examine
750 2210 926 2242 inferiori.
959 2210 1049 2243 Cum
1078 2209 1166 2242 dicit
1191 2209 1287 2242 idem
1315 2209 1566 2250 cancellarius,
1597 2208 1696 2253 quod
1726 2208 1842 2241 nostri
1870 2208 2035 2253 magistri
2063 2207 2302 2241 inhibuerunt
2327 2219 2374 2241 ne

497 2276 609 2321 aliqui
630 2283 796 2321 peterent
815 2276 996 2309 licentiam
1019 2276 1062 2308 ab
1084 2288 1140 2318 eo,
1162 2288 1288 2310 verum
1310 2282 1378 2317 est,
1409 2287 1474 2321 per
1500 2276 1658 2321 rigorem
1685 2275 1905 2320 acceptando
1933 2274 2129 2316 licentiam,
2157 2274 2228 2307 nisi
2249 2280 2374 2323 essent

498 2343 610 2376 auditi
636 2343 672 2375 in
701 2343 823 2388 rigore
852 2355 917 2388 per
944 2343 1138 2388 magistros
1166 2349 1337 2387 regentes
1364 2349 1456 2375 actu.
1486 2343 1566 2375 Non
1591 2343 1757 2375 fecerunt
1782 2349 1900 2375 tamen
1933 2341 2098 2386 magistri
2122 2340 2302 2374 facultatis
2326 2340 2374 2384 ad

498 2409 565 2443 hoc
598 2409 835 2442 inhibitiones
864 2421 928 2454 per
958 2410 1100 2451 domos,
1136 2416 1191 2442 set
1220 2410 1256 2442 in
1292 2409 1576 2454 congregatione
1613 2409 1777 2454 generali
1806 2409 1895 2441 sacta
1931 2408 2027 2453 apud
2062 2408 2096 2441 S.
2133 2407 2371 2449 Bernardum,

499 2477 705 2509 convocatis
735 2476 779 2509 ad
806 2476 874 2509 hoc
902 2475 1106 2509 scolaribus
1127 2483 1162 2509 et
1183 2476 1379 2521 magistris.
1408 2477 1452 2509 Et
1472 2475 1736 2509 rationabiliter
1761 2475 1830 2508 hoc
1857 2476 1988 2508 factum
2015 2481 2083 2516 est,
2110 2481 2210 2519 pater
2235 2480 2381 2516 sancte,

500 2542 593 2575 sicut
617 2543 760 2575 videtur
785 2543 969 2588 magistris
995 2543 1039 2575 de
1060 2543 1221 2588 predicta
1248 2543 1434 2583 facultate,
1458 2555 1537 2575 nam
1565 2542 1804 2575 cancellarius
1826 2554 1899 2575 non
1926 2541 2035 2574 debet
2059 2553 2124 2586 per
2149 2541 2308 2586 rigorem
2331 2540 2372 2589 vin

500 2609 661 2641 examine
690 2610 797 2641 Beate
825 2609 936 2642 Marie
963 2609 1135 2654 expedire
1162 2609 1317 2654 aliquos,
1346 2610 1417 2642 nisi
1446 2610 1582 2642 fuerint
1611 2609 1723 2642 auditi
1751 2621 1816 2654 per
1842 2608 2037 2653 magistros
2067 2613 2147 2640 actu
2177 2613 2369 2652 regentes;

500 2675 668 2719 quoniam
693 2675 923 2719 privilegium
948 2676 1214 2721 Gregorianum
1244 2683 1299 2709 est
1327 2688 1393 2721 pro
1419 2676 1604 2721 magistris
1631 2676 1669 2708 in
1695 2675 1759 2708 illo
1785 2674 1951 2716 articulo,
1981 2674 2075 2707 sicut
2100 2679 2220 2718 potest
2248 2678 2371 2718 patere

501 2752 564 2785 per
588 2740 684 2773 illam
710 2741 907 2774 clausulam
933 2754 1002 2786 que
1030 2742 1081 2775 sic
1107 2743 1235 2787 incipit
1261 2755 1268 2775 :
1297 2757 1313 2773 «
1341 2744 1393 2775 De
1414 2742 1527 2775 fisicis
1552 2749 1670 2775 autem
1698 2748 1734 2775 et
1757 2741 1893 2774 artistis
1918 2739 2157 2773 cancellarius
2177 2739 2273 2772 bona
2300 2739 2371 2772 fide

501 2807 683 2852 permittet
707 2807 909 2840 examinare
939 2808 1177 2853 magistros²¹,
1208 2814 1272 2842 etc.
1306 2823 1336 2841 ».
1369 2811 1471 2851 Item,
1494 2809 1562 2842 hoc
1589 2808 1724 2842 habent
1748 2807 1912 2853 magistri
1941 2813 2112 2852 regentes
2141 2806 2179 2839 in
2203 2805 2371 2839 facultate

502 2873 676 2917 predicta,
697 2873 741 2906 de
767 2874 1032 2906 consuetudine
1058 2875 1253 2919 approbata
1280 2888 1298 2908 a
1325 2882 1488 2920 tempore
1509 2888 1527 2908 a
1549 2887 1620 2920 quo
1642 2887 1715 2908 non
1743 2880 1838 2907 extat
1866 2873 2051 2906 memoria.
2081 2874 2183 2914 Item,
2206 2871 2371 2917 magistri

501 2940 661 2983 predicte
688 2939 866 2973 facultatis
895 2946 975 2972 actu
1000 2947 1171 2985 regentes
1197 2948 1282 2974 sunt
1307 2948 1341 2974 et
1371 2942 1518 2975 suerunt
1545 2942 1582 2974 in
1608 2941 1846 2987 possessione
1876 2939 2023 2985 pacifica
2049 2938 2158 2984 hujus
2184 2950 2300 2984 usque
2326 2938 2370 2971 ad
