2580 3528
507 414 573 446 416
1102 422 1418 445 CHARTULAMUM
1452 423 1642 446 cmvssas.
1678 416 1806 446 Parus.
2289 415 2390 457 [1260

506 522 784 566 368.Magiste1-
802 532 828 557 T.
847 530 999 566 respondet
1015 530 1156 566 epistolae
1172 539 1257 566 quam
1273 539 1292 556 α
1308 530 1446 565 magistro
1465 532 1493 557 G.
1512 531 1539 557 in
1557 531 1702 566 theologia
1717 531 1843 558 Parisiis
1859 535 1974 567 regente
1990 536 2146 569 receperat.

1807 627 1879 654 vitea
1894 636 1933 654 an.
1951 628 2029 654 1260.

598 701 710 734 Multa
731 700 918 746 prolixitas
939 700 1059 733 atterit
1080 707 1236 732 mentem
1260 712 1388 741 meam,
1416 712 1460 733 ne
1482 707 1543 733 aut
1562 700 1748 745 loquendo
1769 713 1946 747 arrogans
1966 701 2092 735 videar
2112 709 2148 735 et
2172 702 2302 744 elatus,
2329 709 2391 736 aut

510 768 661 802 tacendo
693 768 883 800 amicitiam
915 766 1107 807 offendam,
1140 773 1175 799 et
1203 767 1239 798 in
1270 766 1381 799 corde
1407 779 1488 799 meo
1516 767 1583 800 Dei
1610 767 1798 800 veritatem
1824 767 2057 802 abscondam.
2086 769 2157 802 Sed
2184 769 2294 803 michi
2321 781 2389 815 pro

509 835 637 868 merito
664 841 731 875 est,
759 840 798 867 ut
822 833 866 866 ab
892 833 1048 865 humano
1069 833 1215 877 judicer
1241 833 1312 874 die,
1335 833 1418 877 quia
1440 845 1496 866 me
1522 833 1704 866 Dominus
1724 834 1917 879 judicabit.
1945 835 2032 868 Ideo
2057 835 2214 869 facescat
2237 835 2389 878 invidia,

508 902 612 934 cedat
637 901 755 946 pudor
779 900 947 940 amicitie,
970 900 1103 932 veritas
1130 899 1326 940 reveletur,
1353 906 1392 932 ut
1415 899 1571 932 amicitia
1597 900 1788 942 solidetur,
1816 901 1998 946 quianon
2023 908 2145 946 potest
2169 913 2251 936 esse
2278 914 2389 936 verus

506 968 658 1008 amicus,
680 967 741 1012 qui
764 968 840 999 Deo
862 966 969 999 fuerit
991 966 1139 1007 infidus,
1163 978 1228 998 nec
1250 966 1388 998 amicus
1409 965 1582 1008 hominis,
1604 966 1666 1011 qui
1687 979 1761 1000 non
1782 967 1893 1000 fuerit
1912 967 2050 1001 amicus
2075 968 2193 1013 ipsius
2219 968 2390 1014 primitus

506 1035 679 1068 veritatis.
709 1035 852 1078 Loquar
879 1033 1004 1078 igitur,
1025 1032 1094 1065 etsi
1116 1032 1343 1077 pudibunde,
1370 1033 1535 1077 quamvis
1555 1033 1681 1066 videar
1700 1033 1864 1079 gloriari,
1887 1046 1960 1067 non
1990 1046 2053 1068 ero
2078 1034 2273 1080 insipiens,
2293 1035 2391 1069 veri-

507 1108 612 1134 tatem
640 1101 736 1133 enim
764 1100 894 1141 dicam,
925 1111 998 1131 non
1029 1105 1165 1132 tantum
1197 1099 1383 1132 doctorem
1415 1099 1578 1133 tantillus
1609 1100 1814 1145 discipulus
1843 1113 2019 1146 perverso
2050 1101 2178 1134 ordine
2207 1102 2387 1144 docendo,

506 1167 571 1200 sed
597 1179 641 1199 110
668 1166 846 1199 offendam
875 1166 1067 1198 amicitiam
1093 1166 1181 1198 tanti
1207 1166 1383 1205 doctoris,
1413 1178 1469 1199 me
1495 1167 1590 1211 apud
1617 1168 1696 1211 ejus
1723 1167 1984 1201 conscientiam
2009 1168 2229 1202 excusando.
2257 1169 2389 1203 Grates

505 1235 617 1279 igitur
644 1233 876 1266 multimodas
904 1239 1001 1265 tanto
1031 1232 1171 1265 doctori
1201 1233 1333 1274 refero,
1362 1234 1467 1278 cujus
1498 1233 1705 1267 sublimitas
1733 1241 1768 1267 et
1794 1234 2004 1280 benignitas
2033 1247 2148 1268 meam
2176 1235 2387 1281 parvitatem

507 1302 652 1346 dignata
674 1307 730 1333 est
755 1300 832 1333 suis
854 1299 985 1332 litteris
1005 1299 1167 1341 visitare,
1189 1311 1246 1332 me
1267 1299 1353 1332 licet
1371 1300 1564 1345 indignum
1587 1312 1696 1346 supra
1718 1301 1887 1334 meritum
1908 1301 2077 1344 exaltare,
2100 1308 2136 1335 et
2156 1302 2254 1347 quod
2274 1301 2389 1336 multo

504 1368 643 1414 gratius
669 1374 724 1400 est
749 1379 814 1400 sua
840 1366 949 1399 michi
970 1366 1066 1399 ultro
1088 1378 1161 1399 non
1183 1373 1332 1412 rogatus
1354 1367 1499 1400 offerre.
1524 1367 1638 1400 Miror
1659 1374 1778 1400 tamen
1799 1368 1986 1402 doctorem
2007 1369 2171 1402 veritatis
2197 1369 2388 1415 egregium

503 1436 539 1468 iu
569 1435 679 1468 totius
709 1434 915 1480 patrimonii
943 1434 1156 1479 erogatione
1184 1434 1321 1466 astucia
1348 1433 1550 1479 prudencie
1578 1435 1790 1479 serpentine
1819 1447 1875 1468 me
1903 1435 2030 1468 dolere
2058 1442 2208 1481 stupore
2235 1435 2388 1470 horrido

505 1502 679 1543 caruisse,
709 1513 782 1534 non
810 1501 938 1546 pocius
966 1499 1174 1533 columbine
1205 1500 1448 1546 simplicitatis
1478 1501 1659 1534 defectum
1690 1501 1891 1543 tenuisse¹,
1919 1514 1989 1547 que
2019 1502 2097 1535 sola
2122 1502 2159 1535 in
2189 1509 2389 1548 conspectu

504 1569 684 1603 Altissimi
717 1575 772 1601 est.
800 1568 1002 1613 apparens’
1010 1594 1075 1600 .....
1112 1566 1305 1601 Concludit
1330 1580 1341 1600 .·
1369 1568 1440 1611 Qui
1466 1574 1586 1601 tantos
1611 1568 1711 1602 viros
1740 1568 1777 1601 in
1807 1580 1919 1614 opere
1949 1575 1985 1602 et
2014 1568 2178 1602 doctrina
2208 1569 2389 1614 sequitur,

505 1648 578 1669 11011
613 1642 710 1668 caret
744 1635 936 1680 prudentia
967 1634 1190 1679 serpentina,
1221 1634 1252 1667 si
1281 1646 1368 1668 vero
1398 1635 1509 1667 fuerit
1538 1646 1603 1680 per
1634 1635 1700 1668 Dei
1730 1635 1881 1680 gratiam
1907 1635 2121 1680 simplicitas
2146 1635 2386 1669 columbina⁸.

504 1705 576 1736 Nec
604 1703 803 1736 temeritate
829 1701 886 1735 vel
907 1701 1052 1735 levitate
1078 1701 1332 1734 misericordie
1346 1702 1494 1746 januam
1516 1701 1553 1734 in
1575 1701 1750 1747 operibus
1770 1702 2023 1735 misericordie
2044 1702 2148 1747 quasi
2174 1702 2390 1748 desperatus

504 1770 574 1803 sibi
595 1769 731 1802 claudit
755 1769 821 1802 sed
846 1769 973 1814 aperit,
1002 1768 1063 1813 qui
1089 1774 1171 1801 ante
1198 1768 1326 1801 oculos
1354 1767 1478 1801 talium
1505 1768 1599 1801 dicta
1626 1775 1661 1801 et
1685 1769 1775 1802 sacta
1796 1769 1968 1802 continue
1993 1769 2134 1814 aspicit.
2162 1770 2235 1802 Nec
2260 1769 2389 1804 scissis

504 1837 596 1870 velis
622 1836 770 1877 incedit,
794 1836 865 1868 nisi
887 1842 926 1868 ut
946 1835 1055 1868 intret
1076 1847 1157 1868 cum
1179 1834 1313 1868 talibus
1334 1835 1371 1867 in
1393 1842 1516 1868 sancta
1537 1842 1759 1877 sanctorum,
1783 1847 1850 1869 nec
1870 1826 1981 1869 fracta
2002 1836 2103 1881 pupi,
2125 1836 2194 1869 etsi
2214 1835 2389 1870 fluctibus

506 1904 781 1949 temptationum
803 1902 981 1948 vapulata,
1011 1914 1077 1935 nec
1106 1901 1199 1934 malo
1221 1901 1418 1944 dissoluto,
1447 1901 1508 1947 qui
1536 1914 1578 1935 eo
1601 1902 1742 1948 regitur
1762 1902 1823 1948 qui
1846 1909 1902 1936 est
1922 1903 2017 1936 sicut
2035 1902 2153 1936 malus
2173 1903 2268 1936 inter
2288 1903 2389 1949 ligna

506 1971 692 2011 silvarum,
715 1982 781 2003 nec
803 1969 959 2002 anchora
980 1969 1121 2014 perdita
1142 1969 1250 2002 tantis
1272 1968 1465 2002 sententiis
1487 1975 1627 2014 patrum
1646 1975 1681 2002 et
1700 1969 1890 2014 exemplis,
1912 1975 2081 2014 tanquam
2101 1969 2252 2003 funibus
2272 1959 2388 2004 firmis

504 2044 631 2070 contra
662 2043 896 2082 tempestates
927 2036 1042 2069 seculi
1070 2035 1226 2081 alligata.
1260 2037 1333 2068 Nec
1363 2035 1590 2081 naufragium
1622 2047 1767 2083 passus,
1796 2036 1861 2069 sed
1887 2048 1968 2069 cum
1994 2036 2102 2070 tantis
2131 2036 2345 2070 doctoribus
2369 2049 2389 2070 a

506 2104 695 2149 naufragio
725 2104 872 2137 avaritie
903 2103 1091 2136 liberatus,
1120 2104 1193 2135 Nec
1220 2109 1258 2135 ut
1282 2102 1535 2148 vagabundus,
1564 2102 1630 2136 sed
1659 2103 1695 2135 in
1726 2102 1881 2136 ecclesie
1909 2103 2132 2136 solidissima
2158 2110 2259 2148 petra
2287 2110 2388 2137 stans

506 2172 644 2204 firmus.
673 2172 745 2203 Nec
776 2170 974 2203 freneticus
1004 2169 1063 2203 vel
1090 2169 1377 2211 melanconicus,
1406 2169 1476 2202 nisi
1504 2169 1640 2203 frenesi
1665 2169 1724 2203 vel
1751 2169 1977 2203 inelanconia
2002 2170 2172 2212 seculari,
2197 2182 2267 2215 que
2291 2170 2389 2216 apud

507 2240 620 2271 Deum
650 2237 826 2283 sapientia
854 2243 1055 2282 reputatur,
1087 2236 1152 2269 scd
1179 2235 1326 2269 sobrius
1355 2242 1390 2268 et
1410 2236 1604 2269 discretus.
1637 2237 1710 2269 Nec
1740 2248 1803 2269 cor
1832 2236 1902 2269 tale
1928 2243 1967 2269 ut
1991 2236 2226 2282 parturientis
2255 2237 2390 2282 patitur

506 2305 691 2345 fantasias,
714 2304 780 2337 sed
801 2311 1009 2337 sanctorum
1030 2303 1166 2348 cogitat
1190 2303 1280 2344 vias,
1308 2309 1343 2336 et
1364 2303 1563 2336 sententias
1586 2309 1715 2344 rectas,
1738 2315 1804 2336 nec
1826 2303 1968 2349 indiget
1987 2303 2031 2336 ad
2052 2310 2255 2337 sanctarum
2278 2303 2389 2349 scrip-

505 2379 667 2405 turarum
694 2371 964 2416 indagationem
992 2382 1063 2415 quo
1089 2370 1134 2402 ad
1159 2369 1227 2402 hoc
1250 2376 1289 2402 ut
1308 2369 1476 2402 columba
1498 2370 1647 2403 seducta
1668 2370 1807 2412 reduci,
1830 2370 1892 2415 qui
1913 2369 1957 2403 ab
1982 2370 2047 2403 hac
2068 2382 2139 2415 quo
2161 2370 2205 2403 ad
2225 2370 2293 2404 hoc
2314 2381 2388 2404 non

507 2438 619 2471 valuit
639 2438 840 2470 recessisse
863 2437 1021 2482 probari.
1045 2438 1118 2470 Nec
1140 2437 1176 2469 in
1199 2436 1259 2469 tali
1285 2436 1463 2470 sacrificio
1491 2436 1543 2469 sal
1570 2436 1703 2478 deficit,
1731 2437 1799 2470 etsi
1821 2436 2187 2482 superhabundanter
2211 2437 2245 2470 ei
2265 2437 2386 2479 fuerit,

508 2505 575 2537 etsi
603 2504 738 2537 mundo
765 2504 812 2537 sit
839 2504 875 2536 in
902 2503 1140 2548 obprobrium
1169 2510 1205 2536 et
1230 2503 1405 2536 derisum.
1434 2503 1505 2536 Sed
1531 2509 1566 2536 et
1586 2503 1720 2536 Paulus
1741 2503 1877 2536 mundo
1904 2504 2020 2537 factus
2046 2510 2102 2536 est
2126 2503 2386 2548 spectaculum,

510 2583 581 2603 non
605 2577 722 2603 tamen
743 2569 1035 2615 intelligentibus
1056 2570 1219 2603 veritatis
1241 2569 1448 2603 consilium.
1472 2571 1545 2602 Nec
1566 2570 1603 2602 in
1624 2569 1692 2603 hoc
1714 2576 1770 2603 est
1787 2569 2001 2611 timendum,
2022 2569 2105 2615 quia
2126 2570 2157 2603 si
2177 2569 2388 2603 hominibus

510 2637 679 2681 placeret,
709 2636 844 2670 Christi
875 2648 1004 2670 servus
1030 2636 1185 2681 qualiter
1210 2638 1336 2669 esset?
1365 2638 1439 2670 Nec
1466 2636 1658 2669 confundit
1684 2636 1833 2678 amicos,
1859 2636 1925 2669 sed
1951 2636 2182 2682 dampnificat
2205 2636 2387 2678 inimicos,

512 2715 577 2735 nec
600 2703 704 2735 telam
727 2709 916 2747 antequam
940 2703 1102 2736 ordiatur
1123 2703 1291 2745 succidit,
1313 2703 1379 2736 sed
1399 2703 1513 2736 ordiri
1535 2703 1675 2748 incipit,
1698 2715 1742 2736 ne
1763 2702 1873 2737 velud
1894 2703 2119 2736 infructuosa
2139 2702 2247 2736 arbor
2268 2703 2389 2736 securi

512 2769 692 2802 dominica
720 2769 937 2801 succidatur.
966 2770 1079 2802 Miror
1104 2770 1216 2815 igitur
1245 2769 1428 2803 hominem
1455 2782 1581 2803 verum
1610 2769 1795 2803 doctorem
1824 2769 2014 2815 egregium
2040 2769 2108 2802 hec
2133 2769 2254 2802 dicere
2277 2781 2283 2802 :
2308 2784 2324 2801 «
2347 2770 2389 2802 ln

514 2836 574 2868 tali
599 2836 691 2868 facto
718 2835 844 2867 dolore
870 2835 991 2868 cordis
1022 2836 1242 2869 intrinsecus
1266 2837 1376 2882 tangi,
1404 2836 1588 2870 horrendo
1610 2843 1760 2881 stupore
1791 2836 1986 2882 repercuti,
2013 2848 2057 2869 ex
2083 2836 2221 2869 intimis
2248 2835 2387 2878 dolere,

514 2902 712 2947 prudencia
741 2913 797 2933 me
828 2901 1036 2946 serpentina
1062 2902 1224 2935 caruisse
1254 2917 1284 2944 »,
1312 2903 1383 2936 nisi
1410 2915 1487 2936 mee
1518 2892 1593 2936 hec¹
1613 2902 1761 2948 scripsit
1789 2902 2042 2948 compatiendo
2073 2902 2285 2944 infirmitati,
2314 2914 2388 2935 non

516 2968 776 3014 prejudicando
806 2968 843 3000 in
872 2967 993 3012 aliquo
1022 2968 1175 3009 veritati,
1208 2969 1306 3013 quod
1333 2969 1541 3014 gratissime
1569 2969 1779 3015 amplector,
1811 2969 1895 3015 quia
1921 2969 2095 3015 corripiet
2121 2981 2176 3002 me
2199 2970 2323 3014 justus
2349 2968 2388 3001 in
