2580 3528
490 408 555 441 282
1070 413 1388 437 cnianuLAmUM
1423 411 1614 434 L'NtVERS.
1653 411 1781 432 rmus.
2263 401 2362 442 [1255

491 491 759 524 Predicatorum
791 497 825 523 ct
848 516 868 522 ..
894 489 1093 535 guardiano
1115 488 1296 521 Minorum
1324 487 1472 519 fratrum
1504 484 1764 517 Parisiensium
1787 495 1888 517 suam
1919 484 1963 517 ad
1994 484 2118 517 sedem
2147 485 2360 530 predictam,

491 557 670 602 refugium
701 568 974 602 oppressorum,
1005 553 1254 587 deserentibus
1281 552 1523 597 questionem,
1555 550 1653 595 quod
1680 561 1746 583 vos
1772 550 1964 583 occasione
1992 556 2207 584 statutorum
2233 550 2361 596 hujus—

490 622 600 665 modi,
623 636 641 656 a
662 623 766 656 vobis
788 623 840 655 eis
862 621 1019 654 exclusis
1041 632 1105 665 pro
1126 626 1247 653 vestro
1267 618 1370 651 libito
1392 617 1571 650 editorum
1594 617 1695 662 ipsos
1717 623 1753 649 et
1771 616 1927 650 liberum
1949 617 2023 650 ac¹⁰
2045 617 2206 662 quietum
2228 624 2358 651 statum

490 690 699 723 eorumdem
730 689 896 722 ordinum
932 687 1186 732 magistrorum
1218 692 1253 718 et
1280 685 1429 717 fratrum
1464 683 1626 716 Parisius
1658 683 1780 716 studio
1810 683 2063 717 insistencium
2096 695 2136 718 ac
2165 684 2358 718 scolarium

489 769 636 790 suorum
663 755 823 789 indebite
850 753 1095 791 turbabatis¹¹,
1125 752 1284 797 prefatus
1310 750 1547 783 Innocentius
1568 762 1635 783 nec
1656 750 1856 795 expediens
1882 757 2055 796 reputans
2078 762 2198 796 neque
2225 751 2360 784 decens

488 823 661 868 predictis
687 821 911 855 ordinibus¹²
941 831 1132 865 pressuras
1159 817 1369 862 hujusmodi
1395 817 1453 850 vel
1481 816 1667 850 molestias
1694 817 1851 863 irrogari
1877 816 1984 851 vobis
2004 817 2082 851 suis
2107 817 2208 851 dedit
2227 817 2360 851 litteris

487 890 523 922 in
546 889 733 929 mandatis,
756 894 791 920 ut
813 887 856 920 ab
878 887 1040 932 ipsorum
1062 884 1287 930 quibuslibet
1307 884 1412 917 novis
1433 883 1598 916 molestis
1619 890 1653 916 et
1673 883 1999 929 inquietationibus
2020 884 2194 930 predictis
2215 885 2360 918 statutis

486 967 709 1000 nequaquam
738 953 967 987 obstantibus
998 952 1218 985 desistentes
1248 949 1359 983 nichil
1390 950 1536 995 penitus
1566 962 1685 995 usque
1714 950 1758 983 ad
1787 950 1919 984 festum
1951 950 2225 996 Assumptionis
2254 950 2359 985 beate

484 1021 647 1066 Virginis
677 1020 840 1065 proximo
870 1026 955 1052 tunc
983 1025 1173 1051 venturum
1200 1017 1237 1049 in
1266 1029 1391 1050 eorum
1411 1016 1470 1050 vel
1499 1017 1644 1062 pristini
1666 1023 1780 1050 status
1807 1017 1970 1062 ipsorum
1993 1017 2256 1063 presumeretis
2276 1029 2359 1063 pre-

478 1088 655 1132 judicium
686 1086 945 1131 attemptareffl.
978 1087 1019 1118 Et
1049 1084 1218 1129 quoniam
1244 1084 1339 1117 inter
1363 1095 1428 1117 vos
1455 1090 1491 1117 et
1513 1084 1644 1117 fratres
1674 1084 1834 1129 prefatos
1854 1083 1950 1117 idem
1974 1085 2001 1117 Ι.
2025 1096 2169 1117 omnem
2197 1083 2358 1118 scandali

483 1161 517 1187 et
543 1153 725 1186 discordie
755 1152 923 1198 cupiebat
952 1151 1134 1184 materiam
1166 1157 1364 1196 amputare,
1391 1157 1430 1184 ut
1453 1150 1522 1184 sub
1548 1150 1695 1184 vinculo
1723 1151 1822 1196 pacis
1852 1150 2013 1196 pacificis
2041 1151 2193 1184 scientie
2225 1151 2358 1185 studiis

480 1220 665 1261 vacaretis,
689 1219 906 1264 supradictis
927 1218 1110 1263 episcopis
1136 1229 1201 1263 per
1226 1229 1291 1251 sua
1311 1218 1445 1263 scripta
1470 1217 1664 1259 mandavit,
1688 1223 1726 1250 ut
1746 1224 1816 1250 tam
1835 1229 1902 1251 vos
1923 1229 2029 1263 quam
2053 1218 2183 1251 fratres
2203 1218 2353 1251 eosdem

480 1299 523 1320 ex
547 1293 646 1332 parte
670 1299 734 1319 sua
761 1285 1004 1331 peremptorie
1032 1285 1141 1318 citare
1167 1291 1349 1326 curarent,
1376 1284 1475 1329 quod
1495 1284 1532 1317 in
1554 1284 1735 1330 premisso
1761 1284 1855 1318 festo
1881 1284 1953 1317 nisi
1979 1296 2090 1330 super
2114 1284 2186 1318 hiis
2211 1284 2355 1318 interim

479 1353 687 1398 proveniret
711 1352 905 1385 concordia
933 1363 997 1397 per
1024 1357 1279 1396 procuratores
1307 1351 1462 1384 idoneos
1493 1351 1538 1384 ad
1568 1351 1686 1396 ipsius
1714 1351 1934 1396 presentiam
1963 1351 2153 1393 veniretis,
2182 1357 2222 1384 ut
2246 1362 2358 1396 super

480 1420 669 1466 premissis
697 1419 794 1464 quod
822 1419 922 1460 utile,
950 1418 1096 1451 salubre
1123 1430 1162 1451 ac
1190 1418 1414 1452 conveniens
1441 1418 1682 1463 prospiceret,
1709 1423 1856 1451 auctore
1884 1418 2040 1451 Domino
2068 1418 2266 1459 ordinaret,
2289 1429 2357 1451 nec

479 1487 729 1532 permitterent
767 1486 875 1519 iidem
915 1485 1078 1530 episcopi
1117 1485 1246 1518 fratres
1286 1485 1436 1518 eosdem
1471 1497 1489 1517 a
1523 1484 1628 1518 vobis
1664 1491 1787 1518 contra
1822 1484 2002 1530 premissa
2036 1484 2157 1517 medio
2192 1491 2357 1530 tempore

480 1553 707 1587 molestat-W.
741 1553 905 1597 Denique
941 1552 1035 1585 Idem
1068 1552 1310 1597 predecessor
1343 1558 1458 1585 morte
1489 1557 1686 1597 preventus
1716 1551 1829 1584 nichil
1859 1551 1977 1596 potuit
2003 1552 2104 1596 juxta
2139 1551 2238 1597 pium
2269 1563 2357 1584 con-

480 1628 621 1666 ceptum
642 1620 751 1653 animi
779 1620 835 1653 sui
862 1631 971 1664 super
997 1619 1124 1652 eodem
1147 1619 1295 1664 negotio
1324 1618 1480 1651 diffinire
1502 1618 1628 1663 sicque
1650 1630 1718 1651 nos
1741 1617 1870 1651 habuit
1889 1618 1926 1650 in
1945 1617 2156 1663 hujusmodi
2178 1617 2357 1651 sollicitu-

479 1687 575 1720 dinis
602 1699 686 1719 cura
714 1687 808 1719 sicut
834 1693 869 1719 et
895 1686 931 1718 in
961 1686 1092 1719 ceteris
1120 1685 1312 1731 pastoralis
1342 1685 1511 1731 angustie
1541 1684 1729 1718 laboribus
1759 1684 1846 1717 licet
1874 1684 2076 1718 immeritos
2103 1696 2352 1718 successores.

477 1755 608 1787 Vestro
630 1754 750 1798 itaque
772 1753 957 1786 sufficiens
978 1753 1021 1785 ad
1050 1752 1316 1786 ordinationem
1345 1751 1616 1797 suscipiendam
1642 1751 1799 1784 habente
1820 1750 2027 1784 mandatum
2053 1757 2089 1784 et
2107 1751 2354 1796 predictorum

478 1821 610 1866 prioris
657 1827 691 1853 et
724 1820 872 1853 fratrum
912 1819 1210 1865 procuratoribus
1246 1831 1389 1852 necnon
1426 1826 1461 1852 et
1500 1819 1633 1852 dilecto
1678 1818 1752 1851 filio
1788 1817 1962 1863 magistro
1997 1817 2147 1851 Ordinis
2186 1817 2356 1851 Predica—

478 1889 639 1928 torum¹‘,
671 1887 732 1931 qui
761 1899 841 1919 cum
873 1886 945 1919 illis
978 1886 1183 1931 postulabat
1212 1885 1280 1919 hoc
1312 1886 1432 1931 ipsum
1463 1886 1500 1918 in
1528 1892 1651 1919 nostra
1684 1885 1927 1918 constitutisv*
1957 1884 2153 1930 presentia,
2176 1884 2354 1930 premissa

478 1954 596 1986 omnia
617 1960 652 1986 et
677 1965 872 1998 processus
901 1952 1044 1986 habitos
1072 1953 1269 1998 diligenter
1299 1953 1538 1998 inspeximus,
1566 1964 1795 1997 quecumque
1821 1952 1857 1984 in
1884 1951 2065 1984 auditorio
2091 1957 2217 1984 nostro
2243 1962 2355 1996 super

477 2020 547 2053 hiis
578 2008 757 2065 utrimque
787 2020 887 2053 suere
921 2020 1107 2065 proposita
1142 2019 1389 2053 intelleximus
1420 2019 1629 2065 diligenter.
1667 2020 1710 2051 Et
1748 2018 1892 2051 tandem
1928 2029 1993 2063 per
2026 2018 2119 2052 viam
2150 2017 2250 2063 pacis
2284 2029 2354 2063 qua

479 2098 674 2132 processus
708 2093 763 2119 est
796 2087 909 2132 gratie
943 2087 987 2119 ad
1025 2086 1268 2119 dirimendum
1303 2086 1397 2119 inter
1435 2093 1557 2131 partes
1592 2092 1716 2118 exorte
1755 2084 2004 2118 controversie
2040 2084 2248 2129 scrupulos,
2284 2095 2353 2118 nos

478 2153 632 2186 Domino
661 2153 855 2198 dirigente,
881 2153 999 2198 aliqua
1025 2165 1067 2186 ex
1094 2153 1284 2198 premissis
1310 2152 1605 2185 ordinationibus
1631 2158 1665 2186 et
1691 2151 1834 2185 statutis
1855 2163 1872 2184 a
1895 2150 2001 2185 vobis
2027 2150 2150 2193 editis,
2171 2154 2240 2184 ut¹⁷
2261 2150 2353 2184 salu-

478 2219 579 2252 brius
610 2226 775 2252 maneant
800 2226 835 2252 et
860 2220 985 2253 utilius
1012 2219 1258 2252 commoditati
1284 2219 1476 2265 proficiant
1501 2218 1678 2264 generali,
1710 2218 1755 2252 de
1784 2219 1934 2251 fratrum
1962 2223 2171 2251 nostrorum
2197 2216 2353 2251 consilio

479 2286 697 2318 moderanda
718 2286 956 2331 providimus,
987 2293 1105 2319 cetera
1126 2298 1212 2319 vero
1239 2298 1283 2319 ne
1309 2286 1431 2331 rigore
1453 2285 1694 2318 districtionis
1715 2285 1887 2318 unitatem
1913 2283 2181 2317 communionis
2207 2295 2352 2329 exaspe-

479 2359 558 2385 rent
582 2353 789 2385 rcsccanda.
819 2353 959 2385 Etenim
981 2353 1075 2385 circa
1098 2353 1133 2385 id
1154 2353 1252 2398 quod
1280 2359 1438 2386 statuere
1464 2352 1646 2393 voluistis,
1673 2363 1717 2385 ne
1745 2351 1843 2384 ullus
1869 2350 2067 2396 religiosus
2092 2350 2232 2383 nullum
2257 2349 2352 2383 Pari-

479 2419 555 2451 sius
589 2419 726 2452 habens
761 2419 955 2464 collegium
988 2426 1022 2452 et
1050 2420 1168 2464 ajure
1202 2419 1347 2464 publice
1383 2419 1516 2452 docere
1551 2418 1758 2464 prohibitus
1789 2418 1826 2451 in
1860 2417 2117 2463 magistrorum
2154 2416 2350 2462 collegium

479 2485 659 2518 ullatenus
687 2486 904 2527 admittatur,
932 2493 967 2519 et
992 2486 1136 2531 singula
1162 2486 1420 2532 religiosorum
1447 2485 1602 2531 collegia
1633 2485 1791 2531 singulis
1820 2484 2004 2530 magistris
2030 2490 2111 2517 actu
2136 2482 2351 2529 regentibus

480 2558 515 2583 et
543 2552 646 2584 unica
674 2552 771 2584 scola
801 2552 969 2585 decetero
1000 2553 1070 2585 sint
1100 2559 1281 2594 contenta,
1312 2552 1579 2586 consideranda
1610 2551 1718 2585 nohis
1746 2563 1786 2585 ea
1817 2551 2013 2596 diligenter
2043 2556 2250 2591 occurrunt,
2279 2561 2351 2594 que

481 2624 698 2650 memoratus
724 2618 926 2663 Gregorius
955 2619 1049 2651 circa
1077 2626 1207 2652 statum
1238 2619 1431 2652 scolarium
1461 2625 1496 2651 et
1522 2618 1702 2651 scolarum
1730 2617 1991 2650 parisiensium
2018 2616 2189 2649 statuisse
2218 2615 2352 2649 dicitur

481 2682 751 2724 observanda⁴³,
782 2684 951 2717 videlicet
975 2685 1072 2729 quod
1092 2685 1246 2730 quilibet
1265 2685 1503 2718 cancellarius
1529 2684 1746 2718 Parisiensis
1774 2683 1948 2728 deinceps
1981 2681 2160 2715 creandus
2187 2693 2305 2715 coram
2326 2708 2347 2715 ..

481 2748 653 2794 episcopo
682 2749 739 2782 vel
767 2749 810 2782 de
838 2750 954 2794 ipsius
981 2751 1147 2784 mandato
1175 2752 1212 2784 in
1233 2751 1390 2797 capitulo
1419 2751 1615 2784 Parisiensi
1642 2750 1778 2784 vocatis
1806 2750 1851 2783 ad
1875 2749 1943 2782 hoc
1969 2755 2005 2782 et
2028 2747 2262 2794 presentibus
2283 2759 2350 2793 pro

483 2815 714 2847 universitate
747 2815 939 2848 scolarium
973 2817 1116 2850 duobus
1146 2818 1330 2863 magistris
1360 2818 1398 2851 in
1431 2830 1495 2851 sua
1529 2817 1758 2850 institutione
1788 2815 1937 2861 jurabit,
1974 2814 2071 2860 quod
2105 2814 2149 2847 ad
2184 2814 2349 2859 regimen

483 2880 665 2926 theologie
705 2893 744 2914 ac
787 2882 1013 2914 decretorum
1055 2883 1149 2916 bona
1190 2884 1261 2917 fide
1303 2884 1504 2917 secundum
1546 2883 1805 2917 conscientiam
1847 2893 1947 2915 suam
1988 2881 2070 2914 loco
2111 2887 2147 2914 et
2185 2887 2349 2926 tempore

482 2947 681 2979 secundum
704 2954 832 2980 statum
859 2948 1012 2981 civitatis
1038 2956 1073 2982 et
1097 2949 1271 2983 honorem
1298 2963 1337 2983 ac
1365 2950 1590 2984 honestatem
1622 2949 1828 2982 facultatum
1858 2948 2016 2993 ipsarum
2037 2959 2111 2980 non
2132 2947 2202 2980 nisi
2225 2946 2347 2992 dignis

605 3005 643 3027 86.
