2580 3528
1113 415 1281 438 τΑΒυιΑ.
2066 409 2131 443 681

255 530 302 555 516
555 531 678 556 Octobris
694 532 724 556 24
775 533 919 557 Gaul'ridus
929 533 1070 565 presbyter
1079 533 1222 557 cardinalis
1235 533 1334 558 decano
1346 536 1373 557 et
1384 533 1501 565 capitulo
1511 534 1595 558 Paris.
1608 537 1698 557 notum
1712 535 1773 558 fucit
1785 535 1912 567 quidquid
1926 545 2045 560 summus

806 577 924 610 pontifex
935 577 962 602 in
975 585 1056 602 causa
1068 578 1102 602 ab
1115 577 1294 602 Universitate
1305 581 1397 602 contra
1408 578 1596 602 cancellarium
1609 578 1692 602 Paris.
1707 579 1860 611 Philippum
1872 580 1904 603 de
1917 580 2045 604 Thon-iaco

806 625 878 646 mota
903 622 1061 647 definiverit.
1083 639 2045 649 ......................................
2089 626 2135 649 62³

255 677 302 701 5¹7
549 679 702 703 Decembris
718 680 731 703 7
775 680 909 704 Johannes
930 680 1071 711 Peckham,
1090 679 1308 712 archiepiscopus
1329 680 1537 708 Cantuariensis,
1556 680 1715 704 cancellario
1738 680 1880 704 Oxoniensi
1900 682 1993 705 scribit
2015 682 2046 705 dc·

807 724 967 757 quibusdam
979 724 1158 756 opinionibus,
1172 732 1238 756 quas
1248 724 1364 748 Thomas
1376 724 1409 748 de
1421 725 1523 757 Aquino
1535 724 1599 748 olim
1611 725 1721 754 Parisiis
1734 725 1845 749 arbitrio
1858 725 2046 757 magistrorum

807 769 950 793 Parisiens.
966 769 1087 800 subjecit,
1102 777 1243 801 amal-eque
1257 769 1290 793 de
1304 768 1432 793 fratribus
1447 769 1677 793 Praedicatoribus
1691 769 1861 801 conqueritur
1863 787 2046 793 ........
2090 771 2135 793 624

256 823 302 847 518
565 826 688 850 Januarii
703 826 722 849 1-
775 826 909 851 «lohannes
929 826 1068 855 Peckham,
1084 826 1300 858 archiepiscopus
1320 826 1528 855 Cantuaricnsis,
1544 826 1576 850 de
1593 827 1685 850 eodem
1704 830 1860 858 argumento
1863 844 2046 851 ........
2090 829 2137 851 626

256 881 304 905 5¹⁹
550 883 688 908 Februarii
703 884 733 908 18
776 884 908 909 Guarinus
922 884 1006 908 abbas
1027 887 1053 908 et
1070 884 1244 908 cancellarius
1259 884 1285 908 S.
1302 883 1450 908 Genovel'ae
1464 883 1640 908 servientibus
1658 884 1844 908 Universitatis
1859 884 1943 908 Paris.
1959 884 2047 916 injun-

807 932 874 961 gunt
901 932 931 953 ut
954 929 988 952 ad
1012 929 1179 961 singulorum
1204 928 1321 961 hospitia
1344 929 1496 953 accedean
1520 928 1627 952 nomina
1649 929 1766 952 omnium
1789 928 1997 952 cohabitantium
2021 929 2047 952 in

808 973 916 1005 scriptis
934 973 1058 1005 redigant
1071 976 1096 997 et
1110 973 1144 997 ab
1159 972 1197 997 eis
1212 973 1258 1005 qui
1271 981 1323 997 non
1338 973 1475 997 solverunt
1493 973 1588 997 bursas
1605 972 1681 1005 juxta
1700 973 1854 997 mandatum
1872 973 2047 1005 apostolicum

809 1017 932 1050 exigant.
955 1034 2046 1043 ...........................................
2091 1018 2138 1042 628

257 1073 304 1096 520
556 1075 726 1100 Febr.-Mart.
777 1075 971 1099 Canonicorum
984 1075 1174 1099 Parisicnsium
1192 1075 1316 1103 rationes.
1333 1075 1366 1099 ob
1381 1083 1447 1107 quas
1462 1083 1514 1099 non
1528 1078 1680 1099 tenerentur
1693 1075 1860 1099 contribuere
1874 1075 1901 1099 in
1915 1075 2046 1107 expensis,

809 1128 875 1152 quas
890 1128 939 1152 pro
954 1119 1140 1144 Universitatis
1155 1119 1239 1143 Paris.
1252 1119 1366 1151 negotiis
1381 1119 1514 1143 interdum
1528 1119 1585 1143 fieri
1599 1119 1729 1151 contingit
1730 1137 2046 1144 .............
2092 1121 2139 1144 629

257 1175 302 1199 521
597 1177 691 1202 uun-tio
777 1177 930 1210 Capitulum
951 1177 1100 1202 Parisiense
1120 1185 1198 1209 opem
1218 1177 1362 1201 cardinalis
1381 1177 1514 1201 Benedicti
1533 1177 1651 1209 Cajetani
1670 1180 1762 1201 contra
1780 1177 1966 1210 oppressiones
1985 1177 2048 1202 Phi-

808 1222 877 1254 lippi
891 1222 927 1246 111
943 1222 1014 1253 regis
1028 1225 1054 1246 et
1068 1221 1255 1246 Universitatis
1270 1221 1428 1246 Parisiensis
1444 1221 1577 1253 implorat.
1602 1238 2049 1247 ..................
2092 1222 2137 1246 631

257 1277 304 1301 522
531 1301 533 1305 .
591 1279 665 1304 Junii
680 1279 692 1303 1
778 1279 910 1303 Honorius
925 1280 959 1303 1v
973 1279 1086 1303 Ranull'o
1105 1279 1231 1311 episcopo
1250 1279 1394 1303 parisiensi
1408 1279 1523 1311 injungit
1537 1279 1684 1311 provideat,
1700 1282 1728 1303 ut
1743 1279 1770 1303 in
1784 1279 1933 1311 praesentia
1949 1279 2049 1304 Nicolai

809 1323 961 1348 cancellarii
982 1326 1008 1347 et
1027 1323 1217 1355 magistrorum
1235 1323 1321 1348 Paris.
1337 1323 1461 1355 Aegidius
1481 1324 1623 1351 Romanus.
1644 1323 1707 1348 ord.
1728 1323 1835 1348 Eremit.
1857 1324 1883 1348 S.
1900 1323 2048 1356 Augustini¹

809 1368 870 1392 illas
889 1368 1028 1400 opiniones
1048 1371 1160 1396 revocet,
1176 1376 1243 1400 quas
1257 1367 1330 1396 olim,
1347 1367 1456 1391 Parisiis
1471 1367 1610 1396 exsistens,
1626 1376 1750 1392 revocure
1769 1368 1859 1392 debuit
1862 1385 2048 1393 ........
2094 1369 2142 1392 633

257 1424 304 1448 52³
778 1426 912 1451 Johanncs
938 1425 1079 1454 Peckham,
1108 1425 1325 1457 archiepiscopus
1353 1425 1560 1454 cantuariensis,
1589 1425 1695 1450 Olivero
1723 1425 1848 1457 episcopo
1875 1426 2050 1450 Lincolnionsi

810 1473 902 1495 narrat
918 1470 1034 1503 qualiter
1051 1470 1109 1502 ipse
1123 1473 1202 1502 atque
1217 1469 1340 1501 magistri
1354 1469 1517 1493 Parisienses
1532 1478 1592 1493 cum
1607 1471 1688 1494 fratre
1702 1470 1803 1494 Thomu
1822 1470 1855 1494 ‹lc
1873 1470 1975 1502 Aquino
1994 1470 2050 1494 dis-

809 1514 971 1547 putaverint,
986 1514 1118 1546 simulque
1137 1514 1279 1538 discrimen
1294 1514 1363 1538 inter
1377 1513 1482 1538 scholas
1501 1514 1630 1538 Ordinum
1645 1514 1775 1538 Minor-nm
1793 1517 1817 1538 et
1837 1514 2050 1538 Praedicatorum

809 1559 936 1584 describit
938 1574 2050 1583 ............................................
2094 1559 2140 1582 63¹0

259 1614 304 1638 52¹¹
779 1617 953 1646 Raimundns,
977 1616 1062 1640 abbas
1081 1617 1108 1640 S.
1129 1616 1254 1641 Germani
1278 1616 1310 1640 de
1329 1616 1425 1645 Pratis,
1447 1619 1539 1640 notum
1561 1616 1631 1645 facit,
1648 1624 1676 1640 se
1694 1619 1830 1648 totumque
1849 1620 2005 1640 conventum
2026 1616 2051 1640 in

811 1661 1082 1693 recompensationem
1099 1660 1276 1693 quadraginta
1295 1660 1356 1684 libr.
1372 1663 1470 1690 turon„
1485 1669 1551 1693 quas
1568 1660 1739 1685 Universitati
1754 1661 1897 1684 Parisiensi
1916 1661 2052 1684 occasione

811 1705 985 1730 contentionis
1005 1708 1079 1730 ortae
1097 1705 1166 1729 inter
1180 1704 1386 1730 Universitatem
1405 1709 1431 1730 et
1449 1708 1606 1729 conventum
1626 1705 1731 1729 tradere
1749 1705 1905 1735 debuerunt,
1921 1705 2052 1729 nundinas

812 1758 874 1774 suas
885 1750 941 1782 regi
951 1749 1086 1774 dimisisse
1088 1766 2051 1775 ......................................
2095 1750 2142 1773 635

260 1806 306 1830 525
629 1821 661 1826 —-—
780 1807 928 1832 Matthaeus
943 1807 1027 1832 abbas
1042 1807 1068 1831 S.
1085 1807 1204 1839 Dionysii
1219 1810 1246 1831 et
1259 1806 1350 1831 Simon
1364 1807 1396 1831 de
1410 1807 1524 1839 Nigella,
1540 1810 1656 1831 tenentes
1671 1807 1759 1831 locum
1773 1807 1872 1831 domini
1887 1807 1958 1839 regis
1974 1807 2052 1831 Fran·

811 1860 912 1881 corum,
925 1852 958 1876 de
969 1852 1060 1876 eodem
1073 1854 1230 1883 argumento
1232 1868 2050 1877 ................................
2096 1852 2143 1874 636

260 1908 307 1932 526
566 1909 678 1942 Augusti
694 1910 724 1933 28
781 1910 934 1942 Capitulum
957 1909 1107 1934 Parisiense
1132 1909 1259 1933 fratribus
1285 1909 1348 1933 Ord.
1378 1909 1486 1933 Eremit.
1509 1909 1535 1933 S.
1562 1909 1702 1941 Augustini
1724 1909 1834 1933 Parisiis
1853 1909 1939 1932 locum
1963 1909 2053 1932 vendit

812 1954 893 1979 sitnm
907 1954 935 1978 in
950 1953 1091 1978 Cardineto
1094 1970 2050 1978 .....................................
2095 1953 2142 1976 637

261 2010 307 2035 ⁶²7
561 2011 682 2037 Janaarii
698 2012 728 2036 2³
782 2012 894 2037 Litterae
914 2011 1023 2036 lionorii
1041 2019 1127 2044 papae
1142 2011 1176 2035 lv
1190 2011 1223 2035 nd
1238 2010 1374 2035 Nicolaum
1388 2010 1575 2035 cancellarium
1592 2011 1777 2040 Parisiensem,
1793 2011 1897 2043 quibus,
1914 2011 1947 2034 nd
1965 2019 2052 2035 exem—

812 2057 887 2089 plum
901 2056 1056 2089 pontificum
1075 2055 1220 2080 innocentii
1235 2055 1277 2084 lv,
1292 2055 1432 2079 Alexandri
1449 2055 1490 2084 lv,
1506 2055 1647 2080 Clementis
1663 2055 1697 2079 lV
1711 2058 1737 2079 et
1750 2055 1872 2087 Gregorii
1887 2056 1916 2084 Χ,
1932 2055 2053 2088 providet

813 2104 842 2125 ut
860 2101 959 2130 clerici,
975 2101 1002 2125 in
1017 2100 1129 2125 Arabica
1148 2100 1239 2132 lingua
1254 2102 1280 2123 et
1294 2099 1320 2123 in
1335 2100 1429 2124 ceteris
1443 2100 1560 2132 partium
1574 2099 1749 2124 Orientalium
1768 2099 1867 2132 linguis
1886 2099 1991 2128 eruditi,
2007 2100 2052 2132 qui

813 2145 932 2170 Pax-isius
951 2144 1132 2174 mittebantur,
1152 2152 1202 2177 pro
1221 2144 1431 2168 necessariorum
1450 2144 1553 2168 delectu
1571 2144 1606 2168 ab
1625 2144 1729 2176 incepto
1748 2144 1837 2168 studio
1855 2144 1982 2168 desistere
2002 2152 2052 2167 non

813 2193 943 2223 cogantur
944 2205 2051 2214 ...........................................
2096 2188 2143 2211 636

261 2246 308 2270 ⁶2⁸
782 2247 896 2272 Litterae
910 2247 1019 2272 lionorii
1034 2247 1068 2271 lv
1082 2247 1116 2271 ad
1129 2246 1277 2271 Johannem
1291 2250 1378 2279 apost.
1395 2246 1466 2270 sedis
1479 2246 1605 2279 legatum,
1621 2246 1717 2279 quibus
1733 2246 1879 2270 decisiones
1899 2246 2004 2270 Martini
2020 2246 2052 2270 lv

812 2295 839 2316 et
857 2299 920 2316 suas
939 2291 1009 2315 circa
1023 2299 1177 2324 processum
1192 2291 1379 2316 Universitatis
1394 2290 1552 2315 Parisiensis
1567 2294 1658 2314 contrn
1671 2290 1858 2314 cancellarium
1877 2290 2051 2314 Parisiensem

813 2339 888 2360 notas
911 2335 974 2360 facit
975 2351 2051 2360 ..........................................
2096 2334 2144 2358 639

262 2394 309 2417 ⁵2⁹
781 2393 908 2426 Magister
919 2393 1058 2418 Eustacius
1071 2393 1103 2417 de
1115 2392 1300 2422 Gran-neuris,
1313 2392 1383 2416 vices
1396 2400 1490 2424 gerens
1503 2392 1622 2425 episcopi
1635 2392 1848 2421 Sihanectensis,
1859 2391 2052 2415 conservatoris

813 2438 1015 2470 privilegiorum
1029 2437 1216 2462 Universitatis
1231 2437 1384 2465 Parisiens.,
1398 2437 1425 2461 P.
1440 2436 1555 2461 scholari
1568 2436 1711 2461 Parisiensi
1723 2436 1899 2469 patrocinium
1914 2436 2051 2468 impendit.
2095 2435 2143 2460 6¹⁵2

782 2495 921 2520 Librorum
945 2495 1094 2527 theologiae
1116 2498 1142 2519 et
1164 2494 1350 2527 philosophiae
1373 2498 1399 2519 et
1419 2494 1488 2527 juris
1511 2494 1626 2526 pretium
1649 2493 1683 2518 ab
1709 2494 1886 2519 Universitate
1910 2493 2052 2518 Parisiensi

814 2543 931 2564 taxatum
946 2539 1017 2572 quod
1032 2539 1128 2564 debent
1142 2538 1240 2563 huben·
1254 2538 1359 2563 librarii
1373 2547 1422 2571 pro
1437 2538 1581 2571 exemplari
1601 2538 1768 2563 commodato
1787 2538 1964 2562 scholaribus.
1988 2555 1995 2562 .
2019 2555 2026 2562 .
2044 2555 2051 2562 .
2096 2538 2142 2561 Μ’·

391 3015 486 3041 crum.
507 3015 586 3041 Unio.
603 3015 698 3041 Par-ts.
716 3014 735 3039 Ι.
1989 3012 2020 3034 m
